3204 5104
429 351 519 413 lunnx
541 369 707 414 suerronvu
730 321 909 415 susurrium
928 351 1021 413 4868.
1246 335 1321 410 389

125 539 292 602 sanbonus
315 540 355 602 ad
378 539 448 603 lulli
473 539 640 621 Capitolini
663 538 915 603 numericam
938 541 1160 622 philosophum
1184 560 1252 622 cap.
1281 541 1319 602 t3

126 643 187 704 hoc
210 641 369 706 distichon
391 640 579 725 adscripsit,
609 642 694 724 quod
717 639 793 704 dicit
816 661 885 706 esse
908 641 993 724 apud
1015 641 1216 706 drnmianum
1239 637 1325 705 ilar-

125 745 281 808 ocllinum
304 757 336 808 et
357 746 390 807 in
413 743 616 827 Anthologia,

287 843 324 911 Ol
348 841 415 932 βόες
438 847 466 911 oi
488 843 590 911 λευκοὶ
613 843 732 933 Μάρκῳ
754 849 797 933 τῷ
821 843 956 934 Καίσαρι
976 845 1105 934 χαίρειν.

337 943 375 1034 ἢν
399 947 433 1014 δὲ
455 946 491 1014 σὺ
513 944 657 1036 νικήσῃς,
682 941 778 1034 ἄμμες
801 945 998 1034 ἀπωλόμεθα.

125 1073 202 1115 cnm
227 1054 260 1116 in
283 1051 469 1136 Anthologia
491 1050 569 1116 haec
590 1053 653 1134 legi
677 1053 759 1116 dixit
780 1056 850 1135 ipse
877 1053 939 1116 sibi
963 1054 1113 1116 iniuriam
1136 1054 1249 1116 iecisse
1272 1056 1322 1115 vi-

126 1155 227 1219 detur
256 1172 363 1219 errore
394 1155 530 1237 quodam
560 1157 748 1219 memoriae:
781 1174 838 1219 nos
867 1167 953 1220 certe
984 1157 1102 1220 frustra
1125 1157 1168 1218 tbi
1193 1159 1323 1238 quaesi-

128 1262 236 1321 vimus
251 1269 463 1340 putamusque
480 1259 584 1340 ipsum
601 1259 820 1322 Casaubonum
837 1261 970 1342 pulchre
989 1261 1186 1322 intellexisse
1203 1260 1322 1322 Graeca

128 1363 182 1425 illa
213 1379 295 1443 quae
323 1359 409 1443 apud
431 1360 633 1424 Ammianum
663 1362 815 1444 leguntur
844 1361 978 1425 disticho
1008 1361 1082 1426 olim
1105 1363 1323 1444 conprehensa

126 1465 241 1529 inisse.
281 1463 366 1546 quod
388 1465 516 1545 scripsit
536 1465 580 1549 τῷ
595 1460 730 1550 Καίσαρι
744 1462 861 1550 χαίρειν
883 1475 1077 1528 contractum
1092 1465 1168 1528 latet
1186 1468 1219 1527 in
1235 1466 1323 1526 Vati-

126 1571 201 1632 cani
218 1567 293 1629 libri
310 1568 424 1630 litteris
440 1567 503 1629 illis
520 1561 590 1629 Tul
611 1565 674 1630 ΚΑ
686 1565 785 1631 ΙΡΙΝ.
826 1569 883 1631 sed
901 1559 938 1651 ἢν
959 1565 992 1630 δὲ
1011 1563 1047 1632 σὺ
1069 1561 1195 1652 νικήσῃς
1217 1587 1322 1648 neque

126 1673 208 1734 satis
237 1681 324 1732 recte
353 1670 473 1733 dictum
502 1680 550 1732 est
572 1688 678 1751 neque
702 1670 800 1734 latere
823 1682 926 1752 potest
949 1671 981 1732 in
1014 1666 1320 1735 ΑΝΠΜΝΙΚΗΟ.

127 1771 262 1835 videtur
289 1782 394 1834 autem
432 1767 498 1833 ΠΜ
528 1772 636 1834 addila
664 1791 728 1836 una
756 1773 871 1836 lineola
900 1775 944 1835 ila
973 1773 1137 1835 emendari
1167 1791 1259 1853 posse
1289 1782 1324 1835 ut

125 1877 236 1938 omnia
260 1885 345 1937 recta
369 1883 399 1937 et
420 1875 553 1956 pulchra
576 1875 663 1937 liant.
711 1875 917 1956 scribendum
942 1878 1027 1939 enim
1049 1887 1198 1957 putamus
1220 1865 1300 1938 esse'

287 1973 325 2041 Ol
349 1971 416 2062 βόες
439 1975 466 2040 ol
489 1973 590 2041 λευκοὶ
613 1972 732 2063 Μάρκῳ
754 1980 797 2064 τῷ
820 1973 954 2063 Καίσαρι
975 1977 1105 2065 χαίρειν.
1331 1993 1363 2038 ιι

339 2073 375 2143 ἂν
398 2091 466 2139 ilani
489 2075 631 2165 νικήσῃς,
656 2072 753 2164 ἄμμες
777 2075 973 2165 ἀπωλόμεθα.

126 2185 250 2247 lactum
274 2195 321 2244 cst
343 2185 537 2264 epigramma
559 2193 726 2264 postquam
745 2184 867 2246 Marcus
889 2185 1053 2247 victoriam
1076 2186 1215 2264 aliquam
1238 2203 1324 2244 mac-

127 2295 193 2350 tata
222 2303 335 2366 magna
365 2287 539 2347 hostiarum
568 2287 770 2349 multitudine
801 2285 985 2349 celebravit.
1038 2297 1180 2351 ceterum
1208 2285 1324 2367 depra-

128 2399 241 2452 vatum
272 2398 320 2452 est
349 2407 385 2450 eo
415 2398 558 2470 tempore
588 2399 620 2450 et
649 2389 715 2451 loco
737 2389 794 2452 ubi
816 2391 923 2470 aliqua
946 2400 1014 2452 erat
1037 2389 1173 2452 Graecae
1197 2391 1323 2470 liuguae

127 2493 280 2574 cognitio.
331 2491 425 2553 aliter
452 2491 537 2552 euim
566 2482 662 2574 ἄμμες
696 2491 874 2573 pronomini
903 2511 965 2554 non
999 2493 1208 2557 substitutum
1242 2503 1326 2554 esset

126 2590 219 2680 ἡμεῖς
242 2591 328 2675 qnod
350 2594 425 2656 latet
448 2595 481 2654 in
504 2595 619 2656 litteris
640 2595 781 2656 Vaticani
806 2593 933 2668 codicis.

220 2697 340 2760 Eodem
363 2694 444 2760 libro
466 2715 521 2758 xxv
544 2697 562 2756 5
586 2699 605 2757 8
635 2707 800 2778 receptum
829 2707 879 2759 est
908 2697 993 2778 quod
1016 2697 1166 2762 Gelenius
1196 2699 1325 2778 scripsit

126 2809 166 2863 ut
191 2803 296 2882 patris
324 2802 389 2862 eins
419 2798 597 2862 obtrectator
626 2799 852 2863 immoderatus.
901 2800 987 2862 aliud
1017 2803 1050 2862 in
1080 2817 1136 2863 suo
1165 2799 1247 2862 libro
1275 2801 1326 2862 in-

130 2912 267 2966 venerat
288 2901 475 2964 Accursius:
508 2900 598 2964 dedit
627 2903 712 2963 enim
741 2921 804 2964 non
835 2903 1068 2982 immoderatus,
1101 2902 1157 2965 sed
1186 2901 1325 2964 absurde

128 3012 332 3080 commeatus,
365 3005 450 3086 quod
480 3023 551 3066 cum
581 3003 790 3085 sequentibus
820 3006 994 3068 coniunxit.
1045 3007 1214 3068 Vaticanus
1242 2997 1327 3066 liber

131 3108 268 3190 praehet
290 3107 460 3170 modestus:
484 3106 571 3169 unde
593 3106 681 3168 nullo
703 3109 828 3188 negotio
851 3109 885 3170 lit
908 3123 1066 3171 uoausrvs.

222 3209 315 3273 Libro
331 3229 409 3272 nuru
427 3210 444 3270 l
461 3210 480 3270 8
496 3205 681 3272 Ammianus
696 3211 863 3291 scripsisse
879 3221 1010 3293 putatur
1032 3231 1073 3274 ccc
1096 3211 1207 3294 unqulo
1228 3219 1327 3271 tomen

129 3313 279 3378 orientali
299 3312 500 3375 Macedonicis
530 3313 668 3394 iunpitur
695 3313 866 3377 conlimitiis
892 3331 951 3395 per
981 3323 1069 3377 ortus
1088 3314 1328 3396 praecipitesque

131 3420 220 3494 cios,
249 3433 326 3498 quoe
348 3417 599 3498 copnomincntnr
620 3413 812 3478 Acontismu:
843 3417 894 3479 coi
911 3419 1061 3499 promitto
1082 3415 1234 3478 Arethusa
1256 3433 1328 3476 con-

129 3521 228 3583 vallis
251 3525 280 3582 ct
300 3520 407 3597 stolio,
432 3519 465 3580 in
488 3535 548 3600 qua
570 3520 682 3580 visitur
705 3517 862 3600 Euripidis
884 3519 1075 3600 sepulcrum,
1101 3517 1328 3602 troqoediorum

131 3623 319 3688 sublimitate
345 3621 513 3703 conspicui,
546 3627 574 3682 ct
598 3621 738 3703 dispice,
769 3621 822 3682 ubi
842 3619 1049 3698 Aristotelem,
1080 3629 1114 3683 ut
1139 3621 1255 3682 Tullius
1285 3619 1330 3682 cit

128 3725 311 3810 fundentem
326 3741 455 3785 aureum
475 3723 588 3804 {lumen
597 3770 605 3800 ‚
631 3725 800 3804 occepimus
815 3731 931 3786 nolum.
972 3743 990 3786 a
1006 3724 1137 3786 Gelenio
1152 3721 1329 3804 proiectum

134 3839 186 3892 est
214 3825 363 3890 convallis
390 3835 420 3888 et
445 3827 549 3902 stolio,
582 3824 668 3907 quod
695 3827 879 3907 scrupulum
909 3827 1021 3889 merito
1049 3825 1159 3888 iniecit
1185 3824 1325 3886 Valesio:

132 3931 286 3994 Gronovii
311 3929 395 3992 enim
420 3926 629 3991 deliramenta
651 3947 713 3991 non
738 3947 895 3991 curamus.
943 3929 1001 3992 sed
1016 3927 1159 3990 Valesius
1182 3945 1252 3989 cum
1277 3945 1330 3988 co-

134 4035 201 4096 nici
230 4049 323 4115 posse
342 4029 435 4094 'dixit
463 4031 509 4093 sic
537 4032 691 4112 scriptum
721 4029 837 4110 luisse,
874 4029 1026 4094 Arethusa
1055 4032 1139 4094 circo
1160 4030 1257 4092 nolles
1287 4036 1331 4090 est

131 4137 242 4213 stolio,
268 4151 375 4214 neque
391 4132 478 4216 quod
500 4151 560 4215 per
578 4151 613 4196 se
634 4133 760 4215 placere
783 4143 889 4215 posset
909 4133 1041 4216 protulit
1057 4149 1163 4214 neque
1179 4133 1256 4194 satis
1271 4124 1331 4192 ad-

136 4237 242 4302 tendit
271 4236 313 4299 ad
334 4236 433 4298 libros
462 4255 541 4317 quos
563 4238 632 4317 ipse
655 4237 912 4300 conmemoravit.
959 4235 1079 4299 habeut
1102 4237 1187 4297 enim
1210 4227 1330 4297 Accur-

132 4345 204 4405 sius
226 4339 368 4420 librique
390 4337 560 4402 Tolosanus
575 4341 691 4420 Regius
715 4337 917 4403 Colbertinus
941 4349 972 4403 et
994 4341 1062 4420 ipse
1085 4337 1252 4400 Vaticanus
1275 4357 1330 4400 ou-

131 4445 275 4508 rcsnolcs
292 4449 338 4506 est
351 4443 451 4505 stolio.
492 4439 662 4505 excludere
685 4442 778 4506 uobis
793 4441 942 4507 videmur
957 4459 1081 4505 omnem
1098 4435 1330 4504 dubitationem
