3268 5108
336 334 384 408 34
629 349 717 410 lunen
739 365 906 410 cucurone!
928 366 1108 410 amaretur!
1133 347 1227 408 teet.

333 550 428 620 atque
445 539 563 602 Horatii
586 535 666 602 illud
688 538 768 599 Num
783 555 883 598 oenoe
905 536 1010 600 redeat
1025 537 1151 619 sanquis
1174 535 1301 617 inopini
1323 535 1421 609 Quom
1436 531 1521 612 oirpo
1617 561 1621 629 ,

333 642 424 704 semel
452 641 582 704 horrida
609 643 676 704 Non
704 641 780 703 lenis
800 639 942 722 precibus
962 639 1032 722 sato
1059 639 1217 702 recludere
1242 639 1336 720 Nipro
1358 635 1522 717 conpulerit
1617 640 1620 722 ζ

334 747 507 808 llerctnius
535 747 644 828 prepi?
680 745 816 824 agminis
845 746 930 805 enim
960 742 1147 806 vocabulum
1184 761 1246 804 non
1280 758 1455 820 numquam
1483 735 1521 798 de

332 851 418 910 omni
447 847 651 911 multitudine
680 846 763 928 dici,
799 847 885 910 nulla
919 857 955 908 ut
984 849 1159 908 retineatur
1188 855 1292 908 motus
1325 840 1519 923 significatio,
1618 853 1619 912 t

333 952 520 1015 certissimis
544 952 699 1033 exemplis
725 961 828 1032 potest
851 951 1072 1014 demonstrari.
1120 951 1163 1012 ita
1185 947 1320 1010 Ovidius
1348 965 1420 1010 cunt
1450 943 1523 1006 dicit
1617 960 1619 1001 :

334 1055 625 1136 metamorphoseon
648 1072 682 1116 nt
707 1056 768 1116 Gli
798 1057 945 1135 Increpor
967 1075 988 1115 a
1009 1055 1124 1117 cunctis
1146 1059 1295 1132 totumque
1319 1052 1523 1112 inmurmurat
1618 1079 1619 1086 κ

333 1177 456 1242 numm,
494 1157 620 1222 turbam
650 1169 817 1221 nautarum
847 1158 1004 1238 significat
1037 1176 1142 1237 neque
1170 1157 1341 1236 quicquam
1375 1153 1520 1234 amplius.

334 1261 418 1324 idem
441 1261 516 1324 libri
539 1281 557 1324 v
580 1263 706 1324 initium
729 1261 788 1324 hec
812 1259 895 1340 lecit,
932 1263 1068 1341 Dumque
1090 1279 1127 1320 ec
1150 1258 1320 1340 Cephenum
1342 1257 1439 1320 medio
1462 1257 1524 1316 llo-

332 1367 440 1428 nactos
468 1364 556 1428 locros
579 1363 705 1448 Apnune
734 1371 964 1426 commemorat:
1002 1381 1184 1426 consessum
1214 1361 1296 1424 dixit
1319 1360 1521 1440 Aethiopum,

332 1468 481 1532 similiter
502 1487 539 1530 ao
561 1468 643 1532 libro
666 1487 707 1530 vu
726 1468 781 1528 l0l
809 1469 934 1529 locutus
960 1477 1019 1544 est,
1054 1467 1239 1528 cmoenmnt
1265 1464 1373 1546 populi
1400 1481 1525 1525 socrum

333 1573 482 1636 Mavortis
512 1573 544 1634 in
573 1589 685 1632 arvum
716 1571 946 1651 Gcnst'stuntqne
975 1570 1073 1652 iope·
1111 1569 1207 1632 medio
1236 1587 1297 1632 rece
1325 1571 1389 1649 ipse
1415 1566 1526 1628 resedit

332 1671 458 1757 Apulae
487 1693 667 1756 purpureas
695 1683 869 1755 sceptroque
899 1675 1027 1756 irtsipnr'e
1057 1673 1182 1734 edunto.
1229 1691 1398 1752 possumus
1427 1655 1525 1750 plural

307 1777 464 1856 reddere,
497 1777 556 1840 sed
577 1776 778 1858 pergendum
807 1787 855 1838 est
884 1778 917 1838 in
939 1775 1040 1840 Aetna
1063 1775 1275 1839 emendanda.
1320 1787 1417 1856 atque
1441 1773 1527 1836 indi-

332 1890 383 1961 get
407 1881 628 1944 emendatione
652 1881 816 1962 proximus
839 1861 962 1958 versus,
988 1899 1051 1960 quo
1074 1889 1239 1961 poetarum
1255 1879 1433 1942 criminatio
1450 1897 1525 1938 eon-

331 1985 484 2064 tinuatur,

459 2087 492 2150 ii
517 2089 619 2169 Tityon
641 2096 753 2170 septem
775 2095 915 2150 stravere
937 2089 970 2149 in
992 2088 1100 2170 rupero
1118 2085 1252 2168 foedum.

331 2190 449 2270 legitur
477 2191 535 2252 hoc
563 2193 596 2254 in
625 2190 719 2254 libris
748 2191 821 2252 olim
852 2191 1024 2270 inpressis:
1065 2209 1176 2252 verum
1211 2191 1244 2252 in
1276 2189 1405 2270 seriptis
1432 2187 1525 2249 libris

331 2292 584 2375 Cantabrigiensi
609 2293 851 2358 llelmstadiensi
876 2292 1096 2374 lihedigerano
1123 2312 1185 2356 non
1208 2301 1320 2374 septem
1347 2293 1524 2368 invenitur,
1621 2311 1622 2386 ,

330 2395 387 2458 sed
406 2416 517 2478 poeno.
558 2397 644 2478 quod
667 2416 739 2459 cum
762 2397 838 2458 lerri
862 2415 925 2458 non
947 2415 1039 2476 posse
1062 2397 1129 2459 ltali
1153 2397 1386 2476 intellegerent,
1411 2403 1526 2476 septem

331 2498 409 2562 illud
444 2511 637 2581 posuerunt,
675 2499 761 2582 quod
794 2501 879 2562 omni
913 2499 1149 2581 probabilitatis
1181 2501 1289 2582 specie
1324 2507 1420 2562 caret.
1470 2517 1528 2561 our

331 2605 417 2664 enim
446 2613 540 2684 poeta
570 2606 733 2668 Homerica
761 2604 814 2665 illa
843 2601 931 2666 ἐννέα
952 2602 1101 2689 πέλεθρα,
1133 2623 1215 2685 quae
1245 2623 1356 2666 omnes
1384 2603 1529 2665 retinent

330 2708 385 2788 qui
409 2707 491 2769 hanc
514 2705 652 2770 labulam
675 2716 922 2770 commemorant
949 2707 1204 2788 (commemorant
1229 2719 1337 2770 antem
1366 2706 1526 2789 plurimi),

330 2812 363 2870 in
386 2821 507 2892 septem
531 2812 640 2892 iugera
663 2821 785 2874 mutere
809 2811 946 2872 voluerit
975 2811 1063 2874 nulla
1086 2812 1257 2892 excogitari
1284 2819 1388 2892 potest
1414 2829 1525 2873 caum

330 2932 429 2993 quare
452 2913 591 2977 debebat
613 2915 718 2995 potins
736 2931 845 2994 poena,
873 2913 960 2994 quod
982 2913 1107 2978 codices
1130 2913 1259 2989 hahent,
1285 2915 1328 2976 ita
1351 2917 1470 2976 mutari
1493 2925 1529 2976 ut
1620 2999 1621 3002 Ἴ

329 3027 476 3080 constans
500 3019 532 3078 in
556 3018 614 3079 hac
636 3015 743 3079 tabula
766 3035 919 3080 numerus
943 3019 1178 3080 restitueretur.
1218 3016 1305 3098 quod
1327 3017 1396 3079 lieri
1420 3029 1529 3098 potest.

330 3119 494 3183 facillime:
534 3119 742 3184 scribendum
770 3129 819 3182 est
852 3121 937 3184 enim
973 3123 1016 3183 lli
1047 3123 1149 3203 Tityon
1177 3129 1317 3184 strauere
1347 3139 1465 3184 norem
1497 3123 1527 3182 in

329 3225 437 3307 nupero
455 3223 589 3306 foedum.
634 3233 800 3304 postquam
822 3225 922 3287 semel
941 3243 1042 3306 poeno
1063 3227 1217 3306 seriptum
1248 3235 1327 3304 erat,
1359 3225 1429 3286 lieri
1462 3245 1527 3286 non

330 3328 432 3408 potuit
454 3330 532 3407 quin
554 3326 654 3389 verba
676 3327 900 3408 traicerentur,
926 3347 989 3408 quo
1012 3329 1162 3392 carminis
1185 3329 1312 3391 numeri
1328 3337 1527 3390 constarent.

329 3449 346 3492 a
370 3432 458 3512 Tityo
487 3442 578 3513 poeta
607 3431 648 3494 ad
670 3431 835 3496 Tantalum
865 3433 979 3494 transit
1012 3433 1196 3514 similesque
1223 3431 1346 3496 tabutas
1375 3432 1530 3512 conpleo-

330 3535 425 3597 titur:

460 3638 625 3702 sollicitant
646 3638 694 3700 illi
714 3647 741 3702 te
763 3640 890 3716 circum,
919 3633 1053 3719 Tantulo,
1076 3659 1176 3722 poeno

459 3743 679 3823 sollicitentque
700 3743 762 3819 siti,
788 3745 887 3806 llinoe
909 3751 1021 3825 tuoque
1042 3741 1139 3806 Aeocc
1160 3745 1192 3806 in
1213 3741 1332 3806 enebris

460 3848 533 3911 iure
554 3853 678 3926 canunt,
704 3846 838 3927 idemqrte
861 3854 963 3909 rotant
985 3849 1106 3910 Ioeionr'e
1129 3847 1240 3922 orbem,

459 3949 604 4031 quidquid
626 3957 652 4012 et
675 3951 803 4012 interius
823 3949 902 4032 fulsi
923 3950 983 4012 sibi
1003 3953 1125 4014 cornero
1144 3959 1269 4014 terrent.

331 4069 466 4132 querum
488 4071 641 4116 versuum
664 4055 802 4134 primum
832 4073 895 4116 non
925 4073 1058 4135 possea
1081 4065 1172 4137 poeta
1203 4056 1245 4117 ita
1273 4056 1430 4135 scriptum
1453 4073 1528 4118 esse

331 4157 399 4218 itali
422 4156 561 4236 quodum
582 4156 675 4220 modo
697 4158 943 4220 intellexerunt:
982 4158 1041 4221 sed
1070 4158 1155 4239 quod
1183 4169 1369 4240 posuerunt,
1401 4159 1530 4222 Sollici-

331 4267 395 4321 tant
417 4279 531 4342 mepta
552 4263 726 4336 cerneum,
757 4261 891 4338 Tantcle,
913 4279 1023 4342 poeno,
1058 4281 1094 4324 eo
1123 4283 1185 4324 non
1209 4273 1393 4326 removetur
1415 4264 1528 4344 inepta

333 4383 452 4445 poenae
475 4374 507 4425 et
528 4365 598 4425 sitis
619 4362 800 4426 disiunctio.
847 4365 980 4446 adparet
1002 4376 1107 4428 autem
1132 4366 1348 4448 inprobabiles
1370 4387 1442 4430 esse
1468 4368 1530 4430 ho-

332 4469 454 4528 minum
482 4465 645 4530 doctorum
675 4469 872 4530 coniecturas
894 4487 975 4547 quae
1006 4469 1063 4530 hoc
1089 4471 1236 4532 italorum
1264 4481 1441 4534 commento
1473 4473 1529 4532 ni-
