3268 5108
404 401 492 462 lrtnm
513 417 681 462 merrom
703 414 889 460 nmmum!
907 393 1000 458 aaut.
1248 375 1294 453 91
1336 467 1338 480 μ

119 593 229 654 litteras
246 603 325 652 unns
345 589 453 670 habet,
484 589 560 652 libri
588 599 695 652 autem
724 587 766 651 ab
789 587 872 650 ltalis
893 586 1020 650 saecule
1041 585 1154 667 quinto
1176 581 1299 646 decime

117 697 216 777 scripti
239 697 274 757 in
298 691 501 758 ldenandreis
523 711 630 774 neque
653 708 847 773 magnopere
869 687 990 754 diversi
1013 697 1129 754 sunta
1150 687 1298 752 Vatieane

116 807 164 860 rut
190 797 334 861 Vrbinati
363 815 469 879 neque
499 781 595 858 fidem
623 804 766 858 meretur
793 791 901 874 siquid
931 793 964 857 in
993 790 1041 854 eis
1071 791 1176 873 paullo
1204 789 1300 854 aliter

115 901 260 982 seriptum
284 909 347 977 est3
382 900 488 982 qualia
515 917 579 962 non
604 899 692 962 nulla
715 898 860 960 llertzius
889 895 1055 961 nobiseum
1086 893 1300 958 eommunice-

116 1006 165 1065 rit.
209 1003 371 1086 aquibus
393 1003 541 1066 italorum
564 1000 802 1083 exemplaribus
823 998 923 1063 eodex
945 998 1082 1062 Vrbinas
1111 1017 1174 1065 nen
1203 995 1301 1062 distat

114 1108 315 1188 antiquitate,
346 1116 455 1188 utpote
484 1108 540 1188 qui
569 1103 681 1168 eudem
709 1105 835 1168 seeeulo
864 1106 1004 1184 scriptus
1033 1112 1096 1181 est,
1125 1100 1186 1164 sed
1215 1099 1296 1164 ilde:

114 1231 180 1272 nam
201 1211 321 1274 Graeca
343 1209 443 1272 verba
465 1208 640 1274 maioribus
661 1209 777 1271 litteris
800 1209 843 1270 ita
865 1217 993 1270 exarata
1016 1205 1113 1270 habet
1139 1213 1175 1268 ut
1199 1201 1299 1285 adpa-

114 1325 175 1376 reat
195 1315 386 1396 transcripta
409 1333 446 1376 ea
468 1333 539 1376 esse
562 1331 603 1376 ex
625 1311 707 1374 libre
728 1311 836 1393 alique
858 1311 989 1391 antiquo
1012 1309 1219 1388 Vaticanlque
1245 1327 1299 1372 en-

113 1417 187 1480 dieis
206 1418 383 1500 persimili,
415 1435 521 1498 neque
544 1415 753 1496 indiligenter
775 1416 834 1477 hee
856 1415 973 1478 laetum
996 1431 1078 1492 esse,
1110 1411 1170 1476 sad
1191 1419 1228 1476 ut
1250 1419 1299 1473 ta-

113 1541 179 1583 men
195 1523 336 1584 Vaticani
360 1521 434 1583 libri
450 1521 628 1583 auctoritati
651 1520 750 1582 tutius
773 1537 952 1599 pareamus.
992 1517 1100 1597 itaque
1122 1515 1208 1580 hune
1228 1515 1298 1580 iure

112 1634 233 1690 secutus
256 1625 403 1687 llertrius
425 1613 539 1686 versus
560 1623 631 1686 illes
654 1624 696 1684 ita
718 1623 786 1685 lere
810 1608 1085 1704 repraesentavit,¹

233 1721 283 1790 ἐπ’
309 1721 465 1813 ἀμφότερα
487 1739 536 1786 νιν
558 1723 717 1812 &stuppae
739 1738 779 1784 aa
1310 1729 1322 1776 t

234 1841 537 1891 umanruulrnrturm
555 1838 761 1890 susurrant
780 1827 859 1913 μέγα

232 1929 288 1997 ιιαὶ
307 1927 484 2019 περιβόητον
506 1930 607 2018 ἔργον·
638 1931 673 1996 λιι
692 1935 747 2016 τῆς
769 1928 867 2004 οἰκίας

232 2036 357 2124 ἐξέβαλε
377 2031 432 2122 τὴν
454 2039 604 2101 λυποῦσαν
626 2027 664 2121 ἢν
686 2029 839 2121 λβοόλστο,

231 2136 275 2206 ἵν’
302 2135 496 2226 ἀποβλέπωσι
515 2133 623 2213 πάντες
645 2138 689 2212 εἰς
709 2135 743 2203 τὸ
767 2132 935 2224 Κρωβύλης

232 2239 391 2332 πρόσοικον
413 2238 800 2328 ντεννσατοσννιεναγονὴ

234 2348 379 2413 δέσποινα
399 2343 451 2411 καὶ
471 2342 527 2432 τήν
548 2337 617 2432 ὄψιν
640 2359 678 2406 nrt
700 2342 848 2430 ἐκτήσατο

231 2444 301 2526 ὄνος
322 2452 356 2516 ἐν
377 2446 519 2537 πιθήκοις
540 2460 872 2510 rorrernrmumuaueu
890 2461 973 2512 mun
990 2463 1043 2512 ur,

232 2570 324 2616 rorte
347 2558 462 2622 σισατᾶν
484 2548 634 2641 βούλομαι
654 2548 708 2640 τὴν
730 2549 823 2618 νύκτα
843 2547 898 2638 τὴν

232 2661 352 2726 πολλῶν
374 2659 477 2722 κακῶν
499 2653 646 2744 ἀρχηγόν.

110 2763 217 2826 eadem
246 2764 365 2826 maiere
395 2763 574 2826 litterarum
606 2761 706 2824 terma
740 2781 802 2844 qua
833 2761 980 2824 llertaius
1007 2781 1046 2824 ea
1075 2781 1157 2842 quse
1186 2773 1296 2844 aperte

110 2865 275 2947 depravata
308 2876 430 2930 sunta
462 2867 594 2947 reliquis
623 2865 770 2930 distinxit
806 2869 839 2928 in
869 2874 1005 2944 utroque
1042 2863 1150 2928 eodicn
1178 2866 1296 2946 scripta

110 2978 180 3033 sunt
200 2973 323 3034 emnia:
357 2980 524 3052 praeterea
547 2969 722 3034 tenendum
744 2979 793 3033 est
821 2970 855 3031 in
878 2977 991 3032 neutro
1019 2968 1160 3048 singulos
1185 2977 1296 3050 poetae

110 3091 218 3137 versus
239 3073 411 3155 separatim
433 3075 569 3154 scriptos
583 3093 666 3152 erre,
691 3073 750 3136 sed
772 3073 953 3136 continuata
968 3072 1072 3134 omnia
1090 3073 1181 3153 quasi
1203 3091 1296 3153 prose

109 3187 190 3240 esset
213 3178 323 3240 oratio.
371 3177 404 3240 in
433 3179 537 3259 primo
559 3195 656 3240 versu
678 3175 814 3238 Vrbinas
834 3168 905 3234 'till
938 3173 1046 3254 habet,
1078 3173 1198 3240 deinde
1211 3166 1293 3236 ’ννλε

109 3279 311 3344 scribendum
334 3299 404 3344 esse
426 3284 478 3343 νῖιν
500 3281 625 3362 primus
647 3279 729 3342 vidit
751 3279 902 3360 losephus
923 3279 1076 3360 Scaliger.
1123 3297 1195 3341 mex
1216 3279 1297 3342 (im-

108 3385 168 3446 tius
181 3385 301 3466 aliique
323 3381 430 3466 μᾶλλον
442 3377 658 3467 scientificus,
683 3392 715 3444 et
730 3381 826 3444 habet
840 3380 977 3446 Vrbinas
993 3395 1195 3444 trementem.
1229 3393 1296 3448 tum

109 3487 183 3566 quin
205 3487 376 3550 Derrillius
398 3495 484 3550 reete
507 3488 671 3568 scripserit
693 3483 907 3570 κατείργασται
927 3503 990 3549 τισιν
1012 3484 1212 3550 dubitamus:
1237 3485 1296 3550 sed

109 3601 321 3670 rrrnrmmm,
347 3587 433 3671 quod
456 3588 530 3652 libri
554 3589 683 3668 habent,
717 3589 922 3653 memorabile
945 3599 993 3652 est
1018 3599 1187 3670 propterea
1210 3589 1297 3670 quod

108 3689 238 3773 adparet
257 3691 473 3780 κατείργασται
500 3711 562 3754 non
592 3712 663 3756 esse
685 3692 895 3775 depravatum
924 3713 942 3754 a
966 3693 1095 3755 librario
1118 3694 1174 3774 qni
1197 3693 1296 3756 Gree-

108 3813 158 3858 eas
179 3796 300 3861 litteras
322 3798 392 3859 sine
415 3797 571 3860 sermonis
595 3797 812 3878 intellegentia
836 3797 1026 3876 imitaretur,
1057 3795 1116 3859 sed
1142 3790 1296 3881 κατειργά-

109 3919 185 3962 σασα
208 3901 323 3964 laetum
340 3919 410 3964 esse
432 3910 526 3964 antea
547 3900 589 3962 ab
611 3901 717 3982 aliquo
740 3901 867 3962 homine
891 3901 947 3982 qni
964 3899 1083 3962 Graece
1106 3901 1203 3964 sciret
1225 3919 1298 3962 era-

109 4001 287 4086 tionemqne
309 4014 366 4067 aut
387 4002 427 4066 de
451 4003 608 4066 industria
631 4014 685 4068 aut
707 4023 782 4068 essu
810 4013 843 4066 et
864 4013 900 4068 ut
923 4005 955 4066 in
977 4004 1171 4066 seutentiam
1198 4005 1299 4084 magis

109 4121 202 4185 quam
225 4108 256 4168 in
279 4109 401 4172 litteras
424 4109 567 4172 intentus
582 4119 667 4172 esset
681 4117 872 4170 mneeteret.
921 4117 1018 4170 restat
1039 4115 1076 4170 ut
1097 4109 1200 4188 prime
1222 4125 1298 4170 ver-

110 4208 205 4271 sienle
226 4210 309 4291 qued
330 4211 438 4274 amisit
461 4211 677 4276 restituamus.
724 4211 810 4293 quod
832 4221 869 4275 ut
890 4210 1123 4292 adsequeretur
1136 4209 1298 4290 Angustus

110 4309 280 4376 deinekius
313 4313 480 4394 inpeditus
508 4333 580 4377 esse
610 4314 740 4378 videtur
773 4333 881 4377 errore
917 4313 1054 4396 quodam
1084 4333 1181 4396 quem
1216 4313 1296 4378 terte

111 4413 304 4479 eommlserat
332 4435 403 4480 eum
427 4418 565 4499 primum
588 4417 780 4482 lleunndrea
810 4417 939 4481 ederat:
974 4427 1082 4499 postea
1105 4417 1296 4498 nescioquo

112 4533 182 4580 eam
210 4537 270 4583 nen
300 4519 445 4585 meminit
472 4531 649 4586 sorrentum
678 4539 751 4586 esse
779 4539 922 4585 errarem
943 4539 962 4584 a
984 4519 1168 4586 Lennharde
1191 4521 1298 4602 Spen-
