3186 5108
370 381 461 450 lum
483 399 651 468 mutones
674 401 857 450 susanam
877 381 970 450 4857.
1192 367 1269 457 3127

166 567 270 649 ltaque
294 578 329 636 nt
351 571 571 652 quaestionem
594 581 680 637 recte
704 573 907 641 instituamus
926 590 990 639 nnn
1005 570 1270 639 commorabimur

92 669 118 731 in
148 689 253 736 eorum
286 683 547 756 argumentorum
580 675 710 743 levitate
739 694 823 757 quae
853 676 936 758 quis
960 673 1093 744 fortasse
1121 675 1271 758 opinetur

90 773 153 836 duci
174 795 264 858 posse
293 798 335 841 ex
357 778 499 844 moribus
525 788 623 860 atqua
652 780 780 860 ingenio
803 779 944 858 ilenriei.
991 781 1051 850 etsi
1075 779 1162 844 euim
1182 776 1270 842 abe-

89 877 156 940 lium
178 880 209 941 in
232 899 269 946 co
291 881 499 948 collaudando
521 882 656 950 nimium
686 883 783 948 luisse
813 901 918 964 neque
948 882 1108 964 olfecisse
1120 891 1269 964 putemus

89 992 118 1043 ut
138 1001 196 1046 aon
218 982 318 1050 misse
342 984 490 1052 videatur
517 985 609 1052 bomo
638 984 741 1054 durus
768 995 865 1068 atque
893 983 1050 1066 omdelis,
1082 995 1187 1066 umen
1215 1003 1269 1046 ca-

88 1085 216 1149 vendum
246 1099 356 1152 estne
379 1099 545 1171 poetarum
568 1109 672 1154 mores
701 1087 897 1156 carminibus
926 1106 1037 1156 eorum
1064 1107 1194 1172 semper
1215 1107 1269 1150 ac-

86 1199 184 1254 curate
205 1209 359 1274 expressa
381 1209 452 1259 esse
482 1211 588 1274 neque
609 1192 758 1260 amabilia
779 1202 922 1275 poemata
944 1191 1058 1260 iecisse
1080 1191 1142 1256 nisi
1166 1190 1269 1256 homi-

86 1309 137 1354 nes
167 1294 320 1358 amabiles
350 1297 587 1362 existimemus:
619 1297 789 1362 amatoriae
816 1305 924 1364 autem
952 1295 1074 1377 poesis,
1109 1292 1268 1376 adquam

85 1397 139 1457 tria
160 1395 198 1459 de
221 1397 340 1480 quibus
358 1398 559 1482 disputamus
580 1402 720 1466 carmine
744 1399 919 1481 pertinent,
945 1397 997 1462 illa
1019 1406 1122 1464 aemts
1144 1395 1269 1480 paulla-

85 1499 134 1560 tim
156 1519 192 1562 ea
215 1501 394 1567 increbruit
420 1501 615 1570 consuetudo
641 1513 678 1572 ut
701 1503 800 1568 multa
821 1503 962 1571 carmina
985 1519 1048 1569 uon
1071 1511 1134 1571 tam
1156 1501 1270 1581 singu-

85 1601 176 1664 lomm
198 1615 364 1686 poetarum
387 1625 483 1688 quem
507 1608 607 1688 ipsius
629 1606 745 1674 saeculi
769 1607 940 1687 imaginem
963 1603 1056 1672 nobis
1077 1602 1265 1688 praebeant.

83 1708 214 1785 potuisse
245 1710 342 1790 igitur
371 1711 561 1791 licerinum,
598 1712 744 1792 quamvis
776 1710 947 1775 severitate
979 1708 1077 1774 animi
1111 1705 1160 1784 ab„
1177 1707 1267 1812 parui

82 1809 206 1874 mollitie
227 1831 263 1874 ae
286 1813 416 1878 lenitate
440 1825 562 1878 mature
590 1813 792 1878 abhorrentis
815 1813 987 1892 emineret,
1018 1811 1267 1894 invalescentem

82 1911 157 1975 inter
189 1914 314 1980 nobiles
347 1905 619 1984 eonsuo¹tudiuem
648 1918 764 1982 imitari
797 1934 975 1998 versusque
1008 1914 1129 1996 aliquot
1159 1913 1290 1996 ¹iaceret

81 2025 201 2079 teneros
221 2029 318 2101 atquo
341 2023 509 2098 amatorios
531 2023 662 2087 minime
685 2037 910 2103 perungamus.
953 2038 1016 2084 uon
1039 2018 1139 2098 magis
1160 2027 1266 2080 autem

81 2131 221 2198 putamus
242 2122 383 2206 aliquem
406 2125 571 2208 vulgarem
593 2143 689 2207 quarn
713 2124 931 2190 examinamus
948 2122 1132 2208 opinionem
1154 2140 1191 2186 eo
1213 2139 1267 2182 er-

81 2235 222 2300 gumento
245 2215 504 2292 confirmaturum
527 2247 598 2294 esse
628 2227 715 2309 quod
736 2227 865 2295 Henrici
888 2225 1071 2307 eloquentia
1100 2235 1133 2290 et
1154 2221 1267 2290 erudi-

81 2327 117 2388 tio
137 2347 154 2390 a
177 2347 240 2392 non
263 2331 361 2394 nullis
383 2343 670 2415 rerumgestarum
689 2328 901 2412 scriptoribus
917 2347 1109 2410 magnopere
1133 2326 1267 2412 laudan·
1289 2315 1292 2322 ⁴

79 2437 142 2511 tur,
178 2451 315 2514 quorum
343 2433 445 2497 verba
474 2435 607 2502 Abelius
637 2437 721 2502 inter
748 2453 783 2498 se
813 2432 945 2500 contulit
968 2451 1000 2514 p.
1018 2432 1159 2514 300-sm:
1192 2449 1266 2493 nam

35 2607 39 2616 ¹
80 2537 212 2600 carmina
231 2557 305 2600 eum
327 2539 495 2620 scripsisse
517 2557 624 2620 neque
647 2557 688 2602 ex
711 2537 775 2604 iliis
797 2535 947 2602 laudibus
968 2533 1180 2618 probabiliter
1201 2534 1267 2596 col-

81 2635 150 2718 ligas
173 2659 280 2722 neque
294 2643 465 2723 qumquam
486 2643 623 2724 scriptor
645 2641 833 2718 testificatus
855 2649 914 2704 est.
961 2640 1070 2720 itaque
1088 2639 1190 2702 omnis
1213 2638 1266 2700 illa

79 2743 177 2822 opinio
200 2744 262 2808 fide
293 2746 408 2808 nititur
438 2745 591 2808 librorum
614 2746 863 2826 wingartensis!
879 2753 911 2806 et
934 2743 1065 2805 Parisini
1089 2742 1140 2803 vel
1162 2740 1267 2822 potius

79 2848 261 2929 antiquioris
284 2850 477 2931 exemplaris
500 2869 541 2912 ex
563 2867 625 2930 quo
654 2867 729 2931 pars
755 2848 933 2914 carminum
962 2863 1043 2928 quac
1077 2843 1170 2910 libris
1203 2844 1267 2906 illis

79 2952 277 3016 eontinentur
309 2963 435 3036 sumpta
468 2963 528 3016 est.
581 2971 663 3034 quae
697 2971 769 3014 eum
792 2952 835 3013 ita
867 2951 949 3030 sint,
985 2950 1089 3012 omnis
1122 2949 1267 3032 quaestio

80 3053 212 3132 ipsorum
246 3057 424 3119 carminum
458 3053 711 3118 consideratione
745 3052 949 3120 diiudicanda
980 3063 1044 3116 est:
1084 3070 1157 3117 uam
1187 3070 1267 3132 quas

79 3154 145 3219 libri
169 3158 214 3221 illi
238 3159 359 3224 babent
380 3170 560 3242 poematum
583 3158 818 3242 inscriptiones,
844 3158 891 3232 eis
909 3176 972 3222 non
994 3168 1115 3220 temere
1130 3153 1266 3218 creden-

79 3256 149 3322 dum
170 3281 241 3326 esse
265 3263 375 3328 multis
396 3263 552 3346 exemplis
581 3272 686 3345 potest
708 3261 931 3328 demonstrari.
979 3261 1048 3324 lieri
1077 3258 1175 3340 igitur
1202 3276 1264 3320 non

79 3367 173 3442 potuit
195 3367 275 3448 quin
299 3369 439 3431 carmina
462 3367 516 3430 illa
538 3367 600 3430 tria
621 3364 890 3430 adscriberemus.

662 3471 674 3530 l

156 3572 213 3637 Ich
237 3579 354 3655 gruere
377 3575 436 3638 mit
456 3593 595 3656 gesange
618 3571 811 3636 dissuesce

156 3677 210 3740 die
234 3680 284 3740 ich
309 3677 476 3742 varmiden
500 3679 571 3742 niht
593 3677 648 3740 wll
672 3677 752 3739 noch
775 3693 898 3737 enmec.

156 3781 250 3848 delch
274 3781 302 3844 si
326 3782 416 3846 rebte
437 3801 500 3845 von
523 3778 642 3846 munde
665 3781 771 3842 mobte
795 3785 946 3862 gruensn,

155 3888 214 3948 ach
237 3885 351 3968 laidas,
377 3884 435 3952 des
459 3888 499 3948 ist
521 3885 566 3948 vil
590 3883 694 3950 menie
716 3893 776 3946 tae.

95 3987 112 4046 5
155 3993 241 4052 swer
263 4009 307 4053 nu
330 3987 417 4054 disin
440 3990 496 4052 liet
517 3989 608 4069 singe
631 3979 690 4048 v'or
711 3989 751 4067 ir,

155 4093 217 4156 der
238 4095 289 4156 lob
312 4097 348 4156 sb
369 4111 427 4175 gar
448 4092 723 4156 insanitecllclren
746 4089 852 4170 enbir,

156 4217 192 4259 ez
214 4203 241 4258 sl
264 4201 331 4280 wlp
354 4195 433 4260 oder
452 4215 539 4276 man,
565 4194 624 4259 der
647 4193 730 4258 habe
752 4195 779 4256 si
802 4201 973 4276 gegrtlezet
996 4211 1057 4256 von
1081 4193 1152 4255 mir.

157 4355 167 4402 l
186 4373 218 4396 =
237 4353 326 4404 kaiser
343 4345 473 4406 Halnrlcb
493 4357 504 4402 t
523 4352 585 4415 Μ’.
602 4365 623 4404 e.
639 4351 721 4400 nouem
739 4348 942 4414 Wisporteorr'st
964 4346 1025 4410 cu.
1039 4362 1063 4404 o.
1083 4349 1166 4404 rodes
1184 4349 1263 4414 Poro·-

78 4437 163 4498 snat.
264 4443 289 4492 t.
309 4437 358 4492 des
377 4437 420 4490 iob
439 4438 472 4498 B,
500 4439 538 4492 tlo
556 4437 600 4490 iob
619 4435 650 4488 0.
751 4448 803 4488 von
821 4435 923 4488 munds
942 4434 1017 4486 rcbte
1036 4433 1091 4490 BG.
1180 4437 1205 4485 t.
1227 4433 1263 4484 vil

79 4525 191 4575 omnum
211 4523 264 4576 ae.
354 4528 378 4576 e.
400 4523 597 4576 unseultecllcb
618 4522 670 4576 lic.
