3186 5108
371 392 458 456 leuna
481 411 647 456 ancrrcuvu
670 410 849 457 amrrvaavu
875 393 969 455 taen.
1173 353 1176 358 ¹
1194 378 1265 452 125

89 580 164 644 loco.
208 599 280 644 nam
312 583 346 644 in
376 600 506 646 caesura
541 585 733 665 pentametri
762 600 835 646 eum
864 601 928 646 nou
956 580 1117 646 devitasse
1147 584 1266 646 hiatum

88 687 173 748 nimis
204 684 356 748 abhorret
389 683 430 748 ab
459 685 544 749 omui
568 687 637 749 veri
660 685 886 762 similitudiue3
926 683 959 748 id
989 685 1074 768 quod
1097 687 1268 749 intellexe-

87 799 154 851 runt
185 789 214 850 ei
248 790 303 870 qui
340 789 514 852 rectissime
544 791 743 872 seripserunt
771 789 901 853 exuriit
927 787 1089 872 Chalybon,
1126 809 1204 852 axvu
1227 791 1266 851 ll

85 893 229 974 speraret,
262 893 437 956 assumi
466 894 619 956 Vtrumne.
667 895 775 975 itaque
798 893 852 955 ille
874 893 1053 957 versiculus
1075 893 1269 974 depravatus

85 1007 143 1058 est:
176 993 412 1058 emendandum
435 1015 505 1058 esse
529 996 649 1060 inserto
671 997 715 1058 mi
735 1007 806 1078 post
822 997 924 1078 primo
947 994 1158 1060 confidentius
1179 993 1269 1058 dice-

87 1118 194 1179 remus,
219 1100 246 1162 si
270 1119 344 1162 eum
367 1117 497 1162 versum
524 1102 579 1182 qui
602 1100 688 1164 huuc
716 1097 878 1181 praecedit
900 1101 1061 1180 corrigere
1090 1119 1265 1182 possemus.

86 1202 168 1265 caius
188 1221 302 1266 versus
329 1202 511 1266 emendatio
539 1221 646 1284 neque
669 1203 828 1284 Scaligero
856 1221 964 1284 neque
991 1204 1063 1266 aliie
1091 1204 1166 1268 olim
1195 1221 1269 1267 suc-

86 1306 183 1386 cessit,
207 1323 313 1388 nuper
334 1316 440 1368 autem
464 1308 602 1388 pessime
630 1315 782 1388 temptata
806 1318 864 1369 est.
911 1304 970 1369 sed
999 1309 1084 1370 omni
1114 1307 1183 1370 vitii
1213 1327 1269 1370 su-

85 1410 217 1490 spicione
248 1418 358 1471 carent
384 1409 463 1472 haec
485 1409 599 1473 Catulli
629 1411 786 1489 carmina,
812 1429 879 1472 aava
902 1411 935 1472 ll
971 1411 1040 1487 Qua
1068 1429 1130 1474 rece
1158 1417 1270 1493 tempe-

86 1519 155 1575 stac
175 1531 251 1576 aava
273 1520 382 1576 macca
403 1512 576 1595 hymenaeo,
601 1514 691 1576 crut
727 1513 764 1576 Si
783 1514 944 1596 quapiam
965 1513 1073 1596 cupido
1098 1515 1271 1596 optantique

86 1613 180 1700 obtigit
209 1635 365 1698 amyntam
424 1617 531 1698 itaque
565 1619 668 1698 potuit
701 1615 843 1680 Catullus
875 1615 1017 1680 scribere
1051 1615 1147 1679 Ebria
1179 1618 1270 1680 adca

86 1715 270 1796 ebnbat'on'a,
308 1720 372 1782 nisi
403 1717 483 1782 lorte
513 1719 668 1784 eiusmodi
707 1719 829 1782 hiatum
860 1719 902 1784 ab
931 1717 1269 1801 hendecasyllaborum

87 1821 235 1902 elegantia
257 1823 398 1886 alienum
415 1841 484 1886 esso
500 1822 662 1886 censebat.
708 1824 875 1905 scripsisse
897 1833 1004 1888 autem
1026 1843 1100 1887 eum
1122 1841 1185 1885 nou
1208 1821 1270 1884 du·

88 1921 217 1988 bitemus
242 1925 388 1991 Ebriora:
422 1927 520 1990 multo
550 1929 634 1990 enim
664 1937 696 1990 et
724 1926 901 2009 simplicius
929 1937 961 1990 et
988 1927 1157 1990 venustius
1185 1924 1270 1990 idem

88 2027 266 2092 vocabulum
299 2033 333 2093 in
362 2031 586 2114 conparatione
621 2031 765 2110 iteratur,
803 2030 914 2111 longae
933 2041 1056 2094 'autom
1085 2029 1201 2093 vocalis
1237 2031 1269 2092 in

88 2127 171 2194 brevi
203 2132 324 2216 syllaba
357 2135 488 2198 elisione
515 2134 672 2198 Catullum
701 2131 787 2196 haud
816 2153 887 2197 raro
916 2153 1009 2198 usum
1038 2151 1108 2198 esse
1136 2142 1268 2195 constat.

87 2233 201 2298 Gellius
223 2237 331 2318 igitur,
368 2237 444 2300 dum
468 2238 574 2301 luania
603 2247 754 2316 sectatur,
790 2237 872 2302 bona
901 2238 1095 2318 exemplaria
1124 2238 1271 2300 inmerito

87 2338 283 2420 vituperavit.
336 2360 408 2404 cum
442 2341 619 2422 tergemino
653 2339 805 2404 vocabulo
838 2343 945 2404 ceiam
974 2343 1066 2404 amita
1097 2343 1220 2405 canam
1251 2358 1270 2401 a

88 2441 276 2508 lachmanno
307 2447 340 2508 iu
369 2447 594 2510 commentario
623 2447 809 2508 Lueretiauo
836 2465 868 2527 p.
894 2446 957 2510 392
987 2462 1124 2508 aroucam
1152 2462 1272 2506 arcaea

87 2563 229 2610 croceam
261 2557 348 2612 recte
377 2559 602 2631 conparantur.
655 2559 799 2612 ceterum
828 2548 914 2630 quod
948 2551 980 2612 in
1011 2547 1123 2612 eodem
1157 2546 1271 2612 Catulli

87 2651 219 2712 carmine
246 2652 383 2733 legimus
404 2653 655 2729 comisatores,
690 2652 819 2716 videtur
847 2653 889 2714 ita
919 2671 1014 2733 saepe
1043 2651 1164 2715 dictum
1187 2669 1269 2714 esse.

87 2757 167 2816 certe
188 2755 338 2818 Martialis
366 2758 446 2820 baec
467 2766 558 2836 sunt,
584 2756 651 2818 rlss
676 2755 757 2832 Qoitt
778 2764 816 2834 tc,
845 2757 953 2832 mccc,
984 2757 1072 2818 iacal
1091 2753 1190 2818 octub
1212 2756 1272 2816 mi-

86 2873 165 2920 scere
186 2860 315 2924 Falerno
341 2862 379 2922 Ia
407 2861 558 2924 Vaticanis
580 2859 701 2923 condia
729 2866 831 2922 musta
857 2859 966 2922 canu?
995 2877 1049 2920 rur
1066 2857 1106 2921 77
1132 2857 1272 2920 matam

87 2961 255 3043 aigremont
283 2964 381 3028 vetio
407 2963 555 3046 crystalla
578 2963 718 3040 Fatuae,
750 2963 963 3026 1126Basio
983 2961 1026 3024 dc
1046 2961 1132 3025 aclis
1158 2961 1269 3038 vetulo,
1406 2985 1409 2992 ·

85 3081 169 3143 pua,
203 3067 268 3130 uda
296 3068 436 3134 Paterno.
491 3078 657 3149 praeterea
686 3063 862 3129 Macrobius
890 3064 1143 3130 saturnaliorum
1165 3082 1206 3127 rrr
1231 3066 1270 3130 ta

87 3167 163 3229 ande
176 3178 220 3233 est
242 3172 346 3252 inquit
368 3179 397 3235 et
418 3171 497 3236 illud
514 3170 723 3255 prouerbium,
748 3187 806 3254 qam
828 3176 958 3233 utantur
978 3169 1115 3253 palates,
1139 3168 1272 3232 maleum

87 3271 162 3352 prod
185 3272 279 3356 probe
301 3281 445 3358 temperet
467 3275 653 3340 miseriacum
674 3293 740 3340 ease
767 3293 845 3337 novo
867 3275 1013 3356 Hymettia
1042 3281 1071 3337 et
1091 3272 1190 3336 caulo
1213 3273 1273 3334 Fc-

88 3373 179 3438 lerao.
232 3379 266 3440 in
290 3395 353 3458 quo
379 3377 549 3460 proverbio
579 3379 754 3443 tlciueklus
783 3377 1043 3461 philologicarum
1072 3376 1273 3440 exercitatio-

88 3495 162 3540 num
183 3480 214 3544 in
236 3479 393 3544 Athenaei
416 3479 691 3565 deipnosophistas
720 3494 811 3565 parte
830 3501 852 3546 u
876 3502 908 3564 p.
927 3482 966 3546 23
983 3499 1010 3544 s.
1035 3476 1055 3564 l
1058 3476 1204 3544 Athenaei
1223 3482 1274 3542 aui

87 3587 202 3664 t.1rp.
220 3581 322 3667 tta]
353 3583 518 3647 manifesta
539 3603 609 3648 esse
631 3586 675 3648 ait
704 3587 857 3668 glyconici
880 3587 974 3648 metri
1001 3603 1072 3647 cum
1095 3580 1273 3664 logaoedioo

88 3701 180 3748 versu
201 3687 361 3750 coniuncti
384 3688 529 3768 vestigia.
575 3685 753 3751 verendum
776 3698 952 3752 esttamen
976 3705 1018 3750 ne
1040 3686 1142 3749 laliaci
1164 3687 1273 3768 specie

88 3784 297 3871 decipiamur:
330 3809 404 3854 nam
424 3789 528 3873 probe,
559 3788 645 3872 quod
665 3789 856 3854 vocabulum
884 3779 957 3856 cum
987 3807 1085 3854 versu
1113 3788 1273 3871 glyconico

89 3909 149 3954 non
165 3913 336 3976 congruere
361 3894 429 3975 ipse
444 3895 496 3956 vir
515 3895 651 3958 eximius
673 3893 876 3976 significavit,
901 3893 1002 3958 nihilo
1024 3894 1131 3956 minus
1153 3890 1272 3954 nullam

89 4003 191 4058 movet
213 3997 318 4060 mendi
340 3998 566 4078 suspicionem.

574 4255 780 4270 ΝΜ
