3204 5104
309 322 383 394 380
604 339 693 398 lnam
716 357 878 400 nacrronva
900 357 1078 399 ιιετιιιιιι
1101 337 1195 396 tata.

307 533 414 589 contro
435 528 465 588 si
486 528 518 588 in
535 527 717 589 oromate.
763 527 904 608 denique
919 524 1090 608 Accursius
1105 525 1186 588 male
1201 525 1293 588 dedit
1308 527 1481 598 amianas,

308 632 342 691 in
364 631 512 693 Vaticano
534 629 641 692 codice
663 631 818 710 scriptum
841 641 890 692 εει
910 624 1107 708 carebimus.
1153 629 1307 710 perplexa
1334 639 1366 690 et
1387 630 1484 710 inepta

307 735 407 794 oratio
422 733 568 814 expediri
584 743 681 814 atque
697 732 860 796 emendari
876 743 981 815 potest
996 732 1157 819 lacillime3
1194 751 1266 794 nam
1289 730 1484 795 scribendum

308 837 448 898 estsine
471 834 670 898 dubitatione
692 843 737 898 cst
758 837 837 898 enim
859 836 1005 899 macrum
1027 843 1055 898 ct
1076 853 1232 914 maratana,
1258 855 1326 898 cum
1341 843 1485 918 pataram

267 950 298 996 ιι
311 957 416 1000 rcrrrm
430 938 537 1001 ordine
555 940 697 1021 placatae
718 959 790 1001 surr
805 959 898 1002 arna
920 939 1057 1002 inolitae
1078 957 1153 1011 oran
1175 927 1271 1001 nobrs'
1290 937 1486 1020 mamptcter

308 1061 503 1122 ranrsaarsr,
527 1061 596 1104 cum
617 1042 722 1104 deletis
744 1044 885 1124 tyrannia
907 1051 985 1106 tolita
1007 1042 1089 1104 orbis
1104 1044 1257 1104 Coeranus
1280 1041 1365 1104 nobis
1385 1040 1486 1102 obtan-

304 1152 412 1226 pcrat,
443 1164 480 1206 ca
505 1145 637 1226 prodero
664 1163 906 1226 praecentura
932 1148 964 1207 ιιι
986 1145 1148 1208 orimtalcs
1170 1145 1331 1226 caprotina
1353 1144 1404 1206 diu
1425 1162 1486 1206 rcr-

308 1252 450 1310 vcor'mus
472 1247 611 1310 inlibata.
658 1257 727 1328 post
749 1250 883 1311 invidiae
905 1249 996 1310 iacile
1016 1247 1166 1311 excidere
1189 1249 1291 1329 potuit
1312 1265 1388 1328 quac
1408 1246 1486 1328 quod

307 1349 508 1413 addidimus:
539 1351 639 1412 maior
667 1352 870 1432 neglegentia
899 1351 1033 1414 candem
1055 1371 1165 1412 vocem
1187 1351 1293 1412 omisit
1315 1369 1374 1412 ιιιι
1396 1353 1416 1410 8
1438 1347 1484 1426 tr,

308 1453 364 1516 ubi
384 1455 417 1515 in
433 1453 540 1516 codice
555 1453 704 1515 Vaticano
725 1455 878 1536 scriptum
902 1463 949 1516 est
972 1455 1003 1515 io
1025 1450 1215 1535 receptabilis
1230 1455 1398 1530 mearant,
1422 1473 1486 1515 cum

308 1555 406 1619 scribi
436 1555 570 1619 deberet
597 1558 630 1618 in
658 1558 856 1639 receptaculis
885 1559 971 1620 cacia
998 1575 1076 1638 quaec
1103 1565 1185 1620 auat.
1234 1575 1330 1620 auras
1358 1555 1485 1618 invidiae

309 1680 380 1722 curn
409 1658 491 1721 dixit
518 1655 704 1722 Ammianus
734 1661 866 1741 liguram
896 1658 1024 1722 dicendi
1058 1661 1198 1722 imitatus
1231 1669 1280 1722 est
1308 1660 1484 1724 Tullianam.

309 1765 428 1844 legerat
451 1765 538 1824 enim
560 1763 592 1823 in
608 1763 749 1825 oratione
766 1762 952 1826 Cluentiana
975 1762 993 1846 ξ
1011 1763 1069 1824 tta
1087 1764 1181 1826 ortam
1196 1763 1282 1826 illam
1299 1761 1485 1844 tranpdllam

309 1875 337 1929 et
368 1869 514 1948 pactam,
552 1873 697 1930 remotam
730 1887 751 1928 a
780 1867 922 1948 procellis
955 1866 1156 1928 invidiarum.
1209 1885 1292 1946 quae
1322 1869 1355 1929 in
1384 1863 1485 1928 eadem

310 1969 494 2032 Cluentiano
516 1967 534 2052 ξ
549 1968 590 2030 67
607 1968 774 2048 dicuntur,
798 1977 832 2032 ut
847 1969 937 2031 ctiam
952 1969 1064 2032 bestiae
1082 1969 1165 2050 same
1179 1969 1310 2031 monitae
1322 1969 1487 2050 peramplo

309 2073 350 2134 ad
365 2091 433 2134 cum
449 2073 546 2135 locrrm
559 2072 614 2134 ubi
622 2080 732 2154 pastae
747 2081 819 2135 suat
833 2073 997 2154 alr'quaodo
1012 2079 1209 2134 revertantur
1217 2118 1226 2148 ,
1251 2073 1299 2134 eis
1313 2068 1487 2132 Ammianus

310 2195 387 2238 usus
409 2184 457 2238 εει
479 2194 527 2237 ιιι
549 2177 568 2237 2
589 2177 620 2238 2.
668 2185 776 2238 errant
798 2184 905 2238 autem
929 2177 1120 2256 interpretes
1144 2175 1306 2236 Ciceronis
1329 2193 1396 2236 cum
1417 2171 1486 2234 Am·
1581 2249 1582 2252 Ἴ

310 2280 450 2341 mianum
468 2277 558 2360 feroc
579 2280 745 2360 scripsisse
767 2278 935 2341 adnotant:
967 2275 1092 2340 addidit
1121 2279 1206 2340 enim
1229 2278 1288 2340 hoc
1310 2275 1484 2338 vocabulum
1581 2325 1582 2340 r

310 2382 460 2444 Gelenius
489 2391 639 2463 recteque
668 2382 825 2444 intellexit
852 2381 997 2444 Valesius
1023 2381 1142 2443 nullam
1172 2399 1242 2443 esse
1271 2398 1394 2444 causam
1416 2379 1484 2459 quin
1581 2395 1582 2406 ¹

310 2486 414 2565 ipsum
437 2483 516 2547 illud
533 2484 773 2548 Ciceronianum
795 2483 906 2548 beatior
929 2493 1061 2565 putetur
1083 2482 1253 2546 excidisse.
1302 2482 1483 2556 Ciceronem,
1581 2551 1582 2576 i

311 2607 406 2668 quem
435 2587 529 2650 valde
558 2587 792 2667 admirabatur,
824 2588 951 2668 saepius
978 2585 1163 2650 Ammianus
1192 2586 1434 2650 conmemoravit
1459 2593 1485 2644 et
1581 2667 1582 2670 Ἴ

311 2709 392 2772 quae
422 2691 475 2752 ille
502 2691 629 2753 dixerat
659 2692 779 2770 attulit,
812 2692 952 2752 imitatus
979 2699 1028 2752 est
1057 2691 1152 2752 etiam
1176 2690 1228 2752 bic
1250 2689 1316 2751 illic
1338 2689 1404 2751 eius
1423 2705 1486 2748 ora-
1581 2671 1582 2738 i

310 2794 439 2856 tionem.
486 2813 592 2875 neque
613 2803 701 2856 caret
723 2795 782 2855 hoc
804 2792 939 2874 quadam
962 2793 1111 2855 utilitate.
1158 2793 1190 2854 in
1219 2793 1317 2855 Bruto
1339 2789 1485 2852 Ciceronis
1581 2779 1582 2864 ζ

310 2893 328 2980 §
357 2898 397 2958 to
425 2896 466 2958 de
494 2896 609 2958 Siculis
642 2898 720 2960 haec
753 2895 920 2973 dicuntur,
956 2896 1034 2977 qaod
1063 2903 1141 2958 essct
1167 2901 1260 2958 oculo
1289 2895 1346 2957 illo
1371 2911 1438 2976 perra
1462 2897 1485 2951 et

312 3007 507 3062 controversa
528 3007 661 3076 actura,
687 3019 768 3080 quoe
783 2997 883 3062 verba
904 2997 1141 3081 opinationibus
1164 2997 1334 3061 inutilibus
1357 3006 1387 3059 et
1408 2995 1484 3057 vanis

311 3111 425 3164 vexata
446 3112 539 3165 sunt:
564 3099 729 3165 Ammiano
752 3122 823 3164 cum
846 3121 905 3164 ιιιι
923 3103 961 3162 to
978 3102 1017 3164 23
1035 3099 1183 3183 Aegyptii
1207 3099 1359 3164 dicuntur
1380 3106 1484 3162 cortro-

312 3205 411 3281 verai‚
436 3205 504 3266 veri
529 3206 632 3268 simile
655 3215 703 3268 εει
724 3205 926 3268 obversatum
950 3205 979 3267 ei
1002 3224 1072 3268 esse
1095 3203 1181 3285 quod
1203 3204 1348 3266 Ciceroni
1370 3200 1483 3285 quidam

313 3309 437 3389 eripere
460 3309 581 3371 volunt.
628 3307 713 3371 idem
735 3318 840 3371 autem
863 3307 948 3389 apud
965 3309 1148 3370 Ciceronem
1171 3308 1247 3388 legit
1267 3307 1362 3369 etiam
1378 3305 1485 3368 Cassio·

312 3410 439 3490 dorius,
470 3413 525 3492 qui
555 3411 628 3474 Var.
654 3431 664 3472 1
693 3432 744 3493 ep.
770 3412 788 3472 3
816 3413 859 3474 ita
889 3410 1044 3491 loquitur,
1076 3412 1215 3474 novimas
1244 3412 1343 3490 caim,
1376 3413 1484 3472 memo

317 3515 428 3590 Tullio,
455 3515 627 3576 stallorum
649 3522 766 3576 natura
787 3531 878 3595 qaam
899 3515 941 3576 sit
957 3512 1063 3595 facilis
1085 3513 1126 3576 ad
1148 3513 1312 3595 qrrcrcllas.

399 3617 552 3698 Perplexa
581 3617 680 3680 oratio
714 3626 762 3678 est
789 3634 848 3677 ιιιι
877 3615 897 3677 7
928 3618 964 3696 l,
1001 3625 1171 3697 propagata
1200 3615 1277 3677 inde
1307 3635 1325 3677 a
1356 3613 1479 3677 Gelenio.

313 3720 434 3781 interim
461 3719 644 3783 clamoribus
674 3721 773 3782 varlas
801 3719 925 3781 coecclaa
954 3718 1089 3782 olimina
1110 3717 1302 3782 rcmrltaltaat
1324 3717 1483 3800 qramm-

313 3822 387 3883 tium
409 3824 580 3906 centuplum
602 3821 767 3904 liberosque
789 3830 816 3885 et
837 3821 959 3903 siquid
980 3821 1209 3884 accersieralinis
1227 3829 1296 3883 arte
1310 3817 1479 3900 cortstriopit·

313 3923 370 3986 sed
394 3926 426 3985 in
448 3924 540 3986 libris
558 3925 706 3988 Vaticano
728 3922 966 3987 etAccursiano
986 3926 1103 4006 legitur
1125 3925 1346 4008 coastrr'rtptmt.
1393 3923 1481 4001 itaque

313 4025 519 4090 scribendum
542 4036 590 4090 est
612 4035 640 4090 ct
661 4029 690 4090 ai
710 4027 783 4109 quid
805 4045 1044 4090 racnssrrraruas
1066 4047 1159 4090 aaran
1182 4029 1402 4110 consumptor

399 4130 468 4190 Mox
483 4127 501 4212 ξ
517 4132 536 4191 6
551 4130 660 4211 inepta
674 4131 835 4212 leguntur.
875 4131 1021 4213 quosdam
1036 4130 1191 4192 damonem
1206 4131 1356 4194 inclinata
1371 4127 1482 4212 [asopo

314 4232 495 4294 intrinsecus
521 4231 662 4313 serebant
690 4235 832 4310 intactos,
863 4253 976 4317 copore
998 4241 1026 4296 ct
1046 4233 1149 4294 inedia
1169 4233 1394 4296 consumendos.
1435 4229 1482 4292 ab·

314 4332 423 4394 horret
451 4336 536 4396 enim
563 4334 704 4415 fercbom
729 4354 747 4396 a
776 4339 954 4398 necessaria
984 4335 1151 4399 sententia.
1197 4354 1313 4399 verum
1333 4337 1481 4399 Vaticanus

314 4433 399 4496 liber
424 4454 486 4497 non
517 4436 575 4499 boe
604 4436 717 4516 habet,
751 4437 809 4501 sed
838 4439 989 4502 serebant.
1036 4437 1243 4502 scribendum
1272 4447 1321 4502 est
1342 4451 1478 4510 ειιιιιιτ,
