3184 5108
311 353 385 425 200
604 369 694 428 lanea
717 386 884 430 enarrem
906 387 1089 430 areensem
1112 369 1203 429 teet.

439 565 468 620 et
485 575 598 638 presso
619 564 663 618 est
683 559 835 639 prctdtcte
857 575 934 618 suu:
957 558 1152 638 circumfluus
1175 575 1262 620 remor

438 662 546 723 rdtimo
565 661 700 741 possedit
719 661 906 742 solidumque
927 664 1059 724 coercuit
1079 661 1190 724 orbem.

310 766 474 847 praeclara
496 775 571 827 sunt
592 765 696 826 omnia
726 773 853 844 praeter
880 775 1050 844 postrema.
1098 785 1170 827 nam
1193 767 1302 829 ultimo
1324 768 1357 829 id
1380 779 1428 830 εει
1447 769 1491 828 in-

312 869 383 930 fima
405 867 584 949 possedisse
607 886 669 930 non
696 866 759 930 dici
782 877 886 948 potest
908 887 1017 930 umor:
1048 888 1239 950 quemquam
1263 869 1322 932 luit
1344 872 1399 952 qui
1421 871 1491 934 adeo

312 973 464 1053 ineptiret
487 981 521 1034 ut
543 981 670 1053 putaret
692 970 757 1033 dici
778 971 941 1034 Oceanum
963 971 1210 1052 profundissima
1231 993 1403 1056 occupasse
1425 976 1490 1057 quie

310 1087 415 1138 terrae
443 1075 603 1137 emineant
631 1093 729 1156 super
750 1075 868 1137 Oceani
897 1075 1108 1155 superficiem.
1155 1076 1347 1157 prudentius
1369 1077 1492 1140 Ovidius

311 1181 345 1242 in
375 1178 463 1241 lastis
492 1178 572 1240 illud
602 1177 683 1240 dixit
711 1177 796 1258 quod
823 1195 920 1258 supra
949 1177 1195 1259 adscripsimus,
1230 1181 1377 1243 sederunt
1406 1181 1492 1243 mede

311 1291 399 1346 terro
413 1283 586 1365 fretumque
600 1283 672 1344 soto.
714 1281 792 1363 quid
807 1281 927 1344 dixerit
942 1284 975 1343 in
992 1285 1284 1364 nietamorphoseon
1301 1283 1383 1347 libro
1397 1301 1492 1365 neque

313 1389 436 1469 reliqua
458 1387 609 1449 versiculi
631 1405 706 1466 pars
729 1385 877 1448 dubitare
900 1387 976 1448 sinit
1002 1405 1108 1467 neque
1131 1387 1216 1468 quod
1238 1397 1331 1450 antea
1354 1389 1489 1470 legimus,

312 1511 366 1554 uec
387 1490 531 1553 macchia
561 1490 647 1573 loupo
670 1491 811 1572 llo-rpem
840 1497 997 1551 errorum
1014 1497 1204 1571 porremernt
1225 1488 1419 1574 Amphitrite,
1449 1489 1492 1552 cui
1571 1511 1572 1580 ἐ

314 1595 512 1658 econtrario
533 1595 712 1676 oppositum
736 1612 806 1654 esse
829 1591 926 1655 debet
949 1592 1033 1673 quod
1057 1594 1108 1655 hic
1129 1605 1289 1658 narratur.
1335 1595 1395 1658 sed
1416 1604 1492 1676 post-

313 1717 407 1780 quarn
423 1708 514 1779 poeta
537 1717 554 1759 a
570 1715 692 1758 summa
707 1715 781 1759 arce
804 1697 836 1757 in
853 1715 915 1776 qua
936 1697 1048 1758 aether
1062 1697 1131 1758 sive
1153 1701 1238 1778 ignis
1256 1709 1304 1760 est
1326 1697 1368 1760 ad
1383 1713 1490 1775 aerem,
1571 1679 1572 1762 3

313 1801 354 1864 ab
376 1820 451 1864 aere
474 1801 515 1863 ad
537 1811 654 1862 terram
684 1802 826 1862 oratione
849 1799 1032 1878 descendit,
1063 1801 1171 1862 ultimo
1198 1801 1277 1863 illud
1299 1801 1493 1884 ambiguitate
1571 1811 1572 1830 ¹

314 1905 405 1968 lallit.
453 1923 515 1985 qua
538 1901 743 1984 ambiguitate
766 1887 863 1983 atque
891 1903 1083 1966 obscuritate
1106 1905 1257 1968 Ovidium
1279 1923 1428 1986 peccasse
1448 1915 1494 1966 aut

290 2010 405 2090 equasi
429 2009 543 2070 lusisse
567 2009 701 2070 lectores
717 2008 815 2070 multo
830 1996 943 2069 minus'
960 2007 1136 2088 putandum
1160 2018 1208 2070 est
1222 2027 1317 2089 quam
1340 2009 1494 2090 scripsisse

315 2133 387 2176 eum
410 2110 495 2192 quod
511 2112 673 2174 Bentleius
695 2130 732 2172 ec
754 2111 900 2173 acumine
924 2112 1129 2193 invenitque
1151 2113 1244 2174 etiam
1262 2111 1369 2174 Ovidii
1391 2112 1494 2176 multos

314 2235 428 2278 versus
450 2214 644 2293 emendavit,
669 2215 779 2295 plures
795 2213 924 2295 quidem
941 2234 1035 2295 quam
1051 2215 1146 2296 vulgo
1160 2225 1269 2277 notum
1286 2225 1345 2278 est.
1379 2215 1494 2296 scripsit

315 2320 412 2398 igitur
434 2317 568 2380 Ovidius
590 2317 786 2398 circumfluus
807 2335 896 2378 umor
918 2319 1032 2380 Exrrm
1056 2319 1192 2400 possedit
1212 2317 1400 2400 solidumque
1420 2335 1494 2380 coer-

313 2425 375 2486 cuit
397 2421 508 2486 ortem.
555 2421 687 2501 protulit
715 2422 796 2484 hanc
824 2419 1077 2483 emendationem
1100 2421 1262 2484 Bentleius
1292 2423 1324 2483 in
1354 2425 1401 2484 eis
1422 2436 1493 2502 quae

314 2525 355 2589 ad
378 2525 493 2587 Lucani
516 2544 580 2586 utu
605 2525 665 2586 tte
688 2524 874 2606 adscripsit,
901 2525 1012 2587 Silium
1037 2526 1177 2588 ltalieum
1200 2527 1294 2588 simul
1317 2543 1493 2588 commemo-

316 2648 409 2708 rans,
440 2630 495 2709 qui
525 2629 643 2690 emtima
664 2628 745 2690 dixit
769 2648 809 2690 ru
833 2629 911 2704 tem
945 2638 981 2689 ut
1002 2628 1153 2710 adpareat
1182 2629 1264 2690 hane
1286 2647 1410 2708 vocem,
1438 2645 1491 2708 qua

317 2734 436 2795 Plinius
458 2751 585 2813 quoque
608 2733 799 2812 aliquotiens
820 2750 898 2793 usus
920 2741 980 2810 est,
1006 2751 1069 2795 non
1092 2751 1163 2794 esse
1185 2731 1396 2812 antiquiorem
1410 2749 1492 2813 qnam

317 2846 352 2900 ut
367 2835 501 2899 Ovidius
524 2853 592 2896 eam
615 2833 780 2898 admisisse
798 2835 954 2898 videatur.
994 2844 1026 2898 et
1047 2835 1160 2898 debuit
1182 2834 1352 2897 admittere
1375 2845 1492 2896 atroce

317 2948 463 3002 uteretur
485 2940 576 3002 cuius
603 2957 666 3002 non
696 2939 844 3019 ambigua
867 2937 924 3002 sed
946 2948 1032 3001 certa
1055 2949 1087 3000 et
1108 2939 1279 3020 perspicua
1301 2949 1385 3001 esset
1405 2937 1494 3018 signi·

319 3043 431 3105 ficatio.
