3268 5108
387 417 475 476 lanan
498 433 665 478 uncrrourn
692 431 870 476 sssrrsnnvn
897 413 990 474 ⁴854.
1238 395 1285 471 39

108 605 273 686 lucoopertn
297 607 349 668 m'c
370 615 432 682 esl,·
464 623 520 666 ceo·
542 611 659 666 toolrom
682 603 785 686 effugit
808 603 912 665 ultra:
942 605 976 664 in
1000 601 1117 684 quibus
1140 601 1288 666 versibus

108 705 170 768 libri
188 707 303 789 fodisse
331 719 386 772 aut
410 709 531 790 fudisse
553 707 689 787 habent,
722 723 835 768 sumssa
858 709 984 788 egregia
1009 717 1056 769 est
1078 705 1287 769 Wernsdorlii

106 811 286 891 emendatio,
320 831 414 893 quam
445 811 562 874 deinde
592 814 660 892 ipsc
690 808 892 872 mirabilibus
922 820 954 872 ει
983 811 1073 872 vanis
1102 812 1288 872 commentis

104 913 282 977 obscuravit.
322 915 463 995 denique
485 915 647 996 lympham
670 915 740 976 limo
759 914 891 976 humum
915 913 1064 977 edentem
1079 912 1173 976 valde
1189 914 1287 975 mira-

106 1037 166 1079 mur
186 1018 329 1081 lubricae
352 1017 534 1080 admodum
560 1018 831 1098 interpretationis
853 1017 986 1079 artificio
1010 1016 1174 1080 defensam
1198 1037 1284 1080 esse:

104 1121 184 1184 nobis
211 1121 342 1185 videtur
371 1122 512 1201 Scaliger
542 1129 572 1182 ct
602 1121 836 1201 elegantissime
868 1131 899 1182 ει
924 1121 1091 1184 verissime
1121 1123 1287 1202 scripsisse

104 1244 149 1284 scu
170 1214 291 1307 iyonpbo
310 1227 440 1307 percolui
461 1225 531 1287 Edit
552 1225 675 1285 bomem
698 1223 823 1306 urun:*)
844 1223 963 1286 babent
985 1235 1090 1288 autem
1107 1224 1190 1288 liber
1207 1225 1289 1287 Gan-

103 1328 299 1410 tabrigiensis
321 1339 352 1391 et
367 1330 441 1390 olim
458 1329 595 1409 inpressi
615 1330 756 1409 perenni,
782 1345 845 1390 non
864 1329 1021 1410 peremnis.
1061 1338 1131 1410 post
1155 1347 1288 1410 eaquae

104 1447 189 1513 snpra
215 1429 465 1513 adscripsimus,
494 1450 555 1492 mou
583 1438 629 1492 est
653 1430 701 1492 bie
722 1449 819 1493 eausa
845 1431 995 1509 docenda,
1027 1435 1107 1494 Dum
1135 1439 1288 1514 steropas

102 1553 212 1608 mosoc,
237 1545 332 1617 poeta
356 1538 397 1597 ita
420 1535 537 1616 pergit,
563 1535 589 1594 si
611 1533 704 1596 libris
727 1535 801 1596 olim
825 1535 981 1617 inpressis
1004 1534 1175 1615 credimus

429 1640 496 1720 quos
518 1639 598 1700 euim
620 1657 681 1699 uec
703 1637 816 1701 viderit
837 1639 925 1716 illud,

219 1761 286 1806 esse
309 1745 396 1805 sinus
415 1741 549 1824 pentius,
575 1749 673 1804 tantos
697 1759 848 1825 emergere
867 1741 965 1825 sontes

221 1866 289 1910 mom
313 1847 395 1908 cadet
417 1863 453 1907 ce
475 1851 638 1908 torrentem
660 1847 719 1907 imo
741 1864 774 1908 se
795 1865 931 1930 mergere
952 1846 1062 1908 biolo?

103 1949 153 2010 sed
168 1951 217 2011 hie
232 1969 362 2031 quoqne
378 1948 526 2010 Italorum
550 1957 649 2011 artem
667 1947 952 2030 deprehendimus.
993 1951 1112 2014 etenim
1135 1951 1213 2013 haee
1229 1953 1289 2012 tria

103 2051 191 2114 verba
225 2073 287 2115 reon
318 2052 430 2115 viderit
460 2051 538 2114 illud
563 2069 581 2113 a
615 2050 707 2114 libris
735 2051 978 2115 Helmstadiensi
1010 2063 1040 2115 et
1069 2051 1290 2134 Rcbdigcrano

102 2154 225 2218 absunt:
253 2159 285 2218 in
304 2153 558 2235 cantabrigiensi
582 2157 736 2238 scriptum
759 2159 895 2238 estquis
918 2159 997 2219 emim
1020 2176 1080 2218 uon
1103 2157 1200 2221 eredit
1221 2159 1291 2220 ima-

102 2261 143 2320 cis
171 2263 245 2322 Esse
266 2262 356 2322 sicus
374 2260 515 2340 penitus,
547 2257 697 2340 idemque
720 2261 753 2321 in
776 2257 891 2322 Aldina
915 2260 1089 2342 exemplari
1112 2261 1287 2340 invenitur,

102 2363 178 2443 quod
199 2373 307 2426 tamen
326 2363 448 2425 rectius
471 2381 583 2425 casnm
606 2361 746 2425 exhibet.
794 2363 852 2425 hoc
874 2373 980 2426 autem
1005 2361 1096 2425 modo
1118 2365 1197 2444 quin
1220 2385 1291 2426 car-

103 2487 166 2528 men
189 2465 425 2530 restituendum
448 2466 489 2527 sit
512 2483 618 2546 neque
642 2465 716 2529 libri
742 2465 1012 2548 Cantabrigiensis
1035 2471 1204 2531 auctoritas
1227 2468 1289 2532 du-

103 2569 196 2634 bilarc
219 2571 297 2632 sinit
312 2589 419 2650 neque
435 2569 535 2652 ipsius
550 2571 700 2632 orationis
724 2571 929 2632 concinnitas.
970 2591 1042 2633 nam
1066 2573 1181 2652 nequis
1199 2583 1290 2654 putet

103 2693 157 2735 nou
178 2693 272 2755 posse
304 2675 416 2736 inanes
443 2673 506 2735 dici
536 2674 625 2735 sinus
649 2692 688 2736 ex
711 2673 829 2755 quibus
852 2677 957 2754 magni
987 2674 1088 2738 lentes
1112 2687 1286 2756 emergant,

103 2779 270 2840 tenendum
294 2788 342 2840 cst
365 2778 472 2839 inania
494 2778 610 2858 opponi
635 2776 755 2839 solidis.
796 2797 868 2840 mox
891 2797 942 2840 ruo
966 2787 1052 2840 recte
1071 2779 1290 2860 scriptumest

103 2883 128 2940 in
151 2880 242 2943 libris
265 2881 340 2942 clim
363 2881 535 2961 inpressiS,
567 2900 628 2942 uno
650 2882 764 2943 vitiose
790 2883 823 2942 in
847 2879 1012 2944 codicibus
1035 2880 1289 2963 Cantabrigiensi

102 2983 340 3047 Helmstadiensi
364 2983 595 3064 Rebdlgerano.
643 2993 710 3046 tum
733 2984 774 3046 ab
797 2982 917 3047 eisdem
946 2982 1050 3048 tribus
1072 2985 1236 3048 codicibus
1258 3005 1291 3049 se

102 3107 228 3151 serenae
251 3097 413 3150 servatum
443 3096 508 3164 est,
541 3105 612 3149 cum
643 3088 780 3168 inpressi
810 3090 844 3150 in
875 3087 1046 3170 depravato
1075 3108 1107 3152 sc
1133 3079 1329 3173 emerpere'tt

102 3195 280 3274 conspirare
297 3191 479 3253 videantur.
520 3189 720 3253 illudentem
737 3193 914 3272 permirum
930 3201 988 3268 cst,
1014 3199 1187 3268 torrentem,
1206 3192 1291 3273 quod

102 3296 233 3375 inpressi
258 3294 392 3373 babent,
426 3296 468 3356 ila
496 3294 623 3375 placere
652 3295 793 3373 potuisse
822 3304 857 3357 nt
885 3314 978 3356 nemo
1001 3293 1042 3357 de
1065 3296 1134 3358 eius
1158 3299 1292 3360 veritate

103 3397 272 3461 dubitaret.
320 3415 393 3459 nam
416 3405 448 3458 et
471 3395 604 3458 lontinm
627 3395 816 3459 vocabulum
840 3417 912 3460 cum
934 3398 994 3459 alia
1017 3417 1095 3459 voce
1118 3383 1182 3462 non
1205 3409 1292 3463 recte

104 3511 298 3582 permutatur
332 3513 364 3563 et
394 3503 496 3582 ipsum
528 3501 586 3561 boc
620 3503 770 3562 torrentis
799 3500 989 3564 vocabulum
1022 3519 1128 3582 neque
1163 3511 1294 3584 propter

102 3607 359 3686 significationem
383 3615 492 3686 aptum
508 3613 556 3666 est
572 3621 678 3684 neque
694 3604 847 3684 singulari
871 3624 1005 3667 numero
1021 3604 1193 3669 dicendum
1211 3617 1290 3668 erat.

102 3710 183 3790 atqui
205 3717 369 3772 torrentem
385 3708 452 3769 llali
470 3705 626 3786 lecerunt,
653 3725 723 3769 cnm
747 3707 890 3770 codicum
907 3709 1020 3771 vitium
1041 3711 1159 3772 rectius
1183 3728 1294 3772 emen-

103 3813 174 3874 dare
196 3814 375 3875 nescirent:
402 3813 434 3872 in
452 3809 616 3873 codicibus
640 3811 726 3871 enim
743 3811 997 3892 Cantabrigiensi
1018 3823 1049 3874 et
1066 3813 1198 3892 reliquis
1214 3812 1294 3875 duo-

104 3915 157 3978 bus
179 3918 332 3997 scriptum
357 3925 405 3977 est
427 3921 558 3977 torreas.
599 3915 707 3994 itaque
730 3915 787 3976 bos
810 3933 923 3978 versus
946 3917 988 3978 ita
1012 3915 1291 3995 conformabimus,

102 4022 163 4100 quis
185 4021 266 4082 enim
288 4038 348 4080 non
370 4017 476 4080 credat
497 4019 604 4080 inanes
640 4017 714 4080 Esse
736 4019 823 4080 sinus
849 4019 987 4100 peniteas,
1022 4027 1121 4082 lautos
1144 4039 1295 4104 emergere

102 4123 194 4204 fenim
226 4125 300 4184 Cum
323 4122 462 4184 oidelae
486 4139 609 4183 normas
632 4121 690 4182 imo
713 4139 745 4184 se
767 4139 903 4204 mergere
925 4122 1033 4185 biolo?

185 4225 322 4288 Proximi
339 4241 452 4286 versus
469 4224 724 4304 depravatissimi
743 4233 826 4304 sunt,
852 4243 959 4306 neque
982 4243 1091 4288 eornm
1114 4226 1295 4289 emendatio

192 4551 215 4614 ’l
239 4551 335 4616 [Edidit
355 4553 498 4617 Hauptlas:
520 4551 589 4602 rodii
608 4553 722 4601 lmmum
744 4551 828 4617 lima]
