3204 5104
343 407 415 478 402
639 421 725 480 lunen
749 437 914 481 ιιυυιιοιινι
937 437 1121 481 narramur!
1145 419 1238 480 4868.

340 603 474 694 γείρβρε,
498 602 598 680 κάλως
621 602 767 683 αίιιάαδυις
795 609 855 669 466
877 608 985 693 χαῖρε,
1011 600 1132 692 νιίρρα,
1157 603 1271 692 Χαῖρε,
1300 605 1380 690 riute
1401 601 1514 690 γᾶμβρι,

340 707 448 775 πόλλα.
499 713 559 773 466
582 705 618 774 οὖ
640 705 698 796 γὰρ
721 701 758 795 ἦν
781 709 870 796 ἑτίρα
890 704 980 788 πάις,
1004 700 1031 770 ὦ
1052 703 1186 794 γάρβρε,
1210 703 1346 773 τυιαιίτα.
1393 709 1433 772 da
1454 712 1516 770 Pin-

340 815 409 876 dari
433 815 482 875 Ol.
509 813 569 875 74
600 812 705 897 νεανία
725 813 853 900 γαμβρῷ
881 815 958 876 satis
985 813 1067 876 dixit
1090 813 1276 876 ltoeolhius.
1323 812 1408 894 apud
1429 811 1515 894 44336-

341 919 446 978 chium
470 917 605 996 legimus
628 912 872 1003 ραλλόγαμβρυς·
897 914 1135 1002 μελλυνυρφίυς,
1159 915 1215 978 ubi
1239 917 1359 978 rectius
1381 914 1444 977 lora
1463 933 1514 996 pu-

342 1031 444 1082 tamus
476 1019 715 1106 ρελλυνιίμιριυς,
752 1021 809 1083 sed
844 1021 1001 1084 inutiliter
1033 1020 1192 1082 coniciunt
1222 1018 1426 1082 scribendum
1455 1035 1512 1079 ossa

341 1119 547 1207 μελλόγαρυς·
571 1117 790 1209 μελλόνυρρυς.
823 1143 895 1186 nem
912 1118 1137 1208 μελλόγαμβρυς
1154 1133 1216 1184 tarn
1233 1133 1355 1185 rectum
1371 1131 1417 1184 eet
1431 1139 1511 1202 quam

341 1223 499 1310 μελλείρην
529 1235 560 1287 et
589 1224 795 1311 ρελλίρηβυς,
828 1245 934 1307 neque
964 1237 1000 1290 ut
1028 1219 1235 1310 ριλλόνυμφυς
1265 1225 1423 1287 scribatur
1445 1241 1513 1304 opus

341 1347 412 1390 esse
434 1327 563 1390 videtur
584 1339 639 1391 ant
662 1329 714 1392 hio
735 1338 789 1392 aut
811 1329 896 1410 apud
919 1326 1076 1393 Pollucem
1100 1345 1133 1390 ιιι
1153 1329 1205 1406 46,
1230 1323 1246 1390 i
1270 1325 1304 1390 δὲ
1327 1325 1441 1411 utiles
1460 1341 1512 1408 γα-

341 1431 406 1513 usia
422 1425 641 1517 μελλυνόμριυς
664 1424 715 1495 ὑπ’
741 1429 828 1495 ίνίυιν
850 1428 986 1516 ἐκλήθη,
1011 1426 1053 1504 ὡς
1069 1425 1125 1495 {aad
1141 1429 1296 1517 Φρυνίχου
1313 1434 1366 1494 τοῦ
1381 1431 1510 1513 eumeni.

340 1534 528 1597 vocabulum
552 1534 636 1616 quod
659 1543 708 1597 est
729 1530 798 1607 νυός
820 1538 949 1617 proprie
973 1536 1029 1598 lilii
1046 1553 1176 1599 uxorem
1193 1535 1374 1616 significare
1389 1533 1513 1596 ducturi

289 1671 299 1680 ·
340 1656 403 1698 non
433 1646 536 1718 potest
563 1648 695 1718 propter
723 1638 857 1700 eandem
887 1639 1146 1720 significationem
1177 1637 1401 1700 vocabulorum
1429 1635 1514 1698 lndiri

339 1739 475 1816 suasio,
501 1742 601 1803 Latini
618 1759 734 1817 numu,
760 1742 913 1804 Theotisci
930 1759 1026 1817 sutor,
1051 1739 1165 1804 Slavici
1181 1741 1315 1804 emoto:
1339 1757 1441 1821 neque
1456 1741 1513 1800 rari

340 1843 476 1925 quadam
505 1841 715 1907 similitudine
744 1854 830 1908 caret
861 1863 969 1908 eorum
998 1846 1104 1926 opinio
1134 1847 1189 1926 qui
1212 1841 1330 1908 mnia
1357 1842 1398 1906 ad
1418 1859 1513 1914 eunus,

341 1947 395 2007 titii
426 1965 558 2024 nomen,
596 1945 751 2010 referunt.
806 1945 864 2009 sed
897 1942 966 2019 νυός
998 1957 1130 2030 praeter
1159 1949 1240 2010 hane
1268 1947 1513 2027 significationem

339 2051 416 2112 alias
438 2051 598 2130 accepisse
619 2050 745 2112 Photius
768 2049 859 2112 docet
881 2067 913 2132 p.
931 2051 994 2112 366
1011 2045 1069 2130 23,
1093 2045 1163 2122 νυὸς
1184 2047 1323 2113 καλεῖται
1346 2045 1399 2132 μὲν
1419 2047 1513 2111 hirco

339 2147 359 2235 ἡ
382 2155 435 2216 τοῦ
464 2151 530 2216 υίυῦ
552 2147 626 2236 γυνὴ
649 2151 709 2223 τοῖς
731 2153 867 2236 γονεῦσιν
891 2148 1001 2234 αὐτοῦ·
1032 2156 1167 2239 χρῶνται
1189 2150 1223 2216 il
1244 2154 1288 2239 aqi
1311 2147 1433 2236 ὀνόματι
1450 2174 1513 2213 rot·

340 2253 431 2327 κίλως
464 2254 493 2318 ol
522 2251 655 2338 ποιηταί.
709 2256 799 2318 cuius
832 2255 994 2320 varietatis
1028 2260 1060 2319 in
1096 2259 1144 2319 eis
1176 2273 1259 2338 quae
1288 2273 1346 2318 nos
1376 2255 1515 2318 habemus

340 2359 477 2420 Graecae
500 2358 605 2438 poesis
629 2360 841 2421 monumentis
862 2379 961 2440 pauca
984 2369 1093 2424 extant
1116 2360 1265 2440 vestigia:
1298 2369 1406 2422 eontra
1427 2356 1514 2419 latim

340 2471 451 2542 poetae
473 2479 569 2542 saepe
592 2479 731 2524 nuruum
754 2460 905 2525 vocabulo
928 2465 1060 2526 iuvenes
1082 2463 1234 2525 mulieres
1257 2459 1418 2526 dixerunt.
1460 2475 1513 2521 non

342 2564 523 2626 invenimus
552 2565 607 2644 qui
637 2565 679 2626 ita
710 2583 747 2626 ea
774 2583 851 2628 voce
881 2583 956 2628 usus
978 2567 1020 2627 sit
1050 2567 1189 2647 priorem
1211 2564 1343 2627 Ouidio:
1375 2567 1403 2627 is
1422 2573 1513 2626 autem

340 2669 468 2747 saepius
490 2663 524 2728 id
546 2665 638 2746 lecit,
663 2666 731 2729 Art.
756 2685 819 2730 am.
844 2685 878 2730 ιιι
902 2669 976 2748 248,
1001 2671 1087 2731 llet.-
1099 2685 1121 2730 ιι
1144 2670 1219 2748 366,
1243 2687 1273 2730 νι
1297 2667 1372 2747 688,
1401 2687 1428 2730 ιι
1448 2668 1511 2741 644,

341 2789 369 2830 ιι
392 2772 430 2846 3,
461 2787 503 2831 xn
526 2771 606 2848 246,
639 2789 676 2831 xv
698 2772 777 2849 486,
809 2771 903 2834 Trist.
928 2791 950 2834 ιι
977 2773 1037 2834 244
1062 2773 1144 2852 364,
1177 2789 1217 2833 ex
1247 2773 1343 2834 Ponto
1366 2789 1399 2834 ιιι
1427 2769 1510 2844 846,

341 2875 422 2934 Fast.
449 2889 477 2933 ιν
503 2873 575 2935 462.
622 2871 827 2936 adsciverunt
855 2874 974 2937 deinde
1004 2877 1089 2937 huno
1118 2893 1210 2938 usum
1240 2875 1388 2955 plerique
1417 2883 1512 2957 poetae
1584 2917 1585 2920 ,

341 2975 461 3051 Latini,
493 2975 630 3037 imitator
650 2975 758 3037 Ovidii
781 2979 840 3058 Ep.
866 2977 884 3037 8
912 2979 961 3054 42,
988 2977 1027 3038 46
1053 2977 1112 3039 484
1139 2979 1211 3056 494,
1239 2977 1277 3038 46
1302 2979 1377 3054 242,
1409 2979 1511 3039 &neca

342 3080 433 3140 llere.
458 3078 520 3140 fur.
546 3079 586 3140 26
609 3078 671 3139 577
687 3077 763 3159 878,
788 3081 905 3142 Placen.
923 3079 997 3160 676,
1023 3080 1136 3142 Troad.
1154 3081 1229 3158 366,
1255 3080 1337 3142 lled.
1357 3083 1408 3159 iti,
1433 3078 1509 3141 llere.

340 3181 411 3242 Oet.
429 3181 492 3242 338
515 3181 572 3242 374
601 3181 663 3242 398
688 3181 749 3244 466
774 3182 836 3246 626
860 3183 933 3262 673,
960 3187 1127 3246 Lucanusr
1145 3184 1217 3262 466,
1243 3184 1352 3262 vata,
1379 3201 1427 3245 nn
1449 3181 1508 3255 464,
1583 3247 1584 3252 ,

341 3284 484 3346 Valerius
506 3285 632 3346 Flaccus
655 3301 664 3346 ι
688 3285 768 3364 tta,
799 3303 821 3347 ιι
848 3287 902 3348 444
932 3288 1011 3366 466,
1042 3303 1075 3348 ιιι
1099 3282 1179 3366 3448,
1210 3305 1240 3348 ιν
1261 3287 1344 3365 369,
1377 3303 1427 3348 ιιιι
1449 3283 1508 3355 444,
1583 3317 1584 3341 t

342 3385 438 3448 Silius
460 3387 586 3450 ltalious
609 3405 642 3449 ιιι
664 3388 736 3467 464,
761 3389 910 3451 llartialis
925 3407 954 3451 ιν
969 3389 1022 3469 76,
1047 3407 1088 3452 ιιι
1104 3390 1139 3452 24
1160 3391 1192 3468 8,
1218 3390 1338 3452 Statius
1361 3391 1435 3451 Situ.
1457 3387 1509 3447 ui

344 3488 416 3566 447,
451 3489 469 3549 6
494 3489 546 3568 26,
577 3489 677 3552 Theb.
702 3509 742 3552 ιιιι
768 3493 839 3572 484,
870 3491 1063 3555 Claudianus
1092 3494 1123 3554 in
1146 3492 1217 3554 aut.
1242 3511 1264 3552 ιι
1288 3491 1342 3572 64,
1373 3492 1413 3554 de
1433 3499 1509 3570 nupt.

343 3593 421 3652 tlon.
450 3593 501 3672 43,
526 3592 567 3656 da
590 3593 623 3656 b.
648 3593 732 3658 Gild.
760 3593 832 3672 486,
858 3595 890 3654 in
914 3595 1003 3657 Eutr.
1029 3613 1051 3656 ιι
1073 3593 1153 3677 prol.
1179 3597 1232 3675 28,
1257 3595 1299 3657 de
1323 3596 1356 3658 h.
1378 3597 1442 3658 Get.
1463 3593 1507 3668 84,

342 3694 382 3756 de
405 3713 434 3756 νι
457 3713 542 3758 cons.
569 3698 646 3759 iton.
673 3698 734 3760 298
758 3697 832 3758 664.
879 3697 912 3758 in
944 3698 993 3760 his
1015 3697 1162 3762 versibus
1190 3717 1253 3762 nen
1277 3695 1511 3780 premiturqui-

342 3796 433 3876 (lem,
458 3797 517 3860 sed
539 3819 601 3862 non
626 3801 725 3881 magis
747 3799 928 3862 excluditur
949 3811 1119 3882 nuptarum
1135 3802 1333 3882 significatio.
1374 3801 1511 3884 promitur

344 3900 374 3959 in
399 3901 500 3980 glossa
523 3902 745 3965 Philoxeniana
769 3903 902 3980 Merita,
926 3921 1027 3965 uterus
1049 3897 1167 3990 νιίμρητ
1199 3905 1245 3966 343
1267 3905 1353 3966 enim
1377 3904 1508 3984 scripturn
1581 3927 1582 3988 ]

343 4013 391 4064 334
414 4005 447 4065 in
470 4003 551 4065 libro
568 4007 707 4068 Parisino
729 4024 834 4086 neque
858 4015 944 4068 reete
966 4023 1065 4068 ιιυινιι
1087 4007 1277 4071 omiserunt:
1304 4008 1388 4070 idam
1410 4007 1510 4087 glossa-

344 4107 425 4168 rium
448 4116 555 4187 postea
578 4109 685 4170 Norae
706 4102 826 4193 νύμφη,
857 4105 1123 4189 quemadmodum
1152 4111 1212 4171 alia
1241 4111 1390 4191 glossaria
1412 4101 1508 4189 Νίμρι,

341 4227 442 4271 nurus
470 4208 600 4271 habant.
655 4210 836 4274 excluditur
869 4214 1053 4274 maritarum
1087 4214 1170 4274 notio
1203 4232 1276 4276 oum
1306 4215 1419 4276 Statius
1445 4209 1507 4270 dicit

342 4311 442 4372 thob.
469 4333 486 4373 ν
509 4314 570 4374 266
599 4314 728 4395 viyiloot
755 4322 923 4396 nuptaeque
951 4331 1108 4396 socrusque
1130 4317 1165 4378 lu
1188 4317 1297 4380 scelus.
1345 4315 1425 4379 nude
1446 4313 1509 4373 liar-
1580 4323 1581 4326 ’

343 4415 428 4476 thius
451 4417 519 4476 veri
542 4416 691 4477 similitor
712 4418 835 4479 consuit.
863 4417 949 4498 aptrd
972 4419 1130 4480 Valerium
1154 4419 1296 4481 Flaccum
1321 4439 1342 4482 ιι
1363 4419 1421 4482 247
1442 4415 1508 4476 scri-

344 4515 484 4578 bendum
508 4537 577 4578 essa
601 4521 764 4581 imao-am
785 4528 869 4580 urtam
888 4523 1010 4600 paritor·
1031 4529 1200 4602 uttptoequa
1221 4541 1395 4604 oratoresque:
1417 4535 1507 4597 neque
