3240 5094
390 452 476 516 innox
500 471 661 520 ιιοτιοιινι
685 473 867 521 ιιιιεινιιιιιι
886 454 979 520 ison.
1202 439 1276 516 ilii

177 639 231 706 καὶ
260 639 368 708 στάδια
395 639 426 707 δ’
450 639 527 708 κατὰ
552 639 605 729 την
635 640 835 731 ἀναμέτρησιν
854 641 1087 731 Ἐρατοσθένους
1107 648 1161 712 τοδ
1182 649 1281 712 πολυ-

181 745 312 828 μαθοῦς.
352 743 416 810 ἐπεὶ
433 746 466 811 δὲ
480 745 533 831 τὴν
550 743 647 834 ἀρχὴν
670 749 703 812 ἐκ
725 751 777 813 τοδ
793 740 909 834 Ἴστρου
923 745 1121 834 ποιησάμενοι
1142 745 1281 837 ὠλισθη-

178 873 276 934 σαμεν
307 845 358 914 καί
386 846 526 936 περὶτοῦ
550 849 661 916 Νείλου
684 851 796 930 εἰπεῖν,
829 847 883 917 οόκ
906 843 1029 938 ἀκαιρον
1050 847 1208 940 ηγοόμεθα
1230 851 1281 919 καί

179 952 286 1038 ἑτέρου
316 955 487 1039 μνησθῆναι
514 953 681 1042 κεφαλαίου
709 949 899 1041 καταλλήλου
929 949 1112 1044 δπάρχοντος
1140 961 1193 1024 τοῦ
1213 956 1281 1043 περί

95 1054 131 1114 70
176 1058 233 1139 της
256 1057 374 1142 ἐκροίας
397 1053 500 1124 αάτοδ.
539 1054 617 1124 κατὰ
632 1056 689 1144 γὰρ
703 1053 753 1123 τὸν
774 1054 878 1146 καιρόν
901 1063 953 1145 τῆς
975 1054 1084 1126 ἀνόδου
1101 1064 1153 1126 τοῦ
1170 1059 1281 1126 Νείλου

176 1153 372 1244 ἀνεῴγνυσαν
395 1161 424 1225 οί
447 1157 603 1246 Αίγόπτιοι
627 1157 664 1226 τά
688 1157 806 1248 μεγάλα
826 1167 883 1227 τῶν
906 1162 1055 1248 δημοσίων
1078 1168 1208 1251 λουτρῶν
1232 1160 1282 1229 καί

177 1257 256 1330 διότι
270 1259 290 1347 ἡ
308 1257 452 1349 ἀνάχυσις
468 1261 559 1330 αὐτοῦ
574 1263 686 1352 γίνεται
700 1261 788 1351 ἡλίου
803 1258 885 1339 όντος
901 1267 932 1330 ἐν
947 1267 1044 1331 λέοντι
1057 1262 1125 1339 τοδς
1140 1262 1281 1353 κρουνοδς

174 1368 233 1429 τῶν
251 1359 368 1430 δδάτων
384 1367 575 1441 λεοντοειδεῖς
590 1369 723 1434 ἐποίουν·
749 1363 820 1435 όθεν
836 1371 867 1442 ἐξ
888 1370 1003 1435 ἐκείνου
1025 1365 1208 1456 ἐπεκράτησε
1230 1367 1281 1434 καί

176 1469 235 1532 τῶν
266 1463 435 1556 δποληνίων
464 1467 532 1544 τοὺς
561 1469 702 1558 κρουνοδς
732 1469 1007 1559 λευντοπροσυίπους
1033 1469 1280 1552 κατασκευάζειν,

94 1572 131 1632 75
176 1565 225 1636 ότι
255 1567 275 1657 ἡ
303 1577 355 1637 τοδ
385 1571 467 1638 οἴνου
495 1571 642 1662 ἀπόρρυτα
666 1577 798 1661 μιμεῖται
819 1571 872 1662 την
894 1581 948 1642 τοῖν
970 1575 1081 1642 Νείλου
1103 1572 1206 1664 χόσιν,
1236 1571 1282 1642 ότι

177 1675 210 1737 ἐν
233 1677 278 1762 τῷ
300 1681 435 1764 τρυγητῷ
457 1671 574 1763 δῆλιος
595 1676 648 1765 τήν
663 1675 794 1764 πάροδον
818 1675 910 1746 αότοδ
931 1683 963 1744 έν
978 1687 1021 1767 τῷ
1035 1682 1132 1746 λέοντι
1153 1681 1282 1746 ποιεῖται

178 1774 260 1843 κατὰ
281 1776 348 1851 τυδς
371 1777 532 1868 εδκράτους
553 1777 671 1855 τόπους.

93 1999 121 2054 ἀν
139 2002 181 2071 εἴη
200 2003 230 2054 τδ
250 2003 311 2056 αὐτὸ
330 2003 390 2074 ὅπερ
403 2005 504 2075 είρηκεν
517 2001 715 2078 Ἐρατοσθένης,
735 2007 764 2060 εδ
782 2006 832 2060 ἀπδ
845 2005 980 2079 Θαψέκου,
1000 2007 1058 2062 καθ’
1073 2009 1086 2062 δ
1099 2008 1131 2079 ἠν
1142 2008 1172 2061 τδ
1184 2008 1280 2080 ζεῦγμα

92 2093 135 2140 τοῦ
152 2085 293 2160 Εδηράτυυ
311 2089 339 2142 εδ
357 2089 473 2154 παλαιόν,
495 2090 538 2144 ἐπὶ
555 2093 602 2161 τὴν
618 2096 664 2143 τοῦ
682 2089 782 2164 Τίγριος
800 2092 922 2163 διάβασιν,
942 2090 1002 2148 καθ’
1019 2093 1052 2164 ἢν
1070 2093 1143 2164 διέβη
1162 2092 1282 2155 Ἀλέξαν-

93 2173 148 2242 δρος
166 2175 261 2238 αὐτόν,
283 2175 411 2248 δισχιλίων
429 2178 613 2246 τετρακοσίων·
639 2177 668 2230 εδ
688 2174 712 2230 δ1
735 2177 869 2250 ἐλάχιστον
888 2180 970 2252 μικρῖρ
983 2178 1060 2233 πλέον
1078 2189 1129 2234 τῶν
1148 2179 1282 2233 διακοσίων

91 2259 155 2312 κατὰ
174 2257 331 2314 Σελεύκειάν
349 2281 399 2316 που
417 2265 461 2316 καὶ
474 2261 624 2333 Βαβυλῶνα,
701 2271 744 2317 oi.
764 2262 976 2336 ιδλισθησαμένην
995 2264 1048 2319 οίδε
1066 2267 1122 2338 περὶ
1136 2269 1165 2318 V,
1237 2273 1279 2318 7⁰.

92 2349 166 2418 κατὰ]
184 2352 230 2404 καὶ
250 2351 298 2400 ΙΝ.
338 2355 378 2402 ii.
401 2349 511 2422 ρωμαῖοι
531 2352 587 2404 LV:
614 2348 748 2422 Αἰγύπτιοι
766 2353 890 2418 praebuit
908 2357 1065 2418 excerptum
1083 2369 1098 2404 υ
1117 2354 1281 2405 Boissonodo

94 2439 212 2497 editum,
235 2437 308 2503 quod
327 2439 458 2502 iniogrom
478 2438 686 2489 adscribendum
700 2439 836 2489 duximus.
875 2435 958 2492 Πόθεν
976 2436 1101 2510 παρήχθη
1119 2439 1148 2491 τδ
1164 2438 1223 2497 τοὺς
1240 2438 1282 2491 λι-

94 2521 177 2581 θίνους
195 2520 323 2592 κρουνοὺς
341 2529 391 2574 τῶν
410 2521 495 2593 ληνῶν
515 2520 756 2592 λεοντοπρυσιδπους
775 2529 865 2577 ποιεῖν.
904 2521 930 2576 έν
949 2520 1069 2596 Αίγύπτιρ
1087 2524 1105 2593 ἡ
1123 2529 1168 2578 τοῦ
1186 2521 1281 2579 Νείλου

94 2605 214 2680 ἀνάχυσις
241 2606 285 2660 καί
308 2605 459 2679 θπέρβλυαις
482 2603 539 2661 κατ1
566 2607 664 2662 ἐκεῖνον
688 2607 774 2662 εἰώθει
795 2607 907 2680 γίνεσθαι
928 2615 974 2662 τοῦ
1000 2609 1115 2664 ἐνιαυτοῦ
1134 2611 1177 2664 τδν
1194 2614 1282 2682 καιρδν

94 2693 153 2750 καθ’
175 2698 203 2750 δν
223 2695 240 2750 δ
257 2695 331 2766 ἥλιος
351 2694 377 2747 έν
394 2695 432 2766 τῷ
444 2693 527 2747 λέοντί
545 2693 606 2748 ἐστι.
643 2700 781 2765 τηνικαῦτα
804 2699 864 2766 γοῦν
883 2695 907 2748 ol
926 2693 1060 2768 Αἰγύπτιοι
1077 2697 1108 2749 τά
1125 2715 1152 2748 τε
1171 2697 1282 2768 δημόσια

94 2785 136 2836 καὶ
155 2783 259 2856 μεγάλα
276 2782 371 2853 λουτρὰ
393 2780 495 2852 ἤνοιγον
513 2779 633 2839 καὶτοὺς
651 2779 810 2854 ἁπανταχόθι
833 2781 956 2850 κρουνοὺς
979 2789 1030 2834 τῶν
1047 2781 1146 2835 ὑδάτων
1165 2784 1201 2842 είς
1220 2783 1283 2853 σιίμ-

95 2867 169 2938 βολον
187 2875 237 2924 τοῦ
257 2869 420 2937 ἐνισταμένου
438 2866 529 2936 ζῳδίου
548 2867 638 2930 (cocco
652 2870 746 2932 codex)
766 2865 1005 2938 λεσντσπροσώπους
1017 2867 1129 2922 ἐποίουν.
1160 2866 1281 2922 κάκεῖθεν

95 2955 256 3027 ἐπεκράτησε
273 2954 317 3009 καί
334 2955 363 3006 τδ
380 2952 440 3013 τοὺς
457 2961 509 3006 τῶν
527 2951 671 3025 δποληνίων
689 2953 812 3025 κρουνοὺς
829 2953 991 3012 λεοντοειδεῖς
1009 2954 1220 3016 κατασκευάζειν,
1245 2954 1281 3014 είς

94 3041 199 3114 μίμησιν
223 3048 274 3114 της
296 3045 341 3094 τοῦ
359 3032 475 3112 Νειληίαυ
500 3037 590 3098 ὕδατος
614 3039 779 3112 πρυσχίισεως
803 3038 1018 3110 προκαλουμένων
1040 3039 1115 3109 ἡμῶν
1139 3039 1215 3092 οίονεὶ
1237 3039 1281 3092 καί

93 3129 138 3198 την
155 3134 202 3183 τοῦ
221 3126 295 3181 οίνου
314 3125 408 3198 δαψιλῆ
431 3125 475 3178 καὶ
497 3123 611 3197 ἄφθονον
630 3125 762 3197 διαρρυήν,
788 3125 832 3178 καὶ
854 3123 907 3195 ἅμα
931 3125 967 3178 δτι
984 3125 1028 3179 καί
1044 3125 1110 3178 κατὰ
1126 3130 1215 3178 τοῦτον
1232 3132 1280 3196 της

94 3213 186 3286 τρδγης
204 3213 296 3285 καιρὸν
315 3211 328 3266 δ
346 3210 420 3281 ἥλιος
437 3211 485 3282 τὴν
503 3211 613 3281 πάροδον
632 3211 708 3264 αὐτοῦ
728 3213 753 3264 ἐν
770 3213 808 3283 τῷ
819 3210 901 3265 λέοντι
916 3216 1026 3264 ποιεῖται
1038 3211 1103 3264 κατὰ
1114 3211 1174 3270 τοὺς
1186 3211 1279 3281 εὺκρά-

92 3317 150 3359 τους
167 3301 276 3357 τόπους,
350 3303 391 3352 ii.
409 3298 624 3359 κατασκευάζουσι
637 3300 687 3350 LV.
759 3304 800 3350 ic.
821 3298 847 3351 έν
863 3297 986 3370 τῷτράγη
1001 3299 1048 3349 LV.
1122 3303 1163 3350 77.
1183 3297 1280 3368 εὺρρά·

92 3405 149 3444 τους
174 3390 208 3440 V.
257 3387 413 3437 Piuiorchus
431 3387 539 3446 Quaesi.
565 3399 643 3437 conv.
669 3389 762 3436 1v52
788 3399 815 3450 p.
836 3389 903 3435 θῖδο
925 3385 967 3437 τδν
992 3384 1020 3437 δέ
1042 3383 1133 3438 λέοντα
1155 3385 1194 3455 τῷ
1212 3383 1279 3454 ἠλίιρ

95 3477 290 3537 συνοικειοῦσιν,
311 3471 348 3524 δτι
365 3478 416 3524 τῶν
433 3469 613 3544 γαμψωνύχων
630 3469 791 3542 τετραπόδων
810 3468 935 3539 βλέποντα
951 3469 1029 3522 τίκτει
1048 3469 1138 3539 μόνος,
1159 3475 1279 3540 κοιμᾶται

93 3559 112 3609 δ’
131 3558 231 3631 ἀκαρὲς
252 3558 346 3630 χρόνου
369 3557 413 3610 καί
437 3555 582 3627 ἀπολάμπει
605 3555 637 3608 τὰ
653 3555 758 3625 δμματα
775 3555 958 3614 καθεδδοντος’
982 3562 1074 3627 κρῆναι
1096 3555 1125 3608 δέ
1148 3555 1214 3608 κατὰ
1231 3573 1278 3627 χα-

94 3645 195 3714 σμάτων
213 3641 348 3696 λεοντείων
363 3629 443 3704 ἐξιεῖσι
460 3641 596 3711 κρουνούς,
624 3641 662 3695 ὅτι
681 3637 775 3700 Νεῖλος
794 3641 882 3713 έπάγει
899 3642 955 3694 νέον
974 3639 1042 3713 ὕδωρ
1059 3647 1115 3700 ταῖς
1133 3639 1277 3711 Αἰγυπτίων

94 3729 212 3802 ἀρούραις
237 3728 313 3800 ἡλίου
335 3729 379 3782 τὸν
403 3727 493 3782 λέοντα
516 3726 709 3800 παροδεύοντος.
747 3725 892 3796 Ηυτομοῖίο
912 3743 917 3777 ι
937 3733 965 3778 2⁴
994 3725 1084 3782 Νείλου
1108 3727 1135 3779 δέ
1158 3725 1277 3797 ἀντίβασιν

95 3817 283 3886 σημαίίνυντες,
305 3815 333 3868 δν
349 3815 389 3885 (ἣν
402 3816 560 3867 Goulminus
577 3819 605 3866 ei
616 3814 790 3878 lobionskius)
811 3813 932 3866 καλοῦσιν
945 3809 1091 3884 Αίγυιιτεστὶ
1106 3817 1174 3876 νοῦν,
1195 3811 1302 3884 {pun-8

94 3901 180 3956 νευθέν
206 3903 237 3955 δὲ
261 3901 376 3974 σημαίνει
398 3900 469 3964 νέον,
495 3900 558 3954 ποτέ
576 3901 623 3970 μὲν
639 3900 730 3954 λέοντα
746 3899 884 3972 γράφουσι,
910 3899 973 3952 ποτὲ
995 3899 1024 3952 δὲ
1040 3905 1109 3971 τρεῖς
1127 3897 1212 3970 ὑδρίας
1230 3917 1278 3969 με-

93 3988 184 4058 γάλας,
205 3987 270 4042 ποτέ
288 3988 316 4040 δὲ
334 3987 440 4059 σὺρανδν
457 3988 502 4040 καὶ
518 3993 565 4059 γῆν
584 3984 652 4058 δδωρ
669 3985 875 4056 ἀντβλδῖουααν·
893 3984 984 4039 λέοντα
1002 3986 1048 4055 μέν
1067 3985 1153 4055 ἐπειδὴ
1173 3984 1186 4039 δ
1203 3984 1277 4055 ἠλιος

95 4075 119 4126 έν
136 4075 223 4130 λέοντι
239 4074 373 4147 γενόμενος
396 4072 501 4126 πλείονα
523 4073 571 4143 τὴν
595 4071 731 4142 ἀνάβλυσιν
749 4077 794 4126 τοῦ
812 4067 906 4126 Νείλου
930 4077 1050 4133 ποιεῖται,
1076 4073 1140 4124 ὥστε
1159 4071 1277 4140 ἐμμένων

94 4161 130 4230 τῷ
144 4161 231 4233 ζῳδίιρ
248 4160 345 4230 τυδτιρ,
365 4161 394 4213 τδ
413 4159 525 4230 δίμοιρον
543 4164 588 4213 τοῦ
606 4159 664 4212 νέου
678 4157 769 4218 ὕδατος
782 4156 932 4230 πλημμυρεῖ
944 4157 1083 4218 πολλάκις·
1102 4157 1161 4212 δθεν
1172 4157 1216 4211 καί
1232 4157 1277 4218 τὰς

95 4245 203 4318 χολέρας
226 4245 270 4300 καί
291 4245 351 4304 τοὺς
374 4245 521 4317 εἰσαγωγεῖς
537 4253 588 4298 τῶν
609 4245 682 4317 ίερῶν
699 4251 801 4315 κρηνῶν
825 4242 1028 4317 λεοντομδρφους
1050 4243 1234 4298 κατεσκεὺασαν
1253 4243 1277 4296 σί

96 4329 197 4404 ἀρχαῖοι
214 4339 265 4385 τῶν
285 4332 417 4402 ίερατικῶν
436 4331 515 4403 έργων
541 4332 685 4404 προστάται.
729 4346 797 4398 aquo
816 4331 895 4384 ίοοίίε
913 4334 960 4382 aui
977 4333 1051 4398 puioi
1069 4345 1084 4382 c
1104 4333 1173 4382 riciu
1191 4331 1277 4382 lconis

97 4433 239 4486 crumpens
263 4422 290 4470 in
314 4419 385 4471 houd
408 4422 501 4485 paucis
525 4421 591 4471 ariis
609 4421 724 4470 Graecae
744 4419 930 4484 Romanaeque
949 4419 1077 4484 oporibus
1094 4418 1273 4484 conspicitur:

97 4505 128 4556 dc
151 4521 206 4572 quo
230 4505 475 4557 ἀντικοττυραι
500 4506 526 4556 in
551 4506 619 4557 libro
644 4507 678 4556 do
700 4507 766 4556 cisio
792 4506 963 4556 Ficononicno
988 4519 1013 4570 p.
1033 4505 1075 4556 σί.
1118 4505 1277 4570 Apollinaris

99 4593 222 4644 Sidonius
240 4591 290 4658 Ep.
311 4606 328 4641 n
347 4594 361 4640 ε
387 4593 414 4642 in
434 4591 523 4643 boinci
541 4592 615 4656 quod
633 4593 659 4642 in
677 4589 788 4656 praedio
806 4591 959 4642 Aviioconsi
978 4595 1035 4642 oroi
1052 4591 1231 4656 descriptione
1249 4593 1277 4640 ιἰι

1014 4692 1071 4746 ii·
