3240 5094
301 411 374 483 500
595 425 682 487 toan
708 441 871 488 tremam
895 441 1072 486 tnsrrvsnru
1099 423 1191 486 lssll.

256 629 284 673 tr
385 615 478 677 Libro
500 635 566 678 urs
590 619 608 676 6
632 618 664 676 tl
690 617 767 678 haec
791 617 924 696 legimus
946 623 1051 678 sanent
1072 617 1234 678 Hectoreos
1253 621 1357 696 poetae
1371 619 1485 674 mares

294 737 433 802 preprros,
463 719 673 801 sortihrdr'rrem
706 719 842 781 Thessali
869 719 954 782 ducis
983 720 1149 798 catallant,
1187 719 1293 801 ianque
1322 719 1485 797 loquantur

295 829 409 884 aetatu
432 822 603 904 Sophanem
625 830 653 884 et
674 821 827 884 Aminiam
849 830 876 884 et
899 821 1116 884 Callimachum
1139 829 1167 884 et
1182 822 1397 904 Gpnacqirum
1424 819 1486 882 lle-

295 926 432 988 dicorum
459 929 492 988 in
516 905 646 988 Grdecia
671 926 804 1009 fulmina
834 927 889 988 illa
916 923 1072 988 bellomon.
1122 928 1153 986 in
1176 923 1259 986 librn
1281 921 1432 986 Fuldensi
1456 931 1486 982 et

294 1029 380 1109 apud
406 1029 575 1094 Gelonium
606 1030 722 1110 legitur
751 1031 895 1092 culmina.
945 1039 1028 1092 recte
1059 1029 1255 1110 scripserunt
1289 1026 1426 1109 fulmina
1456 1033 1487 1085 at

294 1131 397 1194 videri
421 1143 524 1214 potest
547 1134 627 1194 nihil
642 1133 779 1214 emplius
798 1132 838 1195 ad
854 1132 1107 1195 emendationem
1125 1131 1264 1213 requiri:
1292 1147 1485 1212 quamquam

295 1237 325 1295 in
343 1237 473 1300 Graecia
496 1237 651 1299 inutiliter
673 1235 818 1300 additum
841 1248 900 1300 est.
939 1236 996 1299 sed
1019 1239 1050 1297 in
1069 1235 1149 1298 libro
1163 1233 1314 1297 Fuldensi
1330 1233 1483 1314 seriptum

293 1339 425 1418 quidem
440 1351 489 1402 est
506 1342 536 1402 in
551 1342 687 1422 praecia,
706 1339 762 1402 sed
778 1359 875 1422 supra
891 1359 946 1402 rae
961 1341 1084 1403 litteras
1098 1339 1277 1421 adpositum
1294 1338 1383 1420 αι’).
1411 1338 1483 1398 hinc

293 1443 499 1505 scribendum
524 1455 571 1506 est
593 1443 778 1507 Medicorum
802 1463 939 1506 ruosnrrr
959 1444 1093 1527 fulmina
1115 1443 1171 1506 illo
1193 1441 1350 1504 bellantem.
1472 1421 1479 1436 ¹

379 1549 465 1620 Quae
494 1545 636 1609 eiusdem
668 1546 740 1608 libri
765 1567 834 1629 cap.
860 1549 915 1608 86
939 1549 1089 1628 leguntur
1112 1565 1174 1608 non
1198 1543 1412 1608 dubitandum
1436 1549 1480 1604 est

293 1651 334 1710 ita
358 1669 428 1712 esse
452 1649 666 1727 emendanda,
692 1651 815 1733 quidam
838 1650 1072 1712 arbitrabantur·
1094 1649 1229 1712 Anssceu
1253 1667 1288 1709 ro
1312 1647 1404 1710 duces
1427 1645 1483 1706 ad·

291 1761 417 1815 ventare
440 1756 500 1815 iam
523 1762 642 1816 nostros
664 1755 837 1818 rumoribus
857 1756 988 1836 percitos
1010 1754 1089 1836 quod
1110 1755 1276 1836 imperator
1293 1749 1480 1832 Ctesiphonta

290 1860 409 1940 moqrrr's
439 1857 556 1919 viribus
585 1867 790 1940 oppupnoret‚
821 1877 881 1920 non
910 1858 991 1921 nulli
1014 1859 1124 1919 Persas
1146 1855 1232 1918 nobis
1255 1853 1412 1916 viantibus
1436 1854 1481 1913 66-

290 1959 428 2023 armenta
453 1959 629 2041 firmabant.
677 1959 760 2022 liber
782 1960 947 2023 Fnldeusis
977 1959 1072 2024 habet
1094 1958 1330 2022 arbitrabantur
1353 1971 1480 2019 saumae

290 2065 391 2126 duces.
437 2063 478 2125 de
501 2063 617 2126 Arsace
639 2065 809 2126 Armeniae
833 2083 907 2144 rege
930 2083 1012 2144 quae
1034 2065 1096 2128 huc
1119 2062 1278 2145 quadrant
1301 2060 1386 2122 dicta
1409 2068 1481 2121 sunt

289 2185 360 2228 xrnr
376 2167 396 2230 2
412 2169 443 2230 2.
483 2169 647 2249 occupavit
662 2167 928 2248 emendationem,
946 2168 1008 2229 nisi
1025 2165 1110 2248 qnod
1131 2167 1311 2246 ascripsit,
1330 2163 1480 2226 Martinus

290 2270 348 2332 des
370 2271 495 2334 Amoris
518 2291 579 2333 van
604 2270 664 2333 der
686 2273 813 2334 Hoeven
837 2273 868 2332 in
893 2270 1074 2351 specimine
1096 2269 1250 2331 litterario
1272 2287 1305 2350 p.
1332 2269 1385 2328 lb.

377 2373 467 2434 Libro
490 2393 543 2434 xxv
563 2377 581 2436 3
601 2377 618 2434 6
643 2373 848 2436 scribendum
865 2392 935 2435 esse
952 2375 1151 2454 suspicamur
1166 2380 1195 2434 et
1210 2373 1356 2434 incertum
1373 2365 1478 2457 (runs)

290 2475 390 2538 subita
418 2480 563 2559 equestris
590 2477 681 2539 hasta
702 2487 767 2540 cute
789 2476 910 2538 brachii
929 2478 994 2538 eius
1014 2477 1200 2558 praestricta
1223 2476 1312 2536 costis
1332 2473 1478 2555 perfossis

288 2579 386 2641 haesit
415 2583 446 2641 in
475 2584 538 2642 ima
567 2582 672 2643 iecoris
698 2579 789 2662 fibra.
838 2580 934 2642 luisse
963 2582 1049 2642 enim
1079 2579 1134 2660 qui
1164 2598 1227 2642 non
1258 2577 1363 2640 hostili
1393 2577 1476 2638 hasta

290 2685 444 2745 lulianum
468 2703 654 2764 percussum
678 2701 747 2746 esse
771 2683 941 2746 crederent
957 2683 1078 2744 libanii
1102 2683 1209 2764 opinio
1232 2680 1371 2743 ostendit
1388 2681 1478 2742 Chri-

289 2790 409 2848 stianos
432 2787 645 2849 insimulantis
668 2798 691 2848 t.
718 2805 727 2847 r
751 2807 782 2868 p.
810 2788 870 2848 bll
896 2787 1030 2848 Reishii.

377 2891 496 2972 Capitis
519 2889 662 2952 eiusdem
685 2891 882 2972 paragrapho
907 2890 941 2950 ll
971 2890 1049 2951 haec
1071 2899 1254 2969 narrantur,
1280 2897 1388 2952 contra
1411 2887 1476 2951 ani-

289 2995 402 3055 mosius
421 2995 530 3054 Persae
553 2995 735 3076 soyittorum
750 2995 918 3056 uolaah'um
933 2992 1094 3055 crebritate
1108 2999 1296 3074 conspectum
1312 2994 1364 3054 sui
1376 2994 1478 3074 rapie-

289 3096 362 3157 bont
394 3098 552 3177 oppositis,
589 3115 663 3180 quos
695 3097 848 3179 elephanti
880 3096 1001 3159 tardius
1032 3097 1245 3177 praecedentes
1274 3095 1479 3179 moprritudr'ne

290 3217 450 3281 carpamns
483 3201 706 3282 cristarumque
734 3199 862 3262 horrore
890 3217 1038 3282 pavorem
1067 3201 1207 3262 tumentis
1243 3200 1428 3262 inmtiebont
1453 3207 1479 3260 rt

290 3305 378 3364 rrirr's.
426 3321 488 3363 non
511 3302 715 3364 offenderunt
737 3303 851 3364 cristae
873 3303 946 3365 illae
969 3303 1113 3365 homines
1128 3302 1253 3381 doctos,
1279 3304 1371 3384 quasi
1387 3320 1479 3364 num-

290 3423 385 3486 quam
410 3405 564 3467 vidissent
587 3405 803 3486 elephantum.
850 3405 907 3468 sed
921 3406 1003 3468 vidit
1017 3404 1201 3467 Ammianus
1216 3425 1323 3488 neque
1339 3406 1477 3468 dubitari

290 3517 394 3591 potest
415 3509 501 3571 aliud
525 3529 598 3572 earn
614 3511 791 3590 scripsisse.
832 3510 953 3571 leniore
968 3508 1188 3572 emendatione
1205 3509 1321 3571 trustra
1338 3511 1476 3590 quaesita

291 3613 323 3672 in
347 3613 428 3672 hano
450 3611 546 3674 delati
570 3631 679 3674 sumus
701 3613 884 3694 opinionem
900 3624 936 3675 ut
950 3629 1173 3686 matronarum
1187 3611 1395 3674 scribendum
1412 3629 1476 3674 esse

291 3717 518 3797 conicerentus
558 3733 631 3776 narn
648 3715 816 3777 stridorem
832 3715 1073 3797 elephantorum
1090 3715 1274 3778 Ammianus
1289 3716 1477 3796 aliquotiens

290 3819 438 3880 ainrilitar
453 3827 675 3880 conmemorat.
712 3837 760 3879 xnr
775 3817 794 3879 7
811 3820 889 3878 6-
905 3818 1131 3900 elephantorum
1147 3817 1328 3901 omninibus,
1353 3837 1475 3900 666666

290 3923 422 3986 stridore
450 3923 685 4003 immanitateque
713 3939 873 4003 corporum
903 3921 980 3984 nrhd
1004 3921 1155 3983 bremanae
1176 3929 1289 3984 mentes
1311 3921 1476 3984 termbilius

290 4034 429 4089 cernrtnt.
477 4043 532 4086 xxr
558 4029 568 4086 l
600 4026 637 4086 ll
655 4059 696 4070 —
712 4023 938 4106 elephantorum
957 4025 1139 4108 soluentium
1158 4024 1390 4107 formidandam
1412 4043 1475 4107 spe—

290 4134 364 4194 ciem
387 4138 415 4192 et
436 4130 621 4192 truatlerrtos
642 4129 744 4191 biamus
767 4131 825 4191 utho
846 4135 958 4190 martes
975 4129 1108 4210 pavidae
1119 4127 1326 4210 perferebant,
1352 4129 1394 4191 ud
1408 4147 1476 4212 quo-

290 4253 360 4295 rum
389 4233 551 4295 studerem
578 4233 755 4314 odoremque
777 4240 805 4294 ct
827 4233 976 4294 insuetum
998 4241 1151 4313 aspectum
1173 4234 1271 4314 monis
1293 4235 1364 4314 eqni
1384 4242 1475 4295 terre·

291 4337 415 4399 bantur.
462 4355 518 4398 xxv
540 4337 557 4394 3
581 4339 598 4396 l
619 4336 766 4418 faetorem
796 4335 1014 4417 stridoremque
1043 4333 1268 4418 elephantorum
1299 4337 1476 4417 inpatienter

293 4471 496 4484 *a*

363 4561 386 4623 ⁸)
408 4557 455 4626 [on
474 4561 616 4610 secundum
636 4560 863 4610 Gardthausenum
881 4563 905 4608 et
923 4573 939 4608 6
958 4557 1176 4628 corentinum]
