3184 5108
363 379 453 440 lnnsx
475 397 640 444 nnerrorrn
663 399 846 445 arconium
864 381 957 442 lssr.
1182 369 1252 440 271

81 569 183 650 tnpltci
207 569 278 630 sinu
306 568 447 632 scindens
475 576 504 630 ct
531 571 645 652 inpenti
679 570 800 633 licentio
833 573 1044 634 exaestuans?
1079 569 1137 634 sed
1165 571 1257 634 nobis

82 671 198 752 quidem
220 673 252 732 in
267 679 354 734 terro
375 681 580 754 praepostera
595 672 766 736 admodum
781 672 864 736 edici
880 672 1019 737 videtur.
1067 691 1130 736 non
1153 684 1256 756 potest

79 785 172 837 autem
188 773 327 837 dubitari
344 775 423 854 quin
445 793 560 836 nurum
580 775 717 855 borene‘s,
743 775 828 857 quod
851 777 921 838 leve
940 777 1053 839 vitium
1077 787 1124 839 εει
1146 779 1256 859 optimi

80 876 142 939 libri
170 888 201 940 ει
229 875 430 958 quorundam
457 877 608 958 aliorum,
648 879 680 940 in
710 878 779 941 aliis
809 878 1046 962 exemplaribus
1080 881 1256 943 rectissime

79 979 269 1042 emendatum
299 981 358 1042 sit:
397 979 555 1061 praebent
583 982 669 1043 enirn
698 988 726 1044 et
753 985 834 1044 inter
862 982 1044 1064 rapidorum
1077 985 1256 1046 terrentium

78 1101 179 1146 orenos
201 1101 315 1145 oneum
337 1084 523 1164 interfluens,
550 1086 583 1146 in
606 1103 669 1166 quo
691 1085 765 1146 olim
784 1103 893 1148 omncs
916 1086 985 1148 iure
1007 1083 1253 1166 adquieverunt.

77 1185 124 1248 sed
144 1193 292 1249 terrentes
315 1187 410 1248 ctiam
432 1187 548 1269 iprn'rrm
565 1186 652 1269 foces
680 1197 744 1250 tam
767 1186 926 1251 absurdae
948 1197 1023 1252 sunt
1052 1207 1147 1270 quam
1174 1207 1256 1270 quae

78 1308 138 1350 non
159 1287 312 1352 dicuntur
339 1291 428 1371 cquis
450 1291 560 1352 innare
589 1289 748 1354 secedenti
774 1293 922 1354 terrentia
949 1291 1156 1375 nopnr'tndine
1186 1293 1257 1353 oni-

78 1393 169 1472 nolic,
201 1391 258 1455 ubi
287 1400 412 1454 urrcno
441 1393 538 1474 Lipsii
566 1402 621 1455 aut
649 1395 771 1474 potius,
802 1411 875 1456 nem
904 1394 1006 1456 lenior
1035 1403 1083 1456 εει
1111 1395 1252 1472 mutatio,

77 1497 226 1558 terrestria
241 1494 390 1557 Gronovii
413 1496 482 1558 sino
498 1494 695 1558 dubitatione
720 1495 940 1577 recipiendum
963 1505 1041 1558 erat.
1084 1515 1157 1559 narn
1180 1515 1256 1558 con-

76 1597 260 1678 templationi
282 1608 378 1680 atquc
400 1597 601 1661 admirationi
624 1598 848 1661 miraculorum
871 1598 993 1678 mundi,
1019 1598 1060 1662 ad
1082 1617 1177 1680 quarn
1196 1601 1255 1662 Se-

77 1719 144 1762 neca
157 1702 304 1764 Marciam
327 1719 345 1762 a
369 1702 456 1765 luctu
475 1721 532 1765 suo
547 1711 666 1782 avocat,
691 1703 799 1765 nullus
814 1704 942 1764 omnino
957 1712 1060 1764 terror
1075 1701 1255 1764 admiscen-

76 1802 126 1866 dus
140 1815 197 1866 εει.
237 1806 326 1885 atqui
349 1811 495 1868 terrentes
518 1804 598 1868 illud
621 1805 701 1867 nibil
717 1814 765 1868 est
786 1805 848 1868 nisi
872 1804 972 1868 futilis
990 1814 1022 1867 ct
1038 1805 1256 1867 commenticia

75 1907 147 1969 alius
168 1906 314 1971 vocabuli
337 1909 478 1970 mutatio.
526 1906 601 1969 libri
625 1908 743 1970 babent
765 1909 818 1970 alii
841 1915 946 1984 terret,
973 1907 1026 1969 alii
1050 1915 1174 1984 terrent,
1200 1910 1253 1970 alii

77 2016 192 2087 torrent,
225 2011 259 2072 in
280 2009 499 2073 Ambrosianis
528 2020 635 2074 autem
662 2021 694 2074 et
717 2011 833 2092 optimo
856 2010 908 2072 illo
940 2019 972 2072 et
994 2009 1131 2091 quodam
1153 2011 1254 2074 alien

75 2113 204 2176 secunda
227 2116 499 2195 manuscriptum
522 2123 571 2177 est
593 2122 706 2190 terrae,
738 2112 818 2195 quid
847 2115 951 2195 prima
976 2115 1141 2194 scripserit
1163 2115 1254 2195 igno-

77 2235 182 2279 ramus.
236 2235 349 2279 verum
379 2217 483 2298 ipsum
514 2215 594 2279 illud
623 2225 725 2279 terroe
753 2235 772 2279 a
798 2235 875 2278 varo
897 2215 1050 2278 vocabulo
1079 2235 1142 2278 non
1171 2217 1256 2278 mul-

74 2327 131 2380 tum
160 2318 261 2382 abest.
315 2328 400 2382 certa
430 2320 526 2398 enim,
559 2329 594 2382 ut
621 2319 760 2400 videtur,
797 2320 978 2382 coniectura
1007 2327 1055 2381 cst
1087 2321 1254 2401 scripsisse

74 2421 216 2484 Senecam
251 2430 280 2484 et
310 2423 343 2483 in
376 2422 482 2486 mediis
514 2425 607 2486 terris
641 2423 793 2504 medioque
827 2440 940 2485 rursus
973 2423 1055 2484 mori
1090 2443 1253 2486 cerauneis

73 2527 179 2606 ionium
198 2526 296 2608 [neu.
342 2526 530 2589 miraculum
553 2525 630 2588 dicit
653 2525 738 2607 quod
761 2527 793 2587 in
818 2523 932 2588 mediis
954 2527 1059 2604 terris,
1090 2527 1190 2589 veluti
1214 2547 1254 2588 cx

72 2625 182 2706 Aetna,
221 2627 390 2709 medioque
419 2629 452 2689 in
482 2629 579 2708 mari,
617 2628 717 2691 veluti
747 2647 764 2690 c
793 2631 939 2690 cavernis
969 2630 1104 2692 marium
1132 2629 1253 2710 ignium

73 2733 264 2812 eruptionem
287 2732 356 2812 ipse
378 2730 455 2793 alibi
476 2741 697 2794 commemorat
725 2730 774 2812 (de
798 2730 963 2794 beneficiis
978 2749 1019 2792 vn
1035 2733 1075 2794 20
1093 2731 1137 2812 l),
1164 2733 1254 2812 ignes

72 2837 218 2912 emicant,
250 2852 385 2915 quorum
408 2843 522 2896 natura
552 2853 615 2896 non
638 2834 679 2897 ad
701 2845 819 2897 terram
850 2852 955 2915 neque
977 2833 1019 2896 ad
1042 2853 1129 2896 marc
1151 2836 1253 2915 perti-

72 2947 131 3016 net,
154 2935 213 3000 sed
236 2935 278 2998 ad
300 2939 472 3000 aetherem.

150 3040 315 3120 Pergimus
344 3039 385 3102 ad
408 3040 602 3122 dialogorum
625 3039 742 3103 librum
765 3056 830 3101 vnn
859 3037 909 3120 (dc
931 3040 1161 3121 tranquillitate
1183 3041 1254 3102 ani-

71 3143 133 3224 mi),
158 3142 214 3206 ubi
239 3161 321 3224 quae
344 3145 450 3224 capi
475 3143 493 3204 7
514 3142 554 3228 (6)
581 3144 675 3224 vulgo
698 3143 860 3224 leguntur,
885 3143 965 3204 male
995 3151 1027 3205 ct
1052 3144 1252 3224 interpuncta

69 3254 98 3306 ει
117 3248 248 3328 scripta,
279 3247 356 3308 satis
377 3255 426 3308 est
449 3247 566 3309 rectius
588 3244 780 3308 conformata
802 3243 1001 3322 adscribere;
1036 3263 1098 3307 non
1127 3265 1254 3309 sueces-

67 3349 105 3409 sit
131 3361 238 3414 autcm
270 3348 449 3412 emendatio
471 3349 598 3412 Haasio:
631 3347 685 3411 boe
713 3349 814 3410 oritur
841 3346 879 3409 ob
902 3349 1076 3429 intemperie
1104 3350 1201 3411 animi
1227 3355 1255 3410 et

67 3451 279 3534 cupiditatibus
308 3451 421 3515 timidis
450 3461 505 3516 out
529 3471 643 3535 porum
670 3452 847 3533 prosperis·
882 3448 936 3512 nbi
967 3457 1022 3513 ant
1054 3471 1113 3512 non
1141 3452 1255 3514 cudent

68 3564 210 3634 quantum
232 3557 448 3637 conestpiseunt
473 3564 527 3618 ont
553 3575 614 3617 non
638 3561 861 3636 consequuntur
891 3555 973 3615 etin
995 3571 1078 3635 spem
1108 3557 1162 3616 toti
1178 3572 1254 3637 pro-

68 3660 187 3722 minent.
236 3677 355 3741 semper
377 3658 532 3722 instabiles
555 3657 733 3740 mobilesque
755 3665 836 3734 sunt,
867 3656 946 3738 qnod
967 3675 1086 3720 necesse
1108 3665 1153 3719 est
1174 3659 1254 3719 oeri-

67 3760 135 3824 dere
154 3761 365 3844 pendentibus.
413 3763 454 3825 od
476 3771 546 3825 voto
567 3781 626 3825 sno
647 3762 730 3822 omni
751 3762 803 3821 oio
824 3778 957 3821 rsnnrur
985 3767 1014 3822 et
1042 3759 1200 3822 inhonesto
1222 3777 1254 3822 se

67 3883 100 3926 oe
121 3864 261 3947 difficilia
282 3865 386 3928 docent
408 3873 581 3948 coeuntque,
614 3871 643 3927 et
662 3863 716 3925 ubi
739 3864 804 3925 sinc
822 3865 961 3944 proemio
989 3861 1075 3925 labor
1104 3870 1158 3938 est,
1191 3869 1254 3924 tor-

66 3974 131 4048 quet
154 3967 222 4030 ilios
252 3969 378 4030 inritum
400 3967 538 4044 dedecus,
569 3986 624 4030 nec
652 3966 753 4028 dolent
771 3981 875 4047 prove
902 3983 945 4041 se,
977 3965 1031 4029 sed
1053 3965 1179 4047 frustra
1201 3983 1255 4026 eo-

65 4073 167 4133 tuisse.
224 4071 257 4132 in
285 4073 402 4152 optimo
436 4069 516 4132 libro
544 4071 679 4150 aliisque
712 4068 851 4150 pendunt
884 4071 1038 4150 seriptum
1067 4077 1130 4146 est,
1167 4067 1253 4130 unde

66 4171 181 4236 lactum
204 4176 236 4236 in
260 4193 324 4236 non
346 4174 444 4238 nullis
463 4172 604 4254 pendent.
660 4175 691 4234 in
715 4171 778 4234 fine
801 4172 932 4234 Haasius
962 4171 1016 4234 sed
1044 4181 1113 4253 post
1142 4189 1174 4233 se
1195 4170 1254 4233 ad-

66 4275 156 4338 didit.

149 4381 218 4442 Non
240 4381 339 4462 magis
363 4389 447 4444 recle
469 4397 488 4442 a
509 4396 572 4442 non
596 4379 692 4442 nullis
715 4377 953 4458 interpungitur
980 4377 1013 4437 in
1037 4375 1148 4438 eodem
1171 4375 1254 4438 libro

64 4501 130 4563 cap.
150 4483 170 4544 5
197 4483 214 4543 l
243 4481 270 4565 (3
296 4485 361 4566 lb),
388 4484 475 4544 inuno
498 4482 549 4544 ille
572 4483 621 4543 vir
640 4480 737 4562 suerit
758 4483 811 4562 qui
828 4478 975 4559 perieulis
998 4477 1130 4560 undique
1154 4481 1254 4541 imni-
