3204 5104
407 432 495 492 ianm
517 442 681 494 ιεοτιονιιι
705 435 888 492 υιεειιιιιιινιι
907 431 1000 490 illoti.
1227 415 1301 486 415

109 609 248 702 νοόβισν,
271 612 354 703 παρὰ
369 617 403 682 δέ
426 613 548 690 serdot<
564 613 712 704 Δοόναβιν
734 620 796 703 (sio)
816 612 1131 704 προσαγορευόμενον,
1155 621 1301 703 χειμῶνος

107 719 301 804 πηγνυμένου
322 717 430 793 καλεῖς
446 717 559 806 λιθώδη
585 716 753 786 ἀντιτυπίαν
778 722 999 806 μεθισταμένης
1012 723 1065 805 τῆς
1089 721 1227 805 μαλακῆς
1249 723 1301 784 τοῦ

109 819 230 908 ῥείθρου
257 817 395 909 ρόσεως,
428 820 469 897 ὡς
497 821 565 888 οἷαν
592 847 624 888 τε
653 825 754 910 φέρειν
783 825 1042 909 ἐπιπορευομένων
1071 822 1222 907 πολεμίων
1250 822 1301 888 καὶ

107 920 181 1009 πρὸς
202 920 241 989 τόι
252 919 412 1011 Ῥωμαίων
432 921 563 1012 Ἰλλόριό
583 951 616 992 τε
637 921 688 992 καὶ
704 923 821 1013 Θρᾴκια
844 928 920 1012 μέρη
936 921 1155 1012 διαφοιτώντων
1170 927 1298 1011 πλῆθος.

108 1029 274 1108 pertinent
296 1031 405 1092 eodem
429 1031 458 1094 oi
480 1028 614 1116 Νειλῷοι
635 1033 688 1115 τῆς
712 1026 862 1116 Αἰγύπτου
884 1025 1087 1115 κροκόδειλοι,
1119 1029 1147 1094 oi
1170 1030 1301 1115 ἑσπέριοι

108 1130 293 1196 Φειεωνῖται
315 1128 516 1218 κυνοπόταμοι
538 1135 593 1216 qui
617 1151 638 1196 ιι
658 1136 717 1196 402
741 1155 772 1216 p.
792 1135 853 1196 605
877 1143 1166 1212 oonmemorantur‚
1193 1144 1259 1196 tum
1280 1153 1300 1196 ιι

110 1235 172 1297 tto
197 1257 229 1316 p.
258 1237 317 1298 titt
340 1239 402 1308 πῶς
424 1230 455 1299 δ’
481 1237 512 1300 ἐν
536 1237 629 1322 ἐτέριρ
650 1232 782 1322 τμήματι
804 1228 885 1308 όντες
907 1235 936 1300 οἱ
955 1233 1126 1320 Σκλαυηνοὶ
1148 1231 1199 1300 καὶ
1221 1237 1301 1301 Φει-

107 1339 234 1402 σωνῖται
256 1336 358 1402 οἱκαὶ
381 1337 542 1424 Δανοόβιοι
564 1335 857 1426 προσαγορευόμενοι
884 1337 914 1404 οἳ
942 1337 995 1422 μὲν
1018 1342 1300 1426 γυναικομαστοβο-

107 1443 212 1524 podest
238 1437 335 1526 ἡδέως
364 1437 415 1506 διὰ
441 1437 474 1508 τὸ
500 1444 718 1528 πεπληρῶσθαι
737 1447 791 1508 τοῦ
813 1437 980 1528 γάλακτος,
1014 1444 1093 1526 μυῶν
1124 1440 1209 1526 δίκην
1231 1437 1300 1516 τοὺς

105 1539 284 1617 ὑποτίτθυυς
313 1545 377 1618 ταῖς
405 1546 527 1630 πέτραις
557 1542 787 1631 ἐπαρόττοντες,
819 1543 848 1610 οἳ
875 1543 909 1609 δέ
937 1542 989 1610 καλ
1018 1547 1070 1630 τῆς
1101 1544 1228 1629 νομίμης
1250 1543 1301 1610 καὶ

105 1640 298 1733 ἀδιαβλήτου
320 1648 505 1734 κρεωβορίας
521 1644 702 1737 ἀπέχονταιι
729 1651 853 1712 saeculo
869 1649 993 1711 dooimo
1009 1649 1146 1710 tabulam
1166 1649 1206 1710 de
1222 1651 1300 1710 lstro

107 1754 229 1832 repetit
250 1755 310 1814 Leo
333 1752 484 1815 diaeonus
507 1769 559 1815 rur
585 1755 596 1815 i
627 1775 658 1835 p.
685 1755 737 1832 80,
769 1751 888 1836 λέγεται
911 1749 945 1815 δὲ
966 1747 1015 1814 τὸν
1032 1743 1145 1836 Ἴστρον
1168 1752 1222 1815 ἕνα
1244 1754 1300 1814 τῶν

105 1855 136 1926 ἐξ
156 1848 253 1938 Ἐὃέμ
280 1855 524 1939 ἐκπορευομένων
554 1852 633 1919 εἶναι
660 1857 819 1939 ποταμῶν,
849 1849 898 1917 τὸν
928 1854 1161 1938 ἐπικεκλημένοι
1184 1849 1297 1933 Φισιόν,

104 1959 139 2020 ἐκ
162 1960 218 2041 τῆς
240 1957 282 2021 ἕω
306 1955 358 2042 μὲν
382 1951 571 2042 ἐκδιδόμενον
600 1953 801 2042 ὑποδυόμενόν
830 1979 863 2021 τε
877 1953 968 2022 ,κατὰ
996 1961 1051 2042 γῆν
1075 1952 1226 2044 ἀμηχάνῳ
1247 1961 1300 2022 τοῦ

105 2063 293 2146 δημιουργοῦ
320 2057 429 2147 σοφία,
460 2056 511 2125 καλ
540 2052 627 2134 αὖθις
655 2062 690 2124 ἐκ
717 2063 773 2124 τῶν
798 2055 949 2124 Κελτικῶν
978 2055 1072 2146 ὀρέων
1103 2055 1299 2125 ἀνεπιδόοντα

105 2158 300 2248 ἑλισσόμενόν
328 2187 361 2228 τε
388 2158 439 2228 διὰ
466 2166 519 2248 τῆς
541 2158 688 2249 Εόριόπης
709 2161 761 2229 καὶ
784 2164 826 2236 εἰς
855 2163 942 2227 πέντε
964 2159 1142 2249 τεμνόμενον
1166 2159 1299 2248 στόματα

102 2263 153 2331 τόν
176 2267 250 2352 ῥοῦν
273 2261 431 2352 ἐσβάλλειν
452 2263 536 2352 παρὰ
556 2261 605 2331 τὸν
631 2262 742 2332 Πόντον
772 2258 803 2339 ὃς
826 2257 964 2340 Εὔξεινος
985 2261 1176 2350 ὀνομάζεται.
1223 2266 1299 2340 τινὲς

104 2369 138 2434 ds
162 2364 267 2434 Φισών
290 2364 339 2434 τὸν
367 2364 421 2455 τὴν
441 2363 569 2454 Ἰνδικὴν
592 2370 737 2454 τέμνοντα
759 2373 813 2456 γῆν
836 2363 1013 2457 τυγχάνειν,
1045 2363 1078 2435 όν
1105 2367 1156 2435 καὶ
1180 2364 1298 2457 Γάγγην

103 2467 280 2556 κικλήσκειν
303 2467 447 2549 εἰώθασι,
470 2467 543 2558 παρ’
570 2465 596 2559 ᾧ
617 2472 817 2558 ἐξευρίσκεται
837 2469 954 2547 iatine
976 2469 1192 2560 όσμόραγδος.
1240 2475 1299 2538 de-

104 2579 208 2658 nique
231 2576 424 2639 Glossarium
447 2576 599 2640 Graecum
623 2576 708 2658 quod
731 2579 962 2640 Bartoiomaeus
986 2579 1114 2658 liopitar
1144 2577 1245 2640 edidit
1267 2589 1299 2640 et

105 2683 209 2743 Russo
239 2678 357 2741 bomini
391 2681 517 2742 saeeuio
545 2696 586 2741 ιιιι
616 2680 666 2741 vel
694 2697 747 2741 xm
776 2681 1044 2761 Constantinopoli
1078 2680 1206 2761 degenti
1240 2682 1299 2744 ad·

104 2785 239 2864 scripsit
261 2783 339 2844 baec
362 2781 495 2864 praebet
517 2803 550 2864 p.
569 2783 621 2861 23,
645 2775 753 2860 Ἰνδός,
778 2775 810 2847 ἐν
832 2784 963 2858 καλοῦσι
973 2777 1090 2846 Φεισὼν
1114 2779 1164 2846 καὶ
1179 2778 1298 2869 Γάγγην

104 2882 156 2950 καλ
192 2879 307 2949 Τάναϊν
340 2880 391 2948 καὶ
424 2885 539 2969 ρέντην.
599 2881 724 2963 Νεῖλος,
759 2881 775 2950 ό
808 2880 992 2970 καλεόμενος
1025 2881 1116 2949 Γεών.
1174 2878 1296 2972 Τίγρις.1

106 2980 272 3075 Εὐφράτης
298 2983 316 3052 ό
343 2983 393 3052 καλ
422 2982 615 3073 Δοννοόβιος.
671 2979 853 3070 inquibus
880 2991 1040 3071 antiquior
1070 2989 1149 3052 lama
1182 2992 1321 3071 partiunt

106 3101 229 3156 mutate
258 3101 290 3154 et
317 3090 503 3173 perturbata
532 3101 595 3171 est,
626 3089 729 3175 ρέντην
758 3103 864 3155 autem
886 3091 1015 3156 videtur
1041 3111 1110 3155 esse
1131 3087 1294 3177 Ὀρέντην;

106 3197 228 3276 iegitur
251 3211 322 3255 mox
344 3195 404 3256 olio
427 3195 493 3256 loeo
516 3194 627 3257 eadam
649 3195 747 3258 iorma
767 3188 914 3279 Ὀρένιης.

194 3295 339 3360 Eandem
369 3297 410 3360 de
439 3315 502 3380 qua
531 3296 672 3360 diximus
693 3299 836 3360 Pbisonis
863 3315 935 3362 oum
958 3299 1065 3380 Gange
1096 3309 1127 3362 et
1155 3299 1299 3364 Danubio

104 3401 364 3465 ooniunotionem
394 3401 601 3482 persequitur
629 3403 919 3464 commentariolum
953 3401 1038 3482 quod
1070 3403 1298 3483 proierendum

105 3507 262 3569 duximus
291 3505 439 3585 quoniam
470 3514 501 3567 et
528 3503 745 3566 memorabilia
773 3505 930 3586 quaedam
953 3507 1092 3568 eontinet
1114 3516 1145 3568 et
1168 3508 1242 3569 latet
1265 3510 1297 3568 in

107 3609 190 3671 libro
215 3609 266 3670 his
288 3617 375 3670 oerte
399 3608 431 3669 in
454 3609 550 3670 terris
571 3608 742 3670 rarissimo.
790 3608 910 3671 editum
934 3607 1018 3670 enim
1042 3618 1090 3670 est
1112 3609 1298 3672 oBandiuio

106 3712 287 3774 Florentiae
312 3727 396 3772 anno
418 3727 571 3772 unoenxur
599 3711 631 3773 in
654 3712 813 3774 Fasoioulo
842 3729 951 3775 rerum
973 3711 1166 3774 Graecarum
1193 3713 1299 3776 eoele-

105 3816 307 3878 siastioarum
350 3811 432 3897 (sivo
468 3811 606 3877 Graecae
651 3815 803 3877 eeclesiae
843 3825 986 3879 veterum
1024 3825 1298 3879 monumentorum

106 3930 192 3982 torno
216 3915 261 4000 ru)
287 3933 320 3998 p.
347 3917 400 3998 99,
429 3917 624 3999 descriptum
645 3933 685 3980 ex
708 3919 815 3982 codiee
839 3918 1046 3982 bibliothecae
1071 3919 1299 3982 laurentianae

107 4041 136 4083 ιν
155 4021 209 4099 to,
235 4039 332 4100 quem
355 4021 473 4083 saeculi
490 4020 567 4084 dicit
583 4041 653 4084 esse
669 4021 841 4084 undecimi.
882 4032 1048 4103 praeterea
1072 4024 1116 4084 uti
1139 4023 1300 4102 potuimus

107 4125 192 4186 libro
216 4141 279 4184 non
304 4124 409 4186 minus
431 4127 561 4205 antiquo
584 4124 818 4187 vindobonensi
848 4123 925 4206 (cod.
952 4126 1013 4186 iur.
1040 4125 1093 4185 Gr.
1113 4125 1148 4207 tl,
1174 4123 1214 4186 de
1238 4145 1300 4206 quo

108 4218 273 4290 Nesselius
299 4237 325 4289 t.
351 4243 372 4286 ιι
396 4245 427 4306 p.
454 4227 472 4287 7
496 4226 589 4289 dixit.
636 4230 761 4290 nouisse
786 4230 843 4290 boo
866 4228 1156 4290 commentariolum
1179 4219 1300 4290 Salum-

107 4331 191 4394 sium
217 4349 257 4390 ex
280 4330 328 4390 eis
351 4330 508 4410 colligitur
530 4349 611 4411 quae
635 4333 747 4393 Exere.
767 4331 845 4394 Pliu.
871 4352 903 4412 p.
923 4333 1004 4391 t88¹²
1027 4340 1167 4392 veterem
1191 4342 1299 4392 auoto-

109 4451 176 4494 rom
202 4425 362 4494 ἀνέκδοτον
385 4430 425 4493 de
448 4432 634 4496 dirutinibus
655 4433 793 4515 paradisi
817 4436 983 4515 scripsisse
998 4442 1116 4494 narrat.
1156 4433 1298 4494 uitiorum

108 4539 178 4598 eius
211 4544 351 4616 partem,
388 4533 445 4596 sed
479 4534 586 4596 verbis
621 4538 735 4618 passim
765 4537 835 4598 aliis
864 4539 1032 4617 scriptam,
1070 4535 1165 4598 babet
1199 4535 1298 4598 codex
