3186 5108
311 344 381 417 188
601 359 690 420 lanas
712 377 878 422 taorronrn
900 375 1083 423 ammam
1101 361 1194 422 4000.

306 549 549 612 concinnitatem
571 566 745 630 numquam
773 548 886 611 similia
915 551 985 612 ausi
1012 550 1087 612 sint.
1132 549 1232 612 veluti
1255 550 1392 612 Platonis
1414 551 1486 613 haec

306 662 381 715 suut
403 653 436 714 in
459 651 625 716 Phaedone
648 672 681 734 p.
700 651 734 714 tt
763 645 869 716 οόκοῦν
892 651 923 723 ἐξ
944 647 1085 737 ἀλλήλων
1106 675 1139 716 τε
1160 651 1293 737 γίγνεται
1313 655 1420 731 ταῦτα,
1442 649 1487 716 οἵ·

305 777 360 841 περ
383 752 502 819 ἐναντία
516 753 591 832 ἐστί,
615 751 667 818 καὶ
682 755 713 820 αἱ
726 753 856 839 γενέσεις
875 752 948 819 εἰσὶν
964 750 1064 828 αὐτοῖς
1081 751 1188 840 μεταξὺ
1204 750 1257 820 δύο
1280 756 1363 820 δυοῖν
1377 748 1485 832 ὄντοιν;
1581 759 1582 768 ³

393 859 500 941 ltaque
523 857 669 942 Aeschyli
693 861 749 921 hos
770 877 902 939 versus,
928 860 1066 942 Choeph.
1091 859 1130 922 79
1154 879 1195 936 s.,
1225 853 1337 945 πότερα
1365 859 1489 944 λέγουσα

305 957 389 1049 παρὰ
415 959 505 1049 φίλης
529 960 608 1049 φίλῳ
637 959 737 1047 φέρειν
761 957 906 1034 Γονοικὸς
931 957 1034 1047 ἀνδρί,
1064 966 1118 1048 τῆς
1146 962 1221 1048 ἐμῆς
1251 957 1362 1049 μητρὸς
1390 957 1486 1049 πάρα
1581 987 1582 1020 t

306 1068 469 1142 continere
492 1065 634 1129 dicemus
656 1066 828 1129 verborum
849 1067 1078 1148 traiectionem‚
1103 1067 1246 1130 sednon
1269 1077 1381 1150 poetae
1404 1067 1490 1149 quasi

307 1179 461 1233 extortam
490 1189 696 1234 numerorum
725 1171 928 1250 necessitate,
965 1189 1079 1233 verum
1107 1172 1262 1234 concinne
1289 1189 1396 1252 neque
1425 1173 1490 1233 sine

307 1273 425 1355 insigni
448 1273 598 1338 orationis
625 1274 835 1336 emolumento
865 1273 988 1336 factem.
1035 1272 1092 1337 sed
1121 1275 1154 1336 in
1183 1273 1333 1338 versibus
1361 1273 1493 1356 quihus-
1581 1275 1582 1324 ἶ

307 1377 380 1442 dam
403 1378 579 1441 Promethei
602 1375 700 1439 verba
729 1386 849 1439 temere
878 1377 1031 1458 nullaque
1060 1396 1166 1459 neque
1189 1378 1282 1440 metri
1306 1379 1492 1441 necessitato
1581 1403 1582 1462 ρ

307 1499 413 1562 neque
447 1481 597 1543 orationis
629 1480 784 1560 elegantia
814 1481 945 1543 traiecta
979 1490 1063 1543 sunt.
1122 1481 1162 1544 de
1196 1480 1314 1562 quibus
1347 1481 1494 1544 versibus
1581 1507 1582 1560 ρ

307 1582 561 1647 dissentiendum
594 1584 686 1646 nobis
720 1592 768 1646 est
804 1583 844 1646 ab
881 1585 1041 1647 hominurn
1080 1584 1241 1647 doctorum
1278 1584 1491 1666 opinionibus.

308 1686 425 1749 Oceani
455 1687 534 1750 haec
561 1696 635 1750 sunt
661 1687 760 1750 verba
789 1706 820 1748 ν.
846 1688 907 1750 303
930 1707 972 1749 ss.
1002 1686 1030 1750 ei
1059 1681 1089 1749 δ’
1123 1679 1184 1751 ὧδε
1215 1687 1338 1773 τραχεῖς
1372 1682 1425 1752 καὶ
1449 1710 1495 1750 ra-

308 1789 475 1873 θηγρένοος
498 1783 603 1874 λόγους
619 1783 752 1875 Ῥίψεις,
779 1785 849 1877 τάχ’
875 1779 913 1854 ὄν
936 1813 990 1854 ooo
1012 1786 1063 1853 καὶ
1086 1786 1202 1877 μακρὰν
1226 1785 1367 1876 ἀνωτέρω
1391 1787 1495 1854 Θακῶν

308 1889 395 1958 κλύοι
417 1887 511 1972 Zeta,
536 1885 613 1957 ὥστε
635 1916 683 1956 σοι
703 1887 754 1956 τὸν
776 1897 827 1958 νῦν
849 1887 940 1980 χόλον
964 1887 1105 1979 Παρόντα
1128 1889 1251 1982 μόχθων
1273 1889 1400 1958 παιδιὰν
1422 1891 1496 1959 εἶναι
1581 1885 1582 1922 i

310 1995 417 2061 δοκεῖν.
465 1998 498 2059 in
527 1999 586 2060 hec
608 1998 749 2059 oratione
779 2007 811 2060 et
832 1999 909 2061 alios
932 1999 1102 2079 plerosque
1131 2007 1163 2061 et
1189 1999 1293 2078 ipsum
1316 1997 1397 2060 adeo
1419 1999 1497 2060 ller-

310 2119 461 2164 mannum
482 2099 685 2181 adquievisse
708 2118 783 2163 sane
806 2103 969 2164 miremur.
1009 2119 1082 2163 nam
1105 2095 1155 2164 τὸν
1178 2105 1229 2164 νῦν
1250 2093 1386 2186 παρόντα
1407 2095 1495 2187 χόλον

310 2197 434 2290 μόχθων
457 2223 520 2266 non
536 2212 638 2285 potest
661 2205 704 2267 ita
727 2205 880 2286 explicari
903 2215 939 2267 ut
961 2205 1076 2268 factum
1100 2213 1149 2267 est
1170 2224 1187 2266 o
1211 2205 1393 2268 recentiore
1408 2205 1497 2267 scho-

310 2306 410 2386 liasta,
436 2309 490 2390 qni
506 2305 674 2389 adscripsit
697 2301 750 2392 rip
773 2300 868 2390 λόπην
889 2311 949 2372 τῶν
971 2311 1022 2371 νῦν
1048 2308 1230 2393 δοστοχιῶνε
1257 2307 1377 2370 etenim
1394 2326 1497 2389 neque

309 2409 471 2473 laboribus
494 2421 582 2475 recto
612 2410 765 2475 tribuitur
792 2405 884 2498 χόλος
913 2430 1018 2492 neque
1042 2413 1219 2473 Promethei
1250 2410 1427 2491 indignatio
1449 2410 1497 2472 vel

311 2515 357 2575 ira
373 2512 507 2576 dicenda
532 2523 611 2595 erat,
636 2514 694 2577 sed
710 2524 894 2596 praesentes
909 2517 1067 2577 cruciatus
1089 2512 1270 2595 opponendi
1294 2523 1387 2576 erant
1403 2514 1498 2576 maio-

311 2635 381 2681 rum
404 2616 548 2680 laborum
570 2635 649 2698 quos
671 2619 864 2680 contumacia
893 2617 955 2680 sibi
978 2617 1164 2680 contrahere
1188 2616 1315 2680 videtur
1337 2618 1495 2698 gravitati.

310 2721 418 2801 itaque
447 2720 611 2783 laudemus
635 2720 825 2784 Ludovicum
848 2720 1073 2784 Doederlinum
1103 2719 1188 2802 quod
1215 2713 1309 2805 χόλον
1332 2717 1411 2782 ferri
1438 2738 1497 2783 noo

309 2841 402 2906 posse
430 2824 601 2904 intellexit,
634 2823 719 2905 quod
747 2815 838 2910 ὄχλον
867 2823 1058 2906 Aeschylum
1087 2824 1252 2910 scripsisse
1282 2825 1409 2905 putavit
1438 2841 1498 2885 noo

310 2926 492 2990 laudamus:
523 2945 713 3009 quamquam
737 2927 855 3009 placuit
876 2917 968 3012 ὄχλον
992 2925 1072 2989 illud
1093 2926 1253 2990 Dindorlio
1275 2935 1445 3008 tantopere
1467 2935 1498 2988 ut

310 3039 342 3093 et
364 3028 557 3095 collaudaret
578 3049 683 3112 nuper
710 3041 742 3092 et
766 3032 933 3110 reciperet.
979 3049 1092 3093 verum
1122 3030 1298 3092 rectissime
1321 3030 1499 3092 Meinehius

312 3133 460 3214 Philologi
484 3143 506 3194 t.
525 3151 561 3196 xv
583 3154 616 3215 p.
636 3134 697 3194 l39
721 3134 843 3214 requiri
865 3133 946 3196 vidit
975 3152 1037 3195 non
1062 3131 1275 3195 multitudinis
1296 3132 1348 3195 vel
1372 3132 1496 3210 turbae,

311 3235 370 3298 sed
392 3237 498 3298 oneris
519 3239 623 3319 potius
644 3245 699 3299 aut
714 3235 856 3299 dolorum
881 3237 1043 3317 gravitatis
1064 3237 1235 3298 notionem.
1275 3236 1375 3298 nihilo
1397 3238 1498 3299 minus
1581 3263 1582 3282 t

310 3329 422 3425 ὄχλον,
454 3341 485 3401 in
510 3339 594 3421 quod
618 3340 805 3403 vocabulum
835 3341 903 3422 ipse
933 3341 1028 3402 etiem
1058 3339 1131 3400 olim
1162 3338 1290 3417 incidit,
1323 3338 1498 3403 delandere

311 3451 442 3506 conatus
471 3452 519 3506 est
547 3443 729 3507 Fridericus
751 3445 945 3506 Wiaselerus
975 3443 1008 3503 in
1037 3441 1164 3504 schedis
1192 3443 1311 3504 criticis
1335 3441 1499 3524 Gottingae

311 3547 370 3610 hoc
398 3564 480 3608 anno
503 3565 639 3610 sococnx
669 3547 775 3610 editis.
822 3546 900 3609 dicit
929 3547 1014 3608 enim
1039 3535 1131 3629 ὄχλον
1153 3563 1229 3607 sanc
1252 3543 1338 3626 apud
1360 3543 1499 3628 Aeschy-

311 3648 376 3711 lum
399 3667 526 3730 semper
555 3649 681 3712 turham
710 3651 905 3732 significare,
937 3647 994 3712 sed
1023 3642 1125 3734 ὄχλοῖν
1156 3648 1333 3710 Promethei
1361 3667 1395 3710 v.
1420 3649 1497 3710 4005

311 3753 470 3816 notionem
494 3752 611 3816 habere
633 3752 788 3834 urgendi,
819 3763 985 3834 praeterea
1014 3761 1119 3814 autem
1148 3763 1256 3814 notum
1279 3770 1349 3814 esse
1372 3754 1498 3834 antiquo

310 3865 452 3936 tempore
474 3846 566 3942 ὄχλον
589 3875 684 3938 saepe
708 3856 819 3918 eadem
835 3855 1063 3936 significatione
1079 3853 1198 3917 dictum
1223 3873 1291 3916 esse
1307 3873 1370 3935 qna
1393 3865 1498 3936 postea

311 3957 395 4022 dicte
418 3961 460 4023 sit
484 3951 621 4046 ὄχλησις.
666 3958 845 4022 verendum
874 3969 922 4021 est
951 3978 991 4020 ne
1023 3958 1115 4020 homo
1144 3957 1345 4020 doctissimus
1374 3959 1499 4021 everi·

310 4071 374 4124 tote
397 4063 449 4124 hic
478 4082 541 4125 non
571 4065 676 4126 minus
706 4061 903 4125 aberraverit
930 4081 1024 4143 quem
1055 4063 1087 4124 in
1117 4061 1188 4123 eliis
1216 4078 1279 4123 non
1308 4061 1405 4124 nullis
1427 4063 1499 4123 Pm-

311 4165 429 4227 mathei
452 4166 600 4228 versibus
621 4185 700 4247 quos
722 4164 850 4228 schedis
872 4165 938 4227 suis
959 4165 1116 4227 tractavit.
1156 4172 1278 4226 tontum
1302 4163 1392 4227 abest
1414 4165 1497 4226 euim

310 4277 345 4329 ut
366 4286 399 4328 v.
419 4269 501 4330 4000
524 4263 626 4354 ὄχλοῖν
650 4268 786 4350 urgendi
815 4267 1073 4349 significationem
1102 4265 1216 4330 hebeat
1237 4275 1274 4329 ut
1295 4285 1410 4331 versus
1433 4267 1494 4344 ille,

310 4363 411 4456 ὄχλεῖς
434 4364 529 4455 μάτην
553 4395 589 4455 pe
611 4365 676 4455 κῦμ’
702 4363 782 4444 ὄπως
800 4374 993 4457 παρηγορῶν,
1018 4371 1061 4432 ita
1084 4371 1124 4432 sit
1141 4368 1412 4452 interpretandus,
1437 4389 1497 4431 mo-

312 4475 405 4538 lestus
435 4493 484 4553 es,
518 4473 642 4556 fnestra
671 4495 717 4538 mc
744 4477 826 4539 velut
850 4474 975 4556 fluctum
1003 4473 1179 4536 admoneor.
1233 4484 1345 4557 aperte
1372 4491 1423 4536 res
1452 4481 1497 4535 est
