3204 5104
328 377 402 452 tol
622 391 710 458 lauru
733 411 898 460 ιιιυτιοιινιι
921 409 1106 459 arsamum
1125 391 1217 456 4868.

329 583 512 647 emendaret
541 585 696 648 lleinekio
726 603 789 648 non
819 587 919 667 magis
946 603 1041 666 quam
1070 593 1143 647 ante
1173 603 1245 647 eum
1274 583 1346 645 aliis
1370 583 1497 662 contigit.

328 685 484 750 excidisse
515 686 637 768 aliquid
666 699 698 750 et
721 707 834 752 versus
863 667 988 752 nuineri
1012 697 1044 750 et
1065 689 1163 750 oratio
1186 686 1287 749 docet.
1336 686 1392 748 hoc
1412 687 1437 748 si
1457 693 1499 746 te·

214 867 216 870 ,
329 809 456 870 nemus,
481 780 516 854 εὖ
537 789 619 854 τέλοι
641 791 834 854 lenissimam
851 790 989 855 admittit
1005 789 1270 854 emendationem.
1310 787 1500 852 scribendum

328 903 376 956 est
398 895 482 956 enim
1424 881 1427 888 ⁴

483 997 510 1060 εἰ
525 992 582 1084 γὰρ
598 991 676 1061 τοῦτ’
696 991 817 1077 εἴποιτ’,
836 988 953 1062 σέπλοι’
974 990 1089 1084 (ἕπετ’)
1105 991 1211 1060 αὐτίκα
1225 991 1277 1058 καί
1294 989 1370 1068 Zeti:

533 1090 633 1185 οὔριος
655 1094 800 1186 ὑμετέρας
821 1095 980 1166 πνιύσεται
1001 1097 1044 1172 είς
1066 1092 1186 1171 δδιίνας.

328 1199 436 1267 αὐτίκα
458 1205 503 1266 sio
525 1204 645 1266 dictum
669 1215 716 1266 est
738 1213 773 1266 ut
796 1223 858 1266 non
875 1205 1007 1267 multum
1023 1202 1064 1265 ab
1087 1193 1207 1287 ὕστερον
1224 1201 1368 1264 dilierat:
1393 1199 1431 1264 de
1448 1218 1500 1280 qua

327 1307 556 1387 significatione
579 1307 756 1370 lleinekius
779 1307 861 1370 dixit
884 1309 917 1370 iu
940 1306 1158 1369 Callimaoheis
1181 1326 1213 1387 p.
1239 1305 1314 1366 295.
1360 1298 1428 1368 νυο’ν
1447 1321 1500 1363 non

327 1409 368 1470 tle
391 1428 474 1472 nuru
498 1408 555 1472 sed
578 1408 618 1472 de
641 1410 746 1491 puella
770 1409 889 1472 dictum
913 1410 945 1471 in
964 1408 1159 1490 proverbiali
1175 1427 1272 1470 versu
1287 1427 1383 1489 quem
1399 1407 1501 1469 scholia

328 1513 360 1572 in
384 1512 419 1574 ll.
444 1531 503 1574 xxu
527 1513 588 1574 263
621 1511 739 1575 habent
768 1511 1001 1576 restituendum
1032 1531 1102 1576 esse
1124 1511 1302 1574 lleinekius
1331 1513 1449 1593 putavit
1474 1511 1501 1569 in

328 1615 432 1677 Dianio
463 1614 547 1678 stud.
580 1626 647 1677 ant.
679 1635 707 1678 a.
738 1634 904 1678 κυουυιιιιτ
933 1635 965 1697 p.
993 1617 1026 1676 ll
1063 1626 1094 1678 et
1124 1624 1230 1695 postea
1262 1615 1294 1676 iu
1324 1613 1502 1677 Theocritcis

328 1737 360 1798 p.
387 1717 448 1780 462
472 1728 504 1780 et
527 1720 559 1781 iu
581 1716 741 1782 Analeetis
762 1717 803 1780 ad
825 1717 1020 1781 Athenaeum
1043 1739 1076 1801 p.
1102 1719 1155 1780 50.
1201 1737 1316 1781 versus
1337 1717 1442 1780 iliadis
1461 1716 1503 1776 hic

286 1831 394 1901 tuest,
425 1815 496 1884 υδδέ
518 1814 604 1885 λέκυι
625 1817 677 1884 καί
699 1810 786 1907 α’ίρνες
809 1809 976 1906 δμέφρυναΙ
1000 1815 1095 1904 δυμδν
1118 1819 1250 1907 ἔχουσιν.
1297 1821 1435 1884 scholion
1455 1821 1503 1881 ha-

330 1923 441 1986 bemus
462 1922 581 2005 duplici
604 1925 712 2005 specie
728 1925 956 2003 consignatum.
996 1923 1133 1987 alterum
1147 1924 1287 1987 scholion
1303 1925 1349 1986 sic
1364 1925 1503 2004 scriptum

329 2037 393 2106 est,
425 2025 563 2090 έντεδδεν
584 2019 604 2111 ἡ
627 2025 775 2112 παροιμία
805 2024 895 2112 φησίν
921 2018 1044 2098 “odone
1071 2029 1192 2112 φιλοῦσι
1220 2021 1308 2091 λέκοι
1335 2021 1403 2100 rori<
1423 2017 1503 2110 ἄρνας

328 2123 369 2200 ὡς
392 2127 544 2214 φιλέουσιν
567 2123 785 2214 ἄντερασταί”;
820 2149 901 2211 quae
924 2130 1079 2210 quomodo
1102 2128 1301 2194 emendanda
1324 2131 1389 2194 siut
1409 2140 1503 2212 postea

328 2230 481 2294 dicemus.
528 2234 627 2294 altera
657 2233 766 2294 scholii
797 2234 922 2315 species
951 2233 1029 2295 haee
1057 2243 1125 2312 est,
1156 2233 1294 2298 έντεδδεν
1324 2227 1344 2317 ἡ
1372 2229 1504 2318 παροιμία

331 2325 439 2419 Ηα’ίρνα
466 2336 588 2421 φιλοῦσι
615 2327 701 2400 λόκοι
728 2333 794 2399 νέον
825 2329 866 2406 ὡς
899 2334 1053 2420 φιλέουσιν
1087 2332 1210 2422 έρασταί
1241 2331 1296 2421 την
1330 2335 1503 2422 έρωμένην.”

328 2437 379 2498 hic
402 2439 577 2501 lleinekius
600 2438 805 2501 scribendum
828 2457 899 2502 esse
922 2439 1055 2501 coniecit
1078 2429 1156 2524 ἄρνα
1178 2440 1300 2526 φιλοῦσι
1322 2435 1423 2518 λύκοι,
1445 2431 1503 2502 νυδν

328 2529 369 2610 dr}
392 2540 545 2626 φιλέουσιν
568 2539 711 2626 ἐρασταί,
736 2544 923 2624 putavitque
945 2536 999 2626 τὴν
1022 2541 1177 2628 ἐρωμένην
1194 2541 1235 2605 ad
1250 2537 1321 2606 νυόν
1338 2539 1503 2626 explicandi

327 2663 420 2706 causa
443 2643 587 2708 additum
611 2663 691 2708 esse.
739 2663 802 2707 non
824 2644 954 2707 videtur
975 2643 1222 2709 adsentiendum
1245 2665 1317 2708 esse
1333 2648 1401 2710 vim
1421 2664 1504 2728 prae

328 2747 422 2809 clar‘o.
469 2767 541 2811 nam
572 2757 608 2811 ut
637 2767 700 2810 non
729 2748 769 2810 de
798 2748 905 2830 puella
934 2746 992 2810 sed
1021 2747 1063 2810 de
1093 2767 1193 2829 puero
1223 2750 1425 2829 cogitandum
1445 2765 1503 2810 esse

329 2867 515 2913 censeamus
543 2849 734 2914 adducimur
761 2869 797 2913 ea
827 2849 990 2932 proverbii
1021 2850 1119 2914 lorma
1149 2871 1212 2933 qua
1240 2852 1327 2914 Plato
1357 2855 1452 2915 utitur
1478 2853 1502 2911 iu

329 2951 471 3015 Phaedro
494 2973 526 3034 p.
552 2955 626 3034 Ξέί,
652 2947 693 3026 ὡς
716 2947 804 3018 λύκοι
826 2943 892 3039 ἄρν’
918 2947 1075 3038 ἀγαπᾶτέ,
1100 2943 1141 3026 ὣς
1162 2954 1258 3018 παῖδα
1280 2957 1417 3041 φιλοῦσιν
1438 2953 1503 3038 έρα-

328 3052 404 3118 σταί.
452 3056 649 3136 significatur
671 3057 876 3138 proverbium
901 3058 932 3118 in
956 3053 1137 3120 sobolio⁰ad
1159 3059 1195 3118 ll.
1222 3057 1320 3120 1207
1349 3058 1501 3138 adscripto,
1579 3059 1580 3067 ’

327 3151 363 3220 od
385 3160 442 3229 πᾶς
466 3155 499 3222 δέ
521 3153 538 3221 δ
562 3161 657 3244 φιλῶν
680 3153 823 3243 κήδεται,
855 3151 896 3230 ὡς
919 3153 1005 3223 λιίκοι
1027 3151 1122 3245 ἄρνας
1149 3159 1234 3242 quod
1257 3147 1401 3242 pertinet
1421 3160 1458 3223 ud
1477 3179 1500 3220 ν.

328 3262 403 3340 209,
429 3251 522 3346 ἄμφω
544 3255 627 3346 ὁμῶς
649 3261 737 3348 δυμῷ
759 3256 906 3348 φιλέουσά
933 3285 967 3326 τε
988 3262 1141 3348 κηδομένη
1168 3285 1210 3327 τι.
1259 3267 1421 3328 transtulit
1441 3281 1502 3326 sanc

329 3363 534 3443 proverbium
564 3364 604 3426 ad
634 3365 810 3428 mulierum
834 3383 973 3428 amorem
1003 3361 1223 3430 Aristaenetus
1251 3367 1310 3448 Ep.
1337 3387 1360 3429 u
1388 3369 1444 3446 2⁰,
1472 3359 1502 3434 ὡς

326 3460 384 3550 γὰρ
408 3460 494 3529 λέκοι
521 3460 590 3538 τυδς
619 3456 713 3552 ἄρνας
735 3461 909 3552 ἀγαπῶσιν,
934 3459 1020 3532 οὕτω
1047 3463 1087 3531 τὰ
1106 3461 1217 3553 γόναια
1238 3469 1385 3534 ποθοῦσιν
1407 3470 1434 3535 οί
1453 3468 1503 3532 νέοι

325 3563 376 3630 καί
398 3566 558 3654 λυκοφιλία
578 3561 690 3633 τυιίτων
713 3563 729 3636 ὁ
751 3563 863 3642 πέδοςε
896 3569 955 3632 sed
981 3574 1112 3654 proprie
1135 3574 1282 3654 luporum
1306 3593 1420 3637 nomen
1443 3573 1502 3635 illuc
1578 3557 1579 3631 l

327 3671 551 3752 referturque
574 3673 714 3754 pertinet
738 3675 770 3736 in
794 3674 950 3736 versiculo
980 3692 1076 3754 quem
1100 3675 1183 3738 Plato
1206 3675 1323 3739 adfert.
1372 3677 1502 3741 Lucillius

327 3775 359 3833 in
383 3775 608 3855 epigrammate
632 3793 694 3856 quo
716 3771 766 3839 τὸν
789 3769 956 3861 φιλόπαιδα
979 3771 1153 3863 Κράτιππον
1177 3779 1311 3860 lacerat,
1338 3779 1432 3844 Anth.
1450 3777 1501 3840 Pal.

326 3895 355 3936 ιιι
380 3877 453 3956 titt,
483 3867 596 3960 ἤλπισα
618 3875 721 3954 τοῦτο,
753 3873 924 3964 Κρέτιππι·
951 3873 1143 3966 μανήσομαι,
1175 3879 1203 3945 εί
1225 3875 1314 3956 λέκος
1339 3881 1415 3948 εἶναι
1436 3881 1503 3948 llio

326 3977 422 4062 λέγων
445 3972 559 4064 ἐφάνης
581 3978 717 4065 ἐξαπίνης
748 3977 862 4067 ἔριφος.
909 3984 1013 4046 Strato
1033 3983 1131 4047 anth.
1158 3986 1221 4048 Pal.
1247 4004 1289 4048 m
1311 3987 1375 4048 950
1399 3983 1503 4050 Νυκτε-
1577 3985 1578 4050 ί

327 4075 410 4165 ρινὴν
441 4079 591 4166 ἐπίκωμος
621 4077 673 4146 loia
705 4079 902 4170 μεταδόρπιον
931 4078 1012 4172 ὥρην
1028 4079 1120 4174 Ἄρνα
1141 4082 1231 4160 λέκος
1254 4088 1409 4176 θυρέτροις
1429 4080 1501 4173 εὖροι

326 4178 511 4266 έφεαταιίτα,
543 4180 614 4247 Υίδν
633 4180 834 4272 Ἀριστοδίκου
860 4190 913 4251 τοῦ
935 4187 1075 4274 γείτονος.
1124 4193 1249 4274 itaque,
1279 4205 1429 4275 quantum
1456 4209 1500 4252 uos

327 4283 457 4365 quidem
488 4287 716 4367 intellegimus,
749 4293 780 4352 in
811 4292 928 4353 scholio
959 4293 1122 4356 Homerico
1154 4297 1330 4358 rectissime
1359 4317 1393 4359 se
1420 4293 1498 4356 halet

327 4378 404 4470 ἄρνα
426 4390 545 4472 φιλοῦσι
568 4383 671 4467 λύκοι,
696 4391 763 4455 νέον
786 4387 827 4464 ὡς
850 4393 1003 4479 φιλέουσιν
1023 4395 1147 4482 ἐρασταί
1155 4446 1165 4474 ,
1189 4397 1333 4462 additum
1351 4407 1496 4462 est'autem
1576 4407 1577 4482 η

327 4484 379 4572 τὴν
402 4488 556 4574 ἐρωμένην
584 4492 624 4552 al)
653 4498 767 4575 coqui
792 4495 858 4559 νέον
882 4517 943 4558 non
967 4499 1091 4561 videret
1116 4501 1178 4562 dici
1201 4502 1318 4580 παῖδα,
1351 4501 1403 4564 scd
1432 4499 1495 4561 molt
