3204 5104
382 379 471 440 lunnx
493 396 660 441 enarrem!
683 359 861 440 inserviam
886 379 980 440 laea.
1202 364 1272 438 331

96 569 182 628 marm
205 569 238 627 ia
261 567 373 628 occulto
395 585 440 628 vrs
463 573 523 642 est,
552 585 644 648 qaam
665 568 782 628 acilius
802 566 937 647 (laminis
960 585 1071 628 carsae
1093 567 1275 630 emboariet:

97 670 194 749 inepte
217 671 304 732 enim
329 672 380 731 m'a
403 669 557 731 librorum
580 669 747 732 toleratum
769 679 828 730 est.

173 773 207 834 ln
239 773 374 853 epistula
405 773 444 834 95
478 775 516 834 ta
550 781 718 853 postquam
746 773 866 834 Seneca
894 771 975 834 dixit
1004 774 1118 834 multos
1152 773 1277 835 morbos

97 876 185 936 multa
208 875 329 938 lercula
353 874 456 937 lacere
481 877 704 955 luxuriamque
727 875 818 955 gulae
848 884 880 936 ει
902 893 942 936 ex
964 875 1102 937 discordi
1126 875 1196 938 cibo
1219 895 1277 938 na-

96 989 227 1040 scentem
251 978 433 1041 morborum
456 980 639 1040 varietatem
663 978 869 1058 perstrinxit,
903 980 946 1040 ita
974 981 1096 1059 pergit,
1129 980 1155 1039 si
1179 978 1277 1040 libros

95 1083 269 1162 sequimur,
296 1082 366 1146 iude
388 1089 450 1144 tam
472 1081 555 1144 uallo
578 1089 770 1164 oeprotamus
792 1099 901 1163 qaaere
923 1099 1014 1161 mam
1028 1083 1171 1144 vivimus.
1218 1081 1277 1143 ad-

96 1185 280 1262 quieverunt
309 1186 342 1247 in
371 1185 421 1246 his
454 1184 666 1264 grammatici,
703 1183 766 1244 nisi
795 1182 881 1262 quod
910 1184 1041 1246 Haasius
1070 1185 1140 1245 vitii
1171 1194 1275 1246 notam

95 1288 244 1366 adposuit.
291 1289 379 1368 atqui
411 1285 501 1350 lacile
531 1296 598 1348 erat
628 1286 739 1348 tollere
767 1288 881 1347 vitium
904 1297 936 1348 et
957 1285 1100 1349 scribere
1122 1288 1192 1350 inde
1215 1295 1276 1350 tam

95 1409 184 1452 auro
207 1399 401 1473 aeqrotamas
423 1402 532 1474 qaaere
554 1408 645 1471 quam
667 1391 808 1452 vivimus.
857 1389 942 1469 quad
971 1389 1089 1452 dieitur
1112 1390 1203 1452 multo
1224 1409 1277 1473 qe-

95 1511 161 1554 nere
192 1493 278 1556 idem
312 1504 361 1556 est
393 1512 430 1554 ac
458 1493 565 1555 multis
593 1492 711 1554 modis:
749 1493 853 1572 tetigit
883 1492 968 1554 bunc
997 1493 1149 1572 loquendi
1183 1513 1276 1556 usum

95 1595 262 1676 Madvigius
285 1595 359 1658 adn.
385 1594 426 1658 ad
443 1596 507 1656 Cic.
533 1594 574 1657 de
591 1595 645 1656 lin.
664 1613 685 1656 u
705 1593 769 1677 §a
816 1605 924 1676 postea
948 1597 980 1656 in
1005 1595 1117 1658 eadem
1140 1597 1276 1676 epistula

96 1699 131 1758 95
153 1699 192 1758 56
215 1697 422 1770 scribendum
446 1709 494 1760 est
515 1717 575 1760 aaa
597 1706 642 1760 est
663 1716 782 1760 neeesse
800 1697 892 1779 fabro
914 1697 951 1760 de
969 1697 1094 1780 fabrica
1115 1717 1273 1778 quaerere,

94 1803 164 1884 qaod
181 1806 247 1866 eius
262 1804 394 1879 initiam,
419 1803 486 1882 qais
501 1820 577 1863 usus
593 1802 643 1876 sit,
668 1821 727 1862 aaa
743 1803 840 1884 moqis
856 1819 947 1882 quam
958 1802 1142 1882 pantomimo
1157 1802 1194 1863 dc
1209 1809 1276 1864 arte

94 1905 231 1967 saltandi.
272 1924 373 1968 omnes
396 1906 471 1967 isiae
486 1911 569 1966 artes
591 1923 617 1966 ει
640 1923 673 1966 se
695 1905 804 1980 sciam,
830 1904 905 1966 nibil
927 1903 1027 1966 deest:
1050 1923 1111 1964 aaa
1133 1906 1212 1966 enim
1235 1905 1276 1967 ad
1368 1957 1378 1978 ,

95 2015 175 2070 totam
204 2011 355 2090 pertineat
378 2009 482 2070 vitam.
529 2009 629 2069 virtus
652 2015 681 2069 et
702 2007 834 2068 oliorum
856 2008 983 2070 seiemio
1012 2015 1057 2069 εει
1078 2015 1106 2070 ει
1127 2009 1194 2068 sai:
1227 2007 1276 2068 di-

94 2112 228 2174 soeadum
256 2112 293 2173 de
314 2113 384 2192 ipsa
418 2119 462 2173 εει
488 2118 523 2172 at
544 2112 613 2190 ipso
639 2109 788 2172 discatur.
834 2109 1017 2172 addendum
1040 2129 1109 2172 esse
1133 2112 1276 2172 sinemo

95 2215 185 2276 semel
207 2216 346 2276 monitus
369 2232 432 2276 non
454 2212 636 2292 adgnoscat.

173 2317 368 2379 Naturalium
391 2317 611 2397 quaestionum
628 2316 668 2376 ιι
691 2316 703 2374 l
733 2314 811 2376 haec
833 2316 906 2376 olim
930 2314 1135 2395 legebantur,
1161 2318 1276 2399 ipm'ttm

96 2421 199 2482 mallee
222 2421 387 2500 variaeque
411 2418 508 2500 socies
531 2425 612 2480 suat.
659 2415 833 2480 Aristoteles
862 2418 1012 2498 quoddam
1037 2437 1132 2501 penas
1155 2419 1277 2480 illoram

95 2541 213 2602 cop-rom
237 2528 331 2584 vorat.
379 2523 409 2582 si
435 2539 480 2582 me
509 2521 747 2603 interroyaveris
775 2538 888 2601 quare,
916 2523 1007 2601 prior
1033 2521 1108 2581 mibi
1128 2523 1276 2583 rationem

97 2625 200 2687 reddas
221 2632 337 2706 oportet
358 2641 453 2704 qaaere
474 2623 566 2684 laedi
586 2630 750 2684 vocemur:
781 2625 811 2684 si
831 2630 946 2701 autem,
973 2623 1051 2704 qaod
1072 2624 1278 2685 commodissi-

97 2747 172 2788 mam
200 2736 259 2802 est,
292 2729 465 2789 convenerit
494 2728 573 2788 iliter
601 2745 656 2788 aas
684 2745 722 2788 ae
751 2726 829 2788 alter
856 2727 987 2788 aitemcm
1010 2727 1173 2808 interroyet
1196 2727 1277 2802 Quid

97 2829 164 2892 dicit
191 2831 261 2892 iile?
290 2831 388 2892 salias
414 2831 473 2892 erit
501 2829 538 2890 de
566 2847 599 2890 re
628 2831 696 2909 ipsa
723 2847 870 2910 quaerere
892 2847 983 2909 qaam
1005 2830 1118 2890 mirari
1139 2828 1212 2908 qaid
1235 2831 1278 2890 ita

97 2929 261 2996 elm'stoteles
290 2932 408 3015 plebum
438 2933 517 3014 ipsis
539 2919 746 3012 adpellaveril¹
777 2949 915 3012 capram.
970 2940 1057 2993 recte
1087 2949 1192 3011 nuper
1225 2950 1319 3000 re-io

97 3047 216 3115 ceptum
239 3046 286 3098 εει
308 3034 394 3116 quod
416 3033 499 3096 liber
521 3034 751 3112 Berolinensis,
777 3037 867 3096 cuius
889 3052 1001 3114 magna
1025 3043 1073 3096 est
1095 3033 1275 3112 auctoritas,

98 3137 237 3216 praebuit
266 3157 361 3219 quare
390 3146 418 3200 et
445 3137 536 3198 haedi
557 3145 711 3198 vocentur.
760 3157 832 3198 mox
854 3148 959 3198 autem
984 3137 1077 3217 plane
1100 3135 1276 3197 absurdum

98 3252 143 3302 εει
167 3240 243 3303 illud
270 3260 308 3302 ae
338 3241 418 3302 aiter
445 3240 576 3302 alteram
606 3242 768 3322 iuterroqet
791 3239 871 3315 (laid
899 3240 970 3301 dicit
999 3240 1072 3301 ille?
1115 3239 1278 3299 Bentleius

98 3363 164 3404 eum
190 3344 228 3406 ad
254 3344 372 3405 Manilii
401 3361 515 3404 versus
538 3362 548 3402 r
572 3343 628 3402 att
662 3361 705 3404 ss.
737 3342 953 3422 pulcherrime
982 3360 1000 3402 a
1028 3360 1062 3402 se
1093 3339 1278 3402 emendatos

97 3446 146 3507 illa
161 3448 296 3508 Senecae
312 3443 527 3522 adscriberet,
554 3445 625 3525 quid
647 3445 729 3506 dicat
751 3445 801 3507 ille
816 3444 917 3506 dedit.
966 3443 1051 3523 quod
1073 3453 1179 3504 utrum
1204 3461 1278 3504 casu

98 3547 202 3611 lecerit
224 3569 263 3611 an
287 3550 416 3612 coasilio
439 3550 530 3628 parvi
554 3548 671 3630 refert:
698 3557 784 3608 certe
799 3548 892 3608 aliter
907 3547 1087 3626 scripsisset
1106 3547 1132 3606 si
1156 3545 1278 3624 cognita

99 3650 252 3714 habuisset
276 3653 405 3714 meliora
429 3651 635 3730 exemplaria.
682 3650 897 3711 berolinensis
920 3650 1005 3710 enim
1022 3648 1104 3710 liber
1120 3647 1198 3709 baec
1222 3647 1279 3708 ha-

97 3751 165 3832 bet,
196 3759 247 3835 qai
273 3757 344 3818 dicit
375 3756 460 3817 illam
488 3753 671 3834 respondere
698 3771 757 3814 aaa
785 3771 882 3833 posse.
930 3755 1028 3814 satias
1056 3752 1115 3812 erit
1142 3759 1173 3812 et
1197 3767 1278 3829 quae

97 3869 250 3920 secuntur.
297 3859 372 3920 hinc
395 3857 527 3918 llaasius
549 3858 592 3916 ita
610 3856 755 3934 scripsit,
781 3854 927 3936 quidquid
949 3855 1022 3916 dicit
1043 3854 1129 3916 illam
1150 3871 1278 3932 respon-

98 3958 164 4020 dere
190 3980 247 4022 aon
274 3978 373 4041 posse.
427 3978 539 4022 verum
570 3977 674 4038 neque
705 3958 888 4038 respondere
916 3956 1048 4038 aliquid,
1080 3975 1117 4018 ea
1147 3954 1277 4035 quidem

97 4063 246 4124 sententia
268 4081 364 4143 quam
388 4063 518 4124 Haasius
542 4063 738 4141 quaesivisse
762 4060 906 4138 videtur,
936 4061 1079 4121 Latinum
1103 4067 1150 4118 est
1173 4075 1277 4136 neque

98 4160 217 4226 dicendi
238 4165 374 4227 verbum
403 4175 513 4245 aptum
542 4175 589 4225 εει
611 4163 666 4226 ubi
690 4164 868 4242 requiritur
891 4160 1025 4224 verbum
1048 4159 1201 4240 opinandi
1224 4168 1278 4220 aut

97 4266 222 4329 sciendi.
267 4278 399 4349 possunt
422 4277 528 4330 autem
553 4267 627 4327 libri
651 4265 864 4327 Berolinansis
886 4263 1009 4325 litterae
1029 4262 1190 4323 lenissima
1207 4281 1278 4323 mu-

98 4369 206 4431 tatione
237 4373 278 4432 ita
309 4371 423 4450 corrigi
454 4380 488 4432 ut
510 4370 614 4430 omnia
637 4378 723 4430 recta
746 4377 777 4429 et
800 4367 894 4446 plana
916 4366 1004 4428 fiant.
1051 4363 1228 4426 scribemus
1250 4366 1279 4424 si

97 4479 207 4549 coam,
238 4473 317 4555 quod
344 4471 616 4534 commodissimam
645 4479 705 4548 est,
737 4470 909 4532 converterit
937 4471 1017 4531 inter
1046 4485 1100 4530 aas
1130 4485 1167 4528 aa
1199 4466 1278 4528 alter
