3204 5104
436 440 524 501 lanas
546 457 713 502 tscrtoavrr
735 457 914 503 insuram
932 439 1025 500 isos.
1252 425 1327 497 387

114 640 227 711 atque
241 629 361 709 Regius
376 637 407 690 et
424 629 588 710 exemplar
598 627 741 691 Aeeursii
758 627 938 712 lipendimas
953 627 1084 690 habent.
1119 628 1327 692 scribendum

115 743 171 796 est
198 751 389 810 transmare,
416 730 450 793 id
473 741 520 793 εει
542 733 590 794 εἰε
611 732 666 812 qui
683 729 783 792 libera
798 739 953 812 potestate
968 731 1118 794 licentius
1135 731 1324 794 utebantur:

113 836 296 915 antiquior
318 833 508 896 modestiore
531 835 671 896 oratione
688 832 823 896 dixisset
840 833 1022 915 potentibus.
1062 836 1096 896 in
1111 833 1327 898 Theodosiana

114 937 239 1000 codice
266 956 315 999 rvr
338 939 398 1000 at
430 938 565 1018 legimus
595 935 672 998 nihil
700 943 745 998 est
773 935 851 1017 quod
879 939 976 1020 mapis
1004 937 1174 1000 hominihus
1203 937 1329 1000 debetur

113 1059 221 1122 quam
245 1048 284 1103 ut
305 1058 466 1122 supremae
487 1040 668 1113 voluntatis,
697 1046 857 1120 postauam
879 1039 967 1102 aliud
992 1041 1054 1102 iam
1076 1041 1152 1102 aelle
1173 1059 1234 1102 non
1254 1059 1329 1121 pos-

113 1152 217 1220 sunt,
255 1143 333 1205 liber
360 1145 400 1206 sit
427 1143 516 1205 stilus
545 1149 574 1204 et
602 1143 695 1204 licens
723 1141 802 1224 quod
830 1143 939 1204 iterum
966 1161 1027 1204 non
1049 1143 1129 1205 redit
1150 1142 1326 1204 arbitrium.

112 1246 307 1327 adscripsit
329 1246 374 1308 ibi
397 1243 609 1308 Gotholredus
631 1243 717 1324 quod
740 1244 946 1326 Symmachus
968 1245 1027 1326 Ep.
1045 1264 1056 1307 1
1079 1245 1120 1306 59
1144 1245 1222 1308 dicit
1243 1245 1328 1307 homo

114 1351 251 1413 licentis
275 1350 338 1410 otii.
383 1365 551 1430 possumus
573 1347 635 1408 alia
650 1345 787 1427 addere,
813 1346 870 1409 sed
893 1366 955 1409 non
971 1367 1051 1429 opus
1067 1358 1125 1410 est.
1171 1358 1208 1412 ut
1222 1358 1329 1410 autem

113 1451 294 1516 liventibus
324 1452 356 1512 in
387 1450 567 1534 lipendimus
595 1449 803 1531 depravatum
834 1459 882 1512 est
911 1453 953 1512 ita
983 1453 1016 1513 in
1044 1452 1192 1513 Vaticano
1221 1450 1329 1513 codice

115 1575 171 1618 ιιι
201 1555 240 1616 tt
276 1553 287 1614 t
316 1554 471 1636 lipentium
493 1554 645 1633 scriptum
670 1563 811 1615 osteum
834 1551 969 1615 deberet
992 1553 1141 1617 licentius.

215 1656 316 1720 Libro
342 1676 401 1718 rxu
433 1658 471 1717 46
496 1659 515 1718 2
544 1657 680 1737 legimus
709 1657 803 1739 ipitar
834 1655 958 1718 Thebais
986 1657 1098 1719 multas
1129 1659 1208 1719 inter
1238 1657 1330 1720 urbes

111 1765 285 1826 clariores
307 1761 378 1822 aliis
401 1759 605 1840 Hermopolim
626 1758 715 1821 habet
735 1765 763 1820 el
786 1759 897 1841 Copton
919 1767 948 1821 el
968 1749 1116 1835 Antinoe,
1148 1779 1239 1841 picam
1261 1762 1329 1822 Ila-

111 1867 269 1930 drianus
291 1864 323 1924 in
344 1861 487 1924 hottorem
502 1858 627 1924 Antinoi
641 1861 775 1924 condidit
788 1865 857 1924 sui:
880 1861 1098 1944 hecatompylos
1118 1864 1197 1924 enim
1216 1861 1329 1926 Thebas

113 1987 216 2032 nemo
241 1983 304 2028 noa
325 1967 419 2027 novit.
466 1963 518 2026 hio
538 1961 671 2027 Antinoe
695 1974 781 2028 reete
803 1965 957 2045 seriptum
979 1976 1045 2042 est,
1071 1964 1157 2046 quod
1181 1984 1198 2027 e
1221 1965 1330 2028 codiee

112 2071 238 2135 adfert
264 2065 534 2148 lindenbrogius,
560 2077 591 2129 ει
614 2066 710 2129 habet
733 2078 818 2129 certe
841 2069 967 2129 antinoi
989 2068 1175 2130 Vaticanus:
1208 2067 1330 2130 Accur-

111 2177 193 2238 sius
222 2181 258 2234 ει
280 2169 430 2233 Gelenius
452 2171 651 2250 scripserunt
672 2166 832 2232 Antinoon.
881 2179 948 2232 tum
977 2169 1081 2251 ephebi
1101 2180 1174 2232 ante
1197 2171 1333 2234 condidit

115 2277 231 2340 habet
263 2272 443 2336 Accursius.
497 2290 560 2352 quo
590 2271 798 2353 depravatum
827 2272 962 2335 verbum
993 2275 1121 2354 egregie
1152 2284 1329 2336 correctum

112 2391 192 2444 est:
232 2395 308 2440 nam
336 2378 368 2438 in
390 2377 538 2437 Vaticano
562 2374 649 2458 ⁸libro
676 2377 829 2457 scriptum
859 2387 907 2438 est
928 2351 1052 2458 έεῇἰιἾ,
1079 2378 1112 2438 in
1135 2396 1198 2458 quo
1214 2379 1329 2440 vitium

116 2486 244 2564 inepte
263 2488 418 2542 mutatum
432 2488 497 2556 est,
523 2477 676 2541 Gelenius
691 2478 777 2559 quod
795 2479 944 2542 similiter
967 2479 1177 2562 depravatum
1201 2479 1331 2543 videtur

116 2585 299 2649 invenisse
321 2583 436 2644 omisit.
483 2583 630 2645 omittere
654 2584 758 2662 potius
776 2582 915 2646 debebat
937 2583 1020 2664 apud
1037 2583 1129 2664 'quod
1143 2593 1217 2646 ante
1239 2583 1331 2646 teca

112 2687 282 2770 tompylos
315 2684 439 2747 eediees
471 2683 591 2746 habent
619 2685 788 2748 Vaticanus
821 2695 853 2747 et
883 2685 1109 2767 Lindenbrogii
1142 2689 1329 2768 pariterque

117 2789 333 2870 exemplaria
359 2786 502 2850 decursii
533 2797 565 2850 et
586 2788 729 2870 [Gelenii.
776 2786 924 2871 {denique
946 2785 1013 2873 ffiqui
1044 2791 1167 2870 primus
1201 2790 1329 2870 scripsit

114 2913 219 2960 nenio
242 2911 305 2953 non
327 2892 411 2952 novit
431 2891 624 2952 sententiam
645 2890 803 2954 Ammiani
832 2891 1003 2956 adsecutus
1026 2902 1091 2972 est,
1123 2891 1165 2955 ab
1188 2893 1328 2954 oratione

113 3001 203 3064 eius
234 2993 409 3057 aberravit.
461 3011 536 3055 nam
564 2993 689 3056 codices
716 2995 885 3058 Vaticanus
913 3005 945 3058 ει
973 2993 1199 3077 Lindenbrogii
1233 3003 1329 3076 atque

115 3098 332 3178 exemplaria
353 3094 581 3160 Acoursianum
610 3105 641 3159 et
664 3095 875 3160 Gelenianum
902 3117 966 3160 non
989 3099 1050 3160 tria
1073 3098 1127 3159 illa
1150 3097 1250 3160 verba
1272 3099 1332 3159 ha-

118 3207 231 3278 bent,
260 3198 317 3262 sed
331 3199 390 3262 hoc
403 3219 502 3262 unum
518 3217 713 3283 mapparum,
738 3219 779 3262 ex
802 3218 864 3280 quo
887 3201 940 3262 illa
963 3203 1048 3262 nasci
1064 3219 1127 3262 non
1143 3209 1328 3282 potuerunt.

113 3302 345 3372 scribendum
361 3313 408 3365 est
424 3311 452 3365 et
465 3299 614 3379 Antinoe,
639 3321 730 3384 mam
745 3303 927 3366 Hadrianus
947 3301 1135 3365 inhonorem
1151 3301 1326 3385 Antinoi**)

117 3407 241 3494 ephebi
262 3406 395 3468 condidit
415 3408 483 3468 sai:
506 3405 724 3486 hecatompylos
747 3406 826 3468 enim
852 3405 965 3469 Thebas
989 3424 1068 3468 nstro
1092 3423 1231 3469 sennaar.

223 3507 344 3570 Eodem
373 3508 448 3570 libri
478 3527 539 3570 xru
567 3508 670 3589 capite
701 3509 740 3568 id
772 3509 811 3568 te
840 3507 881 3570 de
910 3507 1009 3570 doctis
1038 3511 1093 3590 qui
1117 3506 1330 3570 Alexandriae

114 3618 210 3682 olim
234 3611 366 3674 luerunt
386 3610 570 3674 hominibus
591 3628 695 3674 sermo
717 3619 782 3672 est:
815 3612 894 3672 inter
923 3627 996 3691 quos
1024 3611 1232 3674 chalcenterus
1255 3612 1331 3672 emi-

119 3719 204 3782 nuit
219 3713 386 3795 Didymus,
404 3714 578 3794 multiplicis
594 3714 736 3776 scientiae
749 3713 873 3793 scriptis
888 3713 1102 3778 memorabilis.
1139 3715 1191 3776 hic
1206 3715 1330 3795 scriptis

117 3845 145 3886 a
171 3817 304 3884 Valesio
333 3817 542 3896 excogitatum
571 3825 619 3878 εει
641 3817 747 3877 minus
769 3817 865 3877 saite:
899 3834 1091 3898 quamquam
1120 3817 1211 3897 peius
1234 3818 1329 3878 etiarn

124 3926 296 3988 Gruterus
312 3925 402 4000 captu
416 3917 624 3981 scribendum
646 3936 717 3980 esse
740 3919 929 3980 coniecerat.
970 3920 1123 3981 nimirum
1137 3921 1171 3980 in
1186 3918 1329 3981 Accursii

121 4024 329 4103 Geleniique
359 4020 598 4102 exemplaribus
619 4021 737 4102 legitur
757 4023 866 4103 coepti,
901 4023 934 4083 in
963 4020 1046 4084 libro
1068 4021 1215 4084 Vaticano
1238 4023 1327 4102 copti.

125 4128 221 4194 facili
254 4134 285 4187 et
308 4133 395 4185 certa
424 4121 645 4186 emendatione
675 4122 882 4186 scribendum
911 4133 958 4187 est
986 4123 1161 4206 multiplicis
1190 4125 1334 4186 scientiae

122 4251 227 4297 eorm
252 4225 466 4290 memorabilis.

126 4381 350 4400 ...μ-ι-

208 4473 234 4530 *t
257 4449 370 4534 {hnttnb
388 4441 468 4532 leibii
492 4467 667 4518 Vseeandam
688 4465 941 4535 (inanimatum.)

187 4553 232 4616 ”t
256 4551 346 4624 [Casu
363 4553 409 4603 hac
426 4553 578 4604 amuletum
597 4553 772 4604 interciderat.
792 4553 825 4616 ci.
846 4555 900 4604 tud.
920 4555 977 4604 tect.
998 4559 1061 4604 aest.
1086 4551 1177 4620 tila]

1071 4655 1125 4706 25*
