3268 5108
391 416 478 474 lnnrx
503 433 669 477 scortorum
692 433 870 478 nrsrrrnnru
900 416 989 475 1855.
1238 399 1287 472 69

102 605 210 666 dictura
235 616 283 666 est
307 603 394 687 [post
418 604 558 666 Gratiam
578 623 611 685 p.
629 603 723 687 40.]‚
750 611 794 666 cst
815 606 894 666 enim
917 623 998 667 nrnrc
1018 623 1113 687 penos
1136 604 1290 667 dilatandi

104 709 186 770 rerba
213 727 347 790 quaero
371 709 480 770 litteris
506 707 672 788 pariuntur,
706 709 742 769 de
769 727 826 789 qno
856 703 954 770 ,tristi
982 709 1072 770 Fusci
1095 709 1290 790 grammatici

102 821 139 874 est
166 811 241 874 liber
270 811 312 874 od
340 808 480 874 Asinium
513 811 676 890 Polionem,
713 812 824 874 rectius
854 811 914 872 clici
947 809 1100 874 *ueniebam
1129 811 1288 876 solliebom

102 915 239 978 letrahunt
272 913 440 978 molliebom
462 911 567 998 Qqnenr
604 913 742 976 venibam
779 913 920 976 sollibom
958 914 1088 976 wilbant
1121 915 1284 978 mollibom.

101 1037 218 1101 numque
246 1020 333 1082 renio
358 1020 463 1100 primo
492 1025 633 1100 correpto
661 1017 833 1096 veniebam,
866 1036 979 1081 rnrsrrs
1007 1019 1111 1099 primo
1136 1019 1288 1101 producte

101 1122 246 1202 raabam,
273 1121 530 1201 conveniebam,
557 1122 648 1184 aredio
671 1120 848 1200 audiebam,
878 1120 974 1183 oodeo
996 1121 1156 1184 credebam.
1203 1123 1287 1184 sole-

101 1226 167 1288 bant
188 1237 293 1290 autern
319 1227 371 1287 illo
387 1235 529 1306 tempore
552 1225 696 1288 homines
711 1224 793 1287 docti
817 1224 916 1286 libros
934 1243 1008 1288 suos
1031 1244 1094 1288 non
1110 1225 1201 1288 iacile
1216 1227 1286 1290 aliis

99 1330 267 1392 inscribere
298 1348 392 1410 quarn
424 1349 559 1410 quorurn
588 1327 693 1391 studia
721 1347 739 1390 a
769 1328 939 1410 disputatis
968 1328 1064 1391 rebus
1094 1348 1155 1392 non
1180 1339 1287 1392 essent

99 1435 209 1512 aliona,
244 1442 351 1496 contra
375 1443 471 1513 atque
496 1432 589 1494 hodie
611 1433 727 1495 multos
748 1431 909 1496 videmus'
924 1442 979 1495 aut
1001 1431 1117 1494 favoris
1139 1433 1285 1514 captandi

98 1547 144 1599 aut
167 1538 287 1618 gratiae
318 1535 507 1598 referendae
536 1555 629 1598 causa
660 1555 741 1618 quae
772 1539 970 1618 scripserunt
1001 1537 1047 1598 eis
1076 1535 1183 1598 dicare
1207 1556 1286 1618 quos

97 1640 279 1722 praevident
308 1640 430 1702 nullum
460 1640 653 1701 versiculum
683 1640 821 1702 lecturos
851 1657 932 1702 esse.
985 1637 1042 1702 sed
1072 1637 1202 1702 Asinius
1229 1642 1285 1702 otii

97 1756 211 1824 partem
236 1745 433 1824 consumpsit
460 1744 493 1804 in
517 1741 715 1824 exagitandis
744 1745 790 1804 eis
813 1761 896 1823 quae
919 1763 937 1806 a
960 1742 1053 1804 claris
1075 1743 1286 1824 scriptoribus

99 1849 201 1910 ritiosc
225 1847 308 1910 diota
340 1866 410 1910 esse
440 1845 583 1929 putabat.
630 1856 852 1909 commemorat
880 1849 964 1910 enim
988 1845 1106 1908 librum
1130 1848 1199 1909 eius
1222 1866 1285 1928 quo

97 1952 226 2013 Sallustii
252 1951 371 2032 scripta
395 1949 602 2032 reprehendit
625 1952 796 2013 Suetonius
819 1951 852 2011 in
875 1950 1089 2031 grammaticis
1118 1947 1195 2030 (cap.
1217 1949 1281 2033 ill),

98 2055 208 2117 Gellius
236 2055 377 2117 noctium
405 2053 579 2116 Atticarum
614 2074 632 2116 x
661 2055 702 2115 26
730 2054 899 2136 epistulam
933 2071 1027 2134 quam
1061 2051 1102 2115 ad
1136 2054 1282 2116 Plancum

98 2159 232 2239 scripsit,
265 2159 297 2220 in
329 2176 391 2238 qua
423 2158 560 2239 epistula
588 2159 782 2239 vituperavit
808 2155 893 2238 quod
921 2157 1089 2220 Sallustius
1120 2157 1152 2218 iu
1181 2159 1283 2239 primo

97 2261 291 2324 historiarum
308 2262 404 2323 maris
416 2263 584 2324 transitum
597 2263 882 2342 transmissumque
900 2259 1036 2324 navibus
1049 2259 1164 2323 laetum
1178 2270 1284 2323 trans-

97 2383 233 2442 gressum
255 2363 473 2446 adpellaverat
495 2383 612 2445 eosque
636 2368 691 2446 qui
709 2364 825 2427 iratum
842 2366 1085 2427 transmiserant
1104 2373 1284 2445 transgres-

96 2487 140 2530 sos
171 2467 316 2530 dixerat:
354 2487 426 2529 nom
456 2477 670 2552 transgressas
701 2470 806 2550 inquit
835 2488 856 2529 o
888 2467 1139 2551 transgrediendo
1172 2468 1285 2532 dicitnr

97 2571 175 2652 ilpne
191 2573 290 2653 ipsam
313 2571 351 2633 ob
367 2573 509 2654 inpressu
531 2581 558 2636 et
581 2572 731 2654 opedam
746 2572 847 2655 moda
870 2570 1066 2652 adpellotnrn.
1109 2573 1284 2634 rectissimo

95 2685 193 2736 antem
209 2675 330 2737 Gellius
353 2676 486 2738 nimium
502 2676 646 2738 translati
662 2675 753 2737 verbi
772 2674 933 2738 fastidium
950 2677 1133 2738 contemnit.
1165 2674 1284 2739 deinde

96 2787 197 2839 notum
234 2787 280 2840 est
316 2777 401 2860 quod
430 2780 646 2852 Quintilianus
680 2778 762 2841 libro
790 2799 833 2840 xn
865 2780 876 2838 l
911 2779 951 2840 Ἡ
981 2779 1110 2859 scripsit
1137 2778 1284 2843 Asinium

97 2891 272 2962 atrumque,
300 2880 332 2943 id
356 2892 404 2944 est
426 2883 583 2944 Polionem
607 2881 760 2944 etlilium
785 2884 854 2944 eius
874 2881 1009 2961 Gallum,
1034 2883 1110 2943 vitia
1133 2883 1284 2947 orationis

96 2984 206 3064 quibus
230 2985 414 3048 Ciceronem
445 2985 603 3048 lahorasse
633 2995 786 3066 putarunt
815 2986 942 3046 inimice
964 2983 1111 3066 pluribus
1134 2986 1210 3049 loeis
1233 2989 1284 3050 in-

96 3098 213 3150 secutos
236 3107 317 3150 esse.
365 3087 507 3170 denique
536 3091 569 3152 in
592 3091 627 3152 T.
649 3091 734 3152 Livio
758 3089 915 3151 Polionem
938 3086 1099 3169 quandam
1124 3091 1284 3154 Patavini-

95 3201 184 3254 tatem
214 3193 318 3254 inesse
342 3182 511 3272 putavisse¹
541 3196 617 3255 satis
646 3192 849 3256 decantatum
879 3201 937 3254 est.
985 3211 1066 3272 quac
1092 3193 1306 3258 Patavinirast

96 3295 193 3374 qrralis
222 3295 318 3360 luerit
347 3296 437 3358 multi
471 3295 623 3378 indagare
652 3296 862 3359 studuerunt:
900 3294 957 3358 sed
989 3295 1105 3358 frustra
1136 3298 1163 3358 is
1194 3296 1283 3360 labor

95 3399 271 3482 suscipitur.
312 3417 417 3480 neque
442 3401 607 3463 animnos
634 3401 689 3482 qui
719 3419 791 3462 sero
813 3401 951 3462 vivimus
978 3399 1143 3462 subtiliora
1166 3400 1283 3465 discri-

97 3502 174 3564 mina
189 3501 307 3584 quihus
322 3502 444 3566 urbana
467 3505 565 3566 oratio
588 3523 605 3566 a
628 3523 690 3566 non
714 3503 835 3566 urbana
852 3501 990 3566 distabat
1005 3504 1192 3585 intellegere
1206 3525 1283 3587 pos-

96 3625 200 3668 sumus
222 3625 327 3688 nequo
350 3609 519 3689 quisquam
542 3608 604 3668 nisi
631 3608 663 3668 in
686 3627 723 3670 ea
749 3608 853 3686 lingua
877 3609 910 3668 in
932 3625 994 3688 qua
1018 3615 1111 3670 natus
1134 3616 1183 3670 est
1205 3627 1282 3690 per-

96 3709 167 3788 ripit
181 3711 209 3770 si
224 3711 400 3790 paullulum
417 3710 579 3792 peregrini
598 3710 752 3772 sermonis
774 3709 979 3772 admiscetur.
1019 3720 1192 3791 praeterea·
1210 3733 1281 3776 eum

97 3831 128 3873 eo
161 3813 398 3877 consideramus
430 3831 512 3894 quac
546 3813 667 3876 Gellius
701 3833 740 3876 ex
775 3815 826 3876 illa
861 3812 960 3876 Asinii
996 3815 1131 3895 epistula
1164 3816 1279 3896 attulit,

97 3935 279 3998 magnopere
302 3915 481 3979 verendum
511 3937 581 3980 esso
603 3916 732 3980 videtur
762 3937 802 3979 ne
826 3936 925 3978 senex
948 3905 1024 3980 sane
1054 3919 1202 4000 egregius
1223 3920 1283 3984 sad

97 4020 195 4096 paullo
219 4021 368 4084 morosior
390 4021 484 4083 etiam
502 4019 542 4083 de
558 4021 637 4082 Livii
660 4022 800 4083 oratione
816 4018 977 4082 fastidiose
1001 4030 1033 4082 et
1056 4039 1127 4083 oum
1143 4022 1280 4102 quadam

97 4123 284 4186 cavillatione
308 4123 507 4189 iudicaverit.
548 4123 628 4187 illud
650 4133 755 4187 autem
779 4133 901 4186 certum
926 4132 985 4202 est,
1011 4142 1073 4186 non
1098 4135 1182 4188 recte
1205 4145 1281 4189 eru-

98 4223 279 4290 ditissimum
308 4228 412 4290 virum
436 4226 650 4290 Godoiredum
674 4225 904 4290 Bernhardium
936 4229 968 4288 in
997 4227 1128 4290 historia
1158 4228 1281 4293 littera-

100 4345 161 4388 rmn
185 4331 361 4394 latinarum
386 4353 417 4413 p.
437 4331 498 4394 bib
522 4350 653 4394 censere
676 4332 835 4394 Polionem
859 4332 1097 4392 Patavinitatem
1114 4333 1193 4394 Livii
1217 4351 1278 4396 non

100 4431 127 4490 io
148 4451 290 4497 sermone
313 4438 383 4498 eius
405 4434 693 4515 vocabulorumque
715 4433 842 4498 delectu
865 4432 1138 4516 deprehendisse,
1164 4433 1222 4498 sed
1245 4437 1278 4498 in

100 4533 272 4600 scholastica
291 4539 426 4621 quadarn
451 4547 481 4600 et
503 4559 521 4600 a
544 4539 629 4601 cirili
653 4539 784 4602 seientia
808 4557 869 4600 non
893 4539 968 4601 satis
993 4538 1144 4600 instructa
1168 4539 1278 4622 loqua-
