3204 5104
306 347 379 420 314
598 363 686 424 lunen
708 379 874 426 enarrante
897 379 1076 423 inertium
1101 361 1194 422 tute.

304 553 450 614 concitum
472 569 599 632 carpus,
629 567 814 633 mapnasqne
841 567 896 612 ou
919 568 1026 612 seruis
1054 567 1147 634 aperis
1167 550 1259 633 foeda
1280 554 1351 614 orsu
1372 559 1399 614 et
1420 551 1486 614 lar-

306 655 403 718 reuda
430 654 528 736 (actu
557 653 792 736 depravantium
820 671 853 715 se
882 660 970 734 atque
998 654 1268 716 intumescentium.
1322 654 1430 716 Giaero
1458 657 1486 716 in
1594 701 1595 710 ,

305 759 437 820 Verrem
459 758 581 819 satione
604 755 744 820 secunde
766 775 795 817 ιι
817 753 835 838 5
859 756 920 816 ll8
942 755 1033 818 buius
1055 763 1155 818 tamen
1178 758 1318 836 insania,
1348 775 1424 838 quiae
1446 759 1488 819 ri·

305 861 408 924 dicata
429 868 474 923 est
496 860 583 935 aliis,
615 858 690 921 mibi
717 866 780 922 tum
808 859 933 922 molesta
961 877 1037 922 sane
1059 858 1130 941 [uit.
1183 879 1256 922 nam
1279 879 1347 922 eum
1368 878 1488 942 spumas
1594 911 1595 926 ι

306 971 409 1046 aperet
430 965 462 1024 in
484 982 553 1040 ore,
585 963 679 1026 ocutos
702 961 844 1038 arderet,
875 979 945 1024 vaae
966 963 1107 1025 mamima
1134 965 1196 1024 uim
1220 981 1267 1025 me
1288 962 1348 1026 sibi
1367 963 1488 1046 adferre
1594 1015 1595 1040 ,

281 1068 467 1142 talamaret,
492 1065 626 1148 copulati
647 1067 678 1128 in
701 1068 749 1127 ius
768 1067 975 1146 pervenimus.
1022 1063 1096 1146 sed,
1126 1051 1172 1128 ιιιΙ
1195 1065 1350 1145 diximus,
1381 1066 1489 1130 melius
1594 1049 1595 1080 ¹

306 1169 482 1252 proterenti
510 1167 649 1232 libenter
678 1166 897 1232 adsentiamur
927 1183 986 1232 nea
1015 1177 1155 1232 nastrum
1178 1169 1360 1250 opinionem
1383 1181 1490 1233 eantu-

307 1273 426 1335 mucius
447 1270 625 1349 tuebimur,
652 1267 820 1334 dummodo
841 1271 957 1351 nequis
980 1269 1065 1352 quod
1087 1269 1162 1334 libri
1184 1270 1304 1334 babent
1327 1271 1487 1336 defendat.

306 1376 469 1456 pergimus
492 1384 596 1437 nutem
619 1372 660 1436 ud
683 1374 743 1436 alia
766 1372 806 1437 de
829 1374 949 1454 quibus
970 1374 1076 1437 minus
1100 1373 1293 1437 dubitamus.

392 1479 427 1540 ln
456 1475 567 1540 eodem
596 1479 694 1558 igitur
721 1475 844 1558 dialogo
874 1495 907 1538 ιιι
937 1477 1006 1540 sive
1036 1475 1077 1540 de
1107 1479 1154 1540 irs
1176 1479 1229 1539 ι6
1261 1479 1279 1539 l
1311 1477 1385 1540 libri
1417 1481 1490 1542 bueo

307 1581 482 1664 praebent,
507 1580 560 1642 baa
581 1599 642 1642 uno
663 1579 848 1643 medentibus
871 1581 929 1641 erit
943 1578 1101 1643 dissimilis
1122 1579 1202 1662 meod
1216 1580 1265 1642 iili
1278 1581 1386 1662 quibus
1402 1585 1490 1645 euos

307 1703 367 1746 non
386 1691 550 1765 patuerunt
572 1684 685 1766 turpini
703 1682 826 1765 [anilem
848 1684 967 1745 caium
985 1690 1163 1764 praestant,
1187 1681 1235 1746 bia
1252 1684 1413 1748 damnatas
1427 1703 1490 1747 amr

307 1787 450 1850 dedecore
472 1793 499 1848 et
521 1785 709 1848 traduatione
731 1787 795 1849 uita
817 1788 929 1869 eoeipit,
953 1804 1015 1848 non
1036 1805 1098 1868 qiua
1112 1785 1274 1849 detestetur
1287 1787 1382 1850 ullius
1397 1807 1492 1870 poeno

214 1883 215 1886 ’
309 1890 430 1972 (procul
458 1896 502 1952 est
523 1890 603 1956 enirn
624 1908 646 1950 a
666 1890 802 1971 sapiente
824 1897 886 1952 tam
909 1887 1076 1951 inhumana
1101 1889 1240 1971 feritas),
1272 1889 1326 1952 sed
1347 1899 1382 1953 ut
1403 1891 1492 1954 doari-

308 1999 438 2055 mentum
460 1995 593 2054 omnium
614 1993 677 2054 sint
698 1999 726 2054 et
747 1994 800 2074 qui
820 1992 915 2055 alicui
934 1993 1098 2054 noluemnt
1121 1991 1267 2073 prodesse
1293 2001 1389 2056 morte
1417 2003 1492 2056 certe

307 2114 412 2159 eanum
438 2113 490 2158 res
514 2093 638 2176 pubiirm
664 2101 782 2156 utatur.
837 2097 905 2176 ipsa
935 2096 1045 2157 mortis
1071 2096 1226 2177 oppositio
1247 2095 1388 2160 ostendit
1409 2098 1492 2160 eius-

308 2198 393 2263 modi
422 2197 546 2279 aliquid
574 2199 735 2260 nSenean
764 2196 942 2279 proiectum
972 2217 1041 2261 esse
1071 2198 1165 2279 quma
1187 2201 1329 2262 Muretus
1354 2195 1489 2282 saripsit,

307 2311 334 2364 et
362 2303 415 2383 qui
442 2302 507 2362 vivi
533 2300 697 2363 notumunt
720 2301 876 2382 modeste.
924 2301 1055 2364 Hessius
1081 2320 1122 2365 ne
1145 2319 1241 2364 unam
1264 2301 1403 2364 litterum
1426 2303 1492 2366 nbi-

308 2413 394 2469 aeret
417 2403 527 2486 plures
541 2400 666 2466 eddidit
681 2404 872 2485 saripsitque
895 2412 924 2466 et
944 2406 998 2486 qui
1017 2405 1089 2468 aliis
1111 2406 1192 2467 vivi:
1217 2404 1302 2484 quad
1317 2421 1382 2467 nan
1399 2406 1492 2468 relert

308 2509 497 2572 oonaiunum
520 2505 600 2569 illud
622 2525 685 2587 quo
707 2508 829 2569 Seneau
849 2507 977 2570 exaellit
991 2505 1122 2570 diaendi
1138 2525 1251 2588 genus.
1290 2507 1491 2572 scribendum

309 2611 414 2692 potins
436 2619 505 2672 emt
526 2617 554 2671 et
575 2628 645 2682 arm
667 2628 727 2671 viri
750 2610 914 2672 noluerunt
938 2609 1094 2692 prodesse.
1141 2609 1272 2674 totidem
1295 2611 1492 2674 lineamentis

309 2723 454 2776 eonstuut
476 2713 617 2794 quiauiui
637 2722 669 2775 et
691 2714 846 2794 qinotimt.
894 2722 942 2776 est
964 2721 1069 2776 sutem
1091 2711 1133 2775 ad
1155 2713 1335 2778 huiusmodi
1359 2733 1490 2792 errores,

309 2819 365 2900 qui
387 2815 545 2880 litterulas
568 2816 775 2898 persequenti
798 2834 911 2878 verum
934 2816 995 2897 ipsi
1018 2817 1109 2898 quusi
1138 2815 1293 2897 produnt,
1325 2816 1493 2898 diligenter

309 2918 557 2999 attendendum,
576 2939 617 2988 ue
632 2919 735 2981 aliena
752 2928 784 2981 et
798 2917 878 2981 iolsu
893 2928 1100 3000 quaeruntur.
1148 2920 1190 2982 itu
1213 2920 1246 2981 in
1269 2921 1406 3001 epistula
1421 2921 1455 2980 st
1474 2921 1491 2980 s

310 3025 456 3106 quisquis
478 3023 602 3103 primus
623 3023 752 3104 saripsit
780 3041 840 3084 non
866 3029 911 3086 est
932 3021 1128 3084 emotttmdm
1150 3021 1288 3098 antium,
1321 3024 1492 3086 tentissime

310 3128 394 3190 leait.
448 3145 521 3188 nam
551 3124 592 3188 od
622 3125 680 3188 baa
709 3126 814 3206 ipsum
843 3124 964 3188 duaunt
991 3134 1190 3189 vetristorum
1220 3125 1374 3189 librorum
1409 3126 1490 3200 vitis,

310 3249 370 3294 aori
390 3239 437 3294 est
458 3231 547 3292 emoti
572 3227 650 3310 (vel,
675 3227 761 3310 quod
784 3229 860 3292 iude
883 3227 1081 3308 factumest,
1106 3227 1229 3311 mono)
1256 3229 1344 3291 mdui
1358 3231 1491 3292 animus:

310 3343 417 3396 eontra
447 3332 539 3394 nihili
569 3341 617 3395 est
646 3329 731 3412 quod
754 3333 866 3394 bunnia
892 3332 1010 3414 pluauit
1037 3351 1098 3394 nan
1127 3339 1172 3394 est
1200 3339 1313 3394 emotin
1342 3334 1395 3395 sui
1422 3333 1493 3394 tom

310 3440 443 3500 animus.

397 3542 540 3602 Proximo
568 3539 690 3619 dialogo
719 3539 786 3601 sive
816 3537 856 3601 de
887 3540 934 3600 ira
962 3555 985 3600 ιι
1009 3539 1042 3598 ll
1079 3539 1096 3600 l
1129 3540 1179 3600 vel
1210 3540 1242 3600 in
1272 3539 1493 3601 resentissimis

313 3642 551 3727 exemplaribus
561 3641 705 3740 pbsurdn
721 3641 882 3722 leguntur.
921 3640 1067 3724 quidquid
1082 3649 1190 3718 terret,
1215 3649 1244 3704 et
1257 3641 1401 3722 trepidat.
1439 3658 1492 3702 non

313 3755 358 3809 est
378 3765 449 3829 erpo
470 3764 567 3827 quare
589 3745 779 3828 aonurpncat
801 3747 960 3826 quisquam
982 3746 1105 3826 sapiens
1119 3744 1229 3808 timeri.
1269 3761 1325 3807 nea
1340 3744 1405 3807 tileo
1420 3745 1491 3806 ιἰιιιιι

313 3867 457 3933 mapnum
478 3849 622 3931 quiddam
641 3855 725 3930 putet
747 3850 818 3930 quia
837 3846 999 3930 formidini
1019 3855 1080 3924 est,
1105 3847 1247 3929 quioniam
1268 3846 1388 3928 meni
1409 3850 1490 3909 dun

313 3953 565 4034 contemptissimo
595 3954 755 4028 tenentur,
786 3959 821 4013 ut
848 3969 965 4013 uenena
991 3959 1020 4013 et
1048 3967 1119 4014 assa
1143 3949 1291 4031 pestifera
1316 3958 1345 4012 et
1365 3965 1487 4012 marrus.

313 4056 417 4118 omniu
440 4055 492 4117 bia
513 4073 533 4118 a
554 4073 629 4119 sunu
653 4055 773 4118 tutione
796 4052 980 4116 obhorrent.
1025 4071 1099 4116 nam
1121 4069 1227 4134 neque
1246 4070 1371 4116 venene
1393 4069 1488 4133 oeque

314 4177 382 4220 ossa
405 4177 510 4238 neque
533 4177 657 4221 nmrsus
679 4156 835 4239 quamodo
856 4158 941 4220 inter
963 4157 1230 4237 contempt'nsims
1247 4157 1371 4237 puriter
1384 4173 1489 4220 nuno-
1592 4205 1593 4208 ι

316 4271 426 4324 rentur
448 4261 511 4323 diei
534 4271 647 4342 potest.
694 4259 813 4324 deiude
835 4278 898 4322 non
921 4261 1022 4341 magis
1047 4258 1109 4322 dioi
1132 4269 1234 4340 potest
1255 4277 1338 4340 quoe
1359 4261 1425 4322 sint
1444 4257 1489 4320 illi
1592 4263 1593 4326 t

315 4381 384 4426 ossa
412 4362 576 4445 pestilera.
628 4383 701 4426 num
731 4364 786 4444 qni
816 4361 979 4444 pralessns
1009 4372 1057 4426 est
1079 4361 1264 4442 intellegere
1287 4379 1322 4424 se
1345 4361 1487 4424 mdnrsrr
1594 4359 1595 4364 ’

316 4468 547 4552 putreseentia,
580 4487 653 4534 eum
681 4485 739 4532 suu
761 4466 979 4548 intellegentie
1002 4463 1065 4527 lrui
1087 4465 1255 4548 patiemur.
1301 4481 1406 4550 nequo
1427 4479 1487 4525 auru
