3186 5108
323 370 393 442 196
614 385 701 446 lnnrx
725 403 891 446 inermum
915 403 1098 446 svesamma
1117 385 1210 446 test.

319 575 507 637 commentis
523 593 605 654 quae
622 572 716 636 lallax
732 573 943 655 interpolandi
967 575 1074 656 operis
1089 573 1229 636 studium
1246 575 1381 655 peperit,
1402 591 1493 653 neque

319 680 534 759 incorruptam
565 677 733 740 fraudibus
756 677 909 739 habemus
939 679 1103 741 materiem
1127 697 1227 761 quam
1251 679 1314 740 situ
1345 679 1495 740 vetustatis

318 781 460 843 discusso
482 782 697 864 perpoliamus
720 791 751 842 et
774 783 806 842 iu
829 783 995 863 pristinam
1013 781 1131 843 formae
1147 780 1395 862 pulcritudinem
1414 781 1495 842 resti-

319 896 461 964 tuamus,
491 885 548 948 sed
571 883 815 947 conflictandum
846 894 894 946 est
923 905 995 947 cum
1023 885 1131 948 multis
1155 885 1325 947 multorum
1349 885 1494 945 hominum

319 987 399 1050 dolis
423 1000 454 1051 et
484 986 626 1050 fallaciis.
675 1007 782 1049 eorum
813 985 967 1050 librorum
998 1006 1077 1069 quos
1104 989 1282 1050 accuratius
1313 989 1450 1049 novimus
1469 997 1496 1046 et

319 1091 533 1174 antiquissimi
564 1091 716 1153 videntur
747 1111 816 1152 esse
845 1099 876 1152 ct
906 1093 1021 1154 ceteris
1051 1091 1191 1154 bonitate
1220 1101 1382 1173 praestare
1410 1089 1496 1150 codex

318 1195 519 1257 Florentinus
542 1194 753 1256 bibliothecae
776 1197 874 1256 sancti
898 1197 1003 1273 Marci,
1033 1196 1157 1257 saeculo
1179 1215 1208 1257 xr
1232 1205 1380 1273 exeunte,
1404 1205 1436 1256 ut
1455 1193 1499 1252 vi-

319 1299 432 1376 detur,
463 1309 627 1374 exaratus,
660 1309 691 1360 et
713 1297 794 1362 alter
815 1299 1015 1360 Florentinus
1037 1297 1249 1362 bibliothecae
1272 1290 1496 1374 Laurentianee,

319 1403 458 1481 scriptus
482 1401 593 1464 eodem
616 1403 753 1480 saeculo,
779 1398 847 1480 sed,
873 1411 908 1464 ut
930 1411 1060 1483 putent,
1086 1402 1191 1483 paullo
1215 1422 1310 1484 quam
1335 1401 1386 1463 ille
1407 1401 1495 1481 prius.

320 1504 438 1566 librum
462 1525 558 1585 quem
581 1503 772 1566 bibliotheca
803 1506 903 1567 sancti
927 1506 1020 1567 Marci
1044 1505 1193 1586 praebuit
1223 1506 1397 1587 exploravit
1418 1505 1498 1564 Nico-

320 1609 389 1672 leus
411 1610 577 1688 Heinsius,
603 1609 659 1688 qui
683 1627 765 1689 quae
793 1607 869 1670 inde
892 1619 1098 1689 excerpserat
1119 1629 1191 1672 cum
1214 1599 1347 1672 elicium
1370 1607 1496 1670 codicum

320 1713 489 1793 seripturis
521 1713 680 1792 congessit
714 1713 747 1772 in
782 1712 945 1793 exemplar
974 1713 1208 1776 Elzevirianum
1242 1713 1318 1776 anni
1351 1727 1497 1774 nacmrrm

320 1814 406 1896 quod
429 1818 514 1878 inter
535 1815 699 1878 Diezianos
728 1814 939 1878 bibliothecae
970 1818 1076 1897 regiae
1097 1816 1314 1880 Berolinensis
1336 1815 1430 1878 libros
1447 1811 1497 1876 ad·

319 1929 482 1994 servatur;
510 1929 682 2000 utrumque
705 1918 857 1994 codicem,
883 1917 940 1981 sed
956 1920 1204 1982 Laurentianum
1227 1929 1350 1982 tantum
1372 1917 1497 1982 inlibris

320 2032 389 2084 octo
416 2021 596 2102 prioribus,
628 2020 870 2100 diligentissime
901 2023 1041 2084 excussit
1069 2023 1225 2086 Hauricns
1257 2023 1391 2099 Keilius,
1421 2022 1497 2084 cuius

321 2124 476 2188 beneficio
505 2124 621 2187 iactum
655 2136 704 2187 est
736 2135 772 2186 ut
804 2135 836 2186 et
865 2123 1018 2188 liudolfus
1044 2127 1215 2190 llerkelins
1249 2137 1281 2189 et
1313 2145 1370 2189 nos
1402 2143 1494 2186 eamn

321 2229 489 2309 scripturis
511 2231 559 2291 uti
581 2246 759 2308 possemus.
799 2227 966 2291 falleretur
988 2239 1095 2292 autem
1117 2249 1311 2312 magnopere
1333 2231 1430 2310 siquis
1450 2229 1495 2288 hos

322 2331 401 2395 duos
423 2331 522 2393 libros
551 2331 746 2392 Florentinos
775 2342 902 2411 putaret
931 2343 986 2395 aut
1016 2351 1078 2394 non
1108 2333 1336 2396 contaminatos
1362 2349 1428 2395 esse
1454 2329 1496 2390 illo

322 2434 407 2517 quod
429 2445 521 2497 antea
544 2436 858 2497 commemoravimus
882 2435 1093 2516 interpolandi
1116 2436 1223 2500 studio
1243 2447 1300 2499 aut
1322 2437 1431 2498 ceteris
1449 2453 1495 2494 er-

322 2538 517 2620 emplaribus
544 2537 693 2602 omnibus
722 2557 825 2620 usque
854 2557 983 2620 quaque
1015 2540 1057 2602 ita
1085 2549 1248 2621 praestare
1277 2550 1314 2603 ut
1343 2542 1375 2602 in
1402 2555 1496 2600 emen·

322 2641 426 2704 dando
449 2642 589 2704 carmine
612 2661 721 2704 eorum
745 2641 824 2704 fides
848 2653 1028 2706 constanter
1049 2643 1092 2705 sit
1106 2642 1283 2723 sequenda.
1323 2639 1404 2706 haud
1425 2641 1495 2702 enim
1585 2707 1586 2728 χ

323 2764 393 2808 raro
416 2756 592 2807 commenta
614 2745 733 2807 habant
755 2765 772 2808 a
796 2755 886 2826 poete
909 2746 1013 2808 aliena
1029 2745 1085 2810 ubi
1109 2747 1140 2808 in
1163 2747 1236 2808 aliis
1251 2745 1343 2810 libris
1363 2755 1416 2808 aut
1431 2741 1495 2805 illud

322 2852 427 2931 ipsum
451 2847 535 2929 quod
558 2847 692 2911 Ovidius
722 2851 850 2930 scripsit
873 2859 1033 2912 servatum
1066 2859 1113 2912 est
1142 2859 1198 2912 aut
1220 2867 1311 2912 error
1333 2847 1455 2930 quidem
1474 2855 1495 2906 et

322 2952 438 3015 menda
462 2952 636 3029 invenitur,
662 2951 718 3014 sed
743 2953 865 3015 nullum
888 2951 1010 3016 iraudis
1033 2955 1299 3033 integumentum.
1346 2954 1446 3034 itaque
1465 2967 1497 3012 ne

323 3057 354 3119 in
378 3056 431 3117 illo
454 3053 585 3137 quidem
608 3053 649 3116 ad
672 3073 767 3136 quem
797 3057 990 3118 revertimur
1013 3057 1167 3120 versiculo
1198 3057 1229 3120 in
1257 3057 1390 3120 alterius
1410 3055 1497 3118 utrius
1581 3065 1582 3068 ’

322 3157 397 3220 libri
420 3161 577 3240 scriptura
600 3161 745 3222 securius
773 3157 1046 3238 adquiescendum
1075 3171 1134 3224 est.
1182 3159 1278 3224 habet
1306 3171 1411 3224 autem
1431 3161 1497 3220 liar-

323 3263 433 3324 cianus
455 3261 540 3324 liber
568 3263 778 3344 similiterque
801 3265 854 3326 alii
878 3281 995 3345 quoquc
1017 3270 1086 3325 erat
1107 3272 1133 3325 et
1163 3265 1252 3326 telios
1274 3265 1387 3328 illicet
1405 3269 1498 3345 pontia

322 3373 351 3427 et
372 3365 486 3443 cedia,
512 3369 744 3430 Laurentianus
765 3385 820 3430 nec
842 3385 904 3450 quc
925 3375 992 3430 erat
1014 3367 1103 3430 tellas
1122 3367 1185 3430 illic
1206 3375 1234 3429 et
1253 3375 1365 3449 pontus
1387 3375 1414 3430 et
1433 3363 1498 3428 ether

322 3467 442 3531 habere
464 3468 603 3548 videtur,
628 3470 685 3533 sed
706 3489 761 3534 occ
783 3480 870 3534 certo
892 3468 955 3550 legi
978 3471 1100 3551 nequit.
1143 3469 1340 3552 reliquorum
1361 3471 1496 3532 libmmn

323 3591 435 3652 magna
459 3583 508 3634 est
530 3571 755 3654 discrepantia.
803 3593 875 3636 nem
905 3583 942 3637 ut
970 3584 1129 3640 taceamus
1157 3575 1190 3636 in
1221 3573 1284 3638 line
1308 3593 1418 3638 versus
1436 3571 1496 3634 alios

323 3695 379 3738 cer
402 3676 540 3754 habere,
570 3677 647 3738 alios
670 3686 702 3738 et
728 3679 862 3758 optimos
886 3677 1015 3758 quidem
1039 3676 1159 3754 aene,
1193 3679 1317 3759 reliqua
1345 3680 1395 3742 his
1415 3673 1494 3738 modis

323 3781 440 3860 scripta
460 3789 547 3858 sunt,
572 3788 607 3842 ut
620 3798 680 3862 quc
702 3787 770 3842 erat
791 3789 819 3842 et
841 3781 938 3858 tellus,
964 3788 1054 3862 utque
1076 3788 1143 3842 crat
1165 3789 1193 3842 et
1215 3781 1317 3858 tellus,
1342 3789 1427 3863 ntqoe
1444 3781 1494 3838 emt

325 3880 368 3944 ibi
388 3883 492 3960 tellus,
519 3890 552 3944 ct
571 3901 634 3964 quc
655 3891 723 3946 erat
744 3891 773 3946 et
795 3884 894 3962 tellus,
920 3891 948 3946 et
968 3903 1030 3966 qno
1052 3891 1119 3945 erat
1142 3883 1242 3960 tellus,
1268 3893 1357 3967 alque
1378 3883 1427 3946 obi
1443 3885 1492 3942 rrol

303 3967 432 4062 'telles
465 3993 514 4048 ost
534 3985 588 4047 uhi
608 3994 676 4048 crat
698 3987 804 4064 tellus,
829 4004 947 4068 qnoque
969 3995 1036 4048 erat
1058 3987 1165 4064 tellus,
1196 4007 1258 4070 qna
1279 3997 1348 4052 erm
1367 3997 1395 4051 et
1414 3985 1489 4052 tata.

326 4107 443 4170 quoque
462 4087 523 4168 suit
545 4089 653 4167 tellus,
684 4107 802 4172 qnoque
828 4088 890 4169 suit
911 4097 938 4150 cl
960 4090 1067 4165 telius,
1100 4107 1218 4172 quoqne
1248 4089 1302 4154 ubi
1329 4099 1395 4154 erot
1413 4087 1487 4154 totto

326 4208 508 4272 quamquam
537 4200 605 4254 eret
633 4201 660 4255 et
690 4193 789 4256 tellus.
838 4195 898 4254 iam
927 4193 1028 4273 siquis
1057 4193 1144 4256 filum
1173 4196 1299 4276 quaerit
1324 4215 1386 4276 quo
1410 4211 1438 4254 se
1460 4205 1486 4250 ci

328 4295 386 4354 hoc
408 4291 599 4375 Labyrintho
623 4295 788 4375 expediat,
822 4296 963 4358 animum
989 4293 1136 4358 advertat
1158 4297 1199 4359 ad
1222 4317 1261 4362 ea
1283 4317 1364 4379 quae
1386 4294 1484 4358 mnino

269 4463 275 4476 ,
329 4393 470 4474 intellegi
500 4415 593 4476 posse
621 4416 727 4477 neque
757 4417 796 4459 ex
824 4399 895 4460 aliis
923 4417 1003 4478 quas
1031 4400 1199 4463 attulimus
1221 4401 1385 4481 scripturis
1404 4407 1482 4460 errore

328 4507 381 4558 aut
410 4499 541 4560 consilio
571 4499 650 4560 laeta
680 4519 748 4562 esse
778 4500 940 4564 videntur.
994 4503 1169 4566 cuiusmodi
1201 4513 1251 4566 est
1279 4503 1360 4584 quod
1387 4505 1480 4582 praeter
