3186 5108
330 398 401 474 llo
621 415 710 478 lanas
732 425 900 478 ιεοειοιινι
923 427 1108 477 aurariam
1126 413 1220 476 labb.

326 623 396 667 esse
418 605 498 668 solet
513 603 719 668 Amazonum.
758 600 1009 687 poteratssautem
1026 603 1146 686 duplici
1169 604 1320 666 orationis
1339 604 1437 665 lorma
1458 601 1505 664 ati.

326 720 399 770 nam
421 709 448 770 ai
472 709 672 772 artificiosius
703 707 788 789 loqui
810 699 954 784 volebat,
987 706 1103 771 licebat
1133 708 1163 770 ei
1193 721 1376 770 umerorum
1405 721 1508 768 nomen
1584 753 1585 812 ρ

325 807 432 893 aliquo
455 813 595 894 epitlaeto
618 828 733 875 ornare
755 810 915 874 aedicere
939 829 993 873 eos
1008 811 1146 892 pulcros,
1171 811 1337 890 iuveniles,
1355 807 1506 871 candidos.

326 915 440 995 quodsi
464 917 506 979 lla
531 915 668 978 instituit
690 916 883 994 orationem,
916 933 957 977 ex
979 914 1027 978 eis
1050 931 1132 995 quae
1155 913 1275 978 deinde
1295 923 1448 976 secuntur
1467 907 1509 974 καί

324 1013 435 1104 γυμνὸς
457 1013 506 1082 del
525 1017 728 1106 παρεφοίνειο
752 1015 846 1104 pald:
869 1017 992 1098 aliquid
1007 1019 1196 1099 cogitatione
1216 1015 1445 1080 retrahendum
1459 1027 1507 1093 est,
1584 1035 1585 1104 ρ

325 1124 417 1204 quasi
440 1122 559 1186 dictum
584 1131 668 1186 esset
691 1111 769 1206 οἶμαι
792 1119 826 1184 δέ
848 1141 899 1208 φιν
924 1116 1064 1207 δεξιτεροί
1086 1115 1135 1186 ἀεί
1156 1117 1263 1206 popul
1288 1117 1448 1206 ἐφαίνοντο
1467 1114 1510 1182 καί
1584 1121 1585 1200 J

323 1220 434 1309 γυμνὸς
464 1219 513 1290 ἀεί
540 1223 742 1311 παρεφαίνετο
772 1217 878 1308 μαίάς.
932 1224 1087 1288 eiusmodi
1122 1225 1206 1288 enim
1239 1227 1389 1288 orationis
1424 1223 1510 1284 loram
1584 1269 1585 1282 ,

323 1327 531 1392 Alexandrini
555 1339 683 1410 poetae,
714 1349 731 1391 a
756 1329 874 1410 quibus
897 1329 998 1390 Latini
1020 1337 1231 1409 acceperunt,
1261 1345 1511 1410 nonnumquam

324 1442 470 1495 utantur.
517 1433 695 1495 Theocritia
724 1432 871 1513 exempla
900 1432 1078 1523 licinekitts
1107 1431 1241 1494 contulit
1261 1449 1295 1514 p.
1313 1431 1395 1511 305,
1426 1429 1511 1494 Calli·

325 1537 446 1598 machia
468 1535 607 1599 Naekius
629 1553 739 1617 opusc.
764 1545 788 1598 t.
808 1553 829 1596 ιι
852 1555 885 1616 p.
904 1534 964 1616 la,
996 1533 1055 1597 scd
1077 1533 1290 1598 adscribenda
1321 1545 1427 1598 tamen
1450 1551 1510 1597 essa

323 1638 487 1702 videntur.
536 1641 643 1721 itaque
673 1639 756 1701 dlait
779 1637 988 1702 Callimachus
1017 1639 1050 1700 in
1074 1637 1192 1720 hymno
1220 1641 1253 1700 ln
1275 1636 1406 1702 Dianam
1431 1659 1460 1700 v.
1476 1639 1509 1700 ll

323 1733 384 1806 ὅττι
408 1765 445 1826 με
467 1738 520 1806 καί
540 1739 680 1806 τίκτουσα
708 1737 760 1805 καί
790 1735 845 1806 οὐκ
873 1732 990 1826 ἤλγησε
1012 1739 1164 1828 φέρουσα,
1195 1743 1228 1804 iu
1259 1743 1375 1824 hymno
1397 1743 1512 1804 Deliaco

322 1865 354 1908 v.
373 1847 434 1910 eat
458 1843 582 1931 παίγνια
604 1843 770 1932 κουρίζοντι
791 1841 844 1908 acl
863 1838 1027 1909 Ἀιιάλλανι
1047 1837 1212 1929 γελαστάν,
1238 1845 1270 1906 in
1294 1847 1511 1927 epigrammate

322 1961 379 2011 aar
403 1949 482 2032 [sxta
497 1947 656 2030 Mainalos]
681 1942 765 2019 λοξὸν
788 1939 858 2034 ὅφιν
880 1943 932 2011 καί
956 1951 1065 2032 μοῦνον
1087 1944 1169 2034 ἔχων
1193 1945 1286 2035 ξίφος,
1311 1947 1344 2010 ln
1361 1949 1512 2030 epigram·

323 2061 405 2116 mate
432 2071 499 2116 sam
532 2053 599 2134 [xxx
619 2051 677 2134 ln]
714 2047 805 2115 ὀστέα
838 2073 887 2115 σοι
918 2048 971 2114 καί
1005 2053 1113 2136 μοῦνον
1147 2048 1192 2116 ἔτι
1224 2049 1336 2138 τρίχες.
1401 2050 1511 2132 quibas

322 2157 477 2238 exemplis
498 2156 587 2219 aliud
608 2155 767 2218 addimus.
809 2157 1004 2236 epigramma
1029 2173 1132 2218 samm
1159 2155 1204 2238 [ιιι
1219 2153 1277 2237 ln]
1304 2155 1362 2217 boo
1384 2166 1443 2234 est,

453 2254 494 2344 μή
518 2257 636 2345 χαίρειν
659 2254 744 2344 εἴπῃς
768 2281 817 2342 με,
841 2253 935 2322 κακὸν
958 2257 1044 2344 slep,
1069 2252 1150 2323 άλλοί
1171 2253 1325 2345 πάρελθε·

530 2359 595 2426 ίσον
618 2357 686 2445 ἐμοί
707 2359 827 2448 χαίρειν
850 2358 913 2426 lori
934 2358 968 2426 τὸ
992 2356 1033 2446 μή
1057 2385 1091 2425 σε
1112 2364 1219 2426 πελᾶν.

323 2464 527 2529 scribebatur
549 2466 623 2526 olim
638 2467 743 2549 γελᾶν,
768 2465 854 2546 quod
869 2465 1013 2528 Graelius
1024 2465 1064 2548 [et
1079 2465 1239 2528 laoobsius
1255 2464 1512 2528 emendaverunt.

324 2569 382 2632 sed
398 2568 539 2632 nondum
556 2578 678 2630 constat
692 2569 807 2630 oratio:
833 2568 990 2633 constabit
1006 2570 1032 2632 sl
1048 2571 1218 2652 scripseris
1238 2566 1304 2634 ίσσν
1320 2566 1388 2654 apol
1402 2565 1513 2655 χαίρειν

322 2667 411 2736 κάσεί
431 2667 465 2736 τὸ
487 2669 530 2757 poi
554 2687 589 2736 ’σε
609 2673 715 2736 πελᾶν.
763 2671 820 2735 sed
851 2674 884 2734 in
907 2673 960 2734 illo
990 2672 1031 2736 de
1059 2691 1122 2755 quo
1145 2673 1348 2755 disputamus
1368 2691 1464 2736 versu
1484 2681 1514 2734 ut

324 2777 551 2840 Callimachum
573 2776 627 2837 tali
643 2775 772 2838 dicendi
796 2777 896 2857 ligarra
919 2795 982 2839 non
1005 2787 1154 2858 putemus
1175 2795 1270 2839 usum
1293 2773 1365 2840 else
1387 2795 1425 2840 eo
1446 2792 1515 2858 per-

323 2897 489 2942 movemur
511 2878 596 2960 quod
619 2873 770 2944 άσάλοιτοι
800 2879 879 2942 ίίίιειί
910 2883 943 2942 in
967 2880 1130 2962 epitheton
1154 2897 1218 2962 quo
1241 2882 1345 2943 umeri
1367 2889 1516 2943 mnentar

323 2984 410 3046 nullo
433 2982 592 3064 probabili
615 2983 749 3046 artificio
771 2982 901 3046 videtur
925 3001 1019 3065 posse
1042 2985 1169 3046 mutari.
1217 2993 1325 3046 contra
1348 2984 1375 3046 si
1399 2983 1515 3063 simpli-

323 3088 393 3149 cius
416 3097 541 3168 poetam
565 3087 703 3150 locutum
727 3103 797 3148 esse
820 3087 1057 3166 existimamus,
1091 3098 1232 3169 paratam
1255 3086 1411 3151 babemus
1433 3085 1515 3149 laell-

323 3190 430 3252 limam
453 3185 720 3252 emendationem.
767 3191 933 3271 scripsisse
962 3192 1048 3252 enim
1071 3189 1201 3254 videtur
1223 3185 1393 3261 άσιίζενστοι
1412 3187 1448 3253 δέ
1467 3209 1514 3275 φιν

323 3283 403 3377 alpos
425 3290 568 3378 λεξισεροί
590 3294 642 3355 vel
657 3295 780 3355 minore
802 3295 898 3356 etiam
921 3296 1094 3357 mutatione
1116 3288 1278 3364 οἰσάζωτοι.
1312 3309 1377 3358 nen
1398 3303 1514 3357 mutum

323 3397 366 3459 de
389 3398 495 3459 cinctu
518 3396 577 3459 aed
592 3395 633 3459 de
655 3397 740 3459 omni
763 3396 950 3461 indumento
973 3391 1146 3468 ζώννυσθαι
1159 3398 1222 3461 dici
1237 3399 1316 3461 satis
1331 3409 1439 3462 notum
1455 3405 1513 3460 est:

324 3501 423 3563 veluti
445 3499 631 3582 Apollonias
653 3499 795 3564 Rhodius
818 3502 860 3564 ita
884 3503 1006 3564 loeutus
1028 3511 1076 3564 est
1098 3519 1144 3564 tm
1169 3503 1264 3582 teat,
1288 3503 1368 3588 τρεῖς
1389 3496 1448 3587 γάρ
1468 3521 1515 3584 pot

325 3599 477 3674 ἀνιάζοντι
508 3597 610 3666 θεάων
639 3601 795 3689 στίρφεσιν
825 3601 949 3689 αἰγείοις
978 3603 1148 3690 ἐζωσμέναι
1179 3606 1211 3678 ἐξ
1239 3600 1365 3670 ὑπάτοιο
1393 3600 1516 3691 αιἰχάνος

324 3701 404 3792 ἀμφί
424 3727 456 3771 τε
486 3711 567 3770 νῶτα
588 3703 640 3770 καί
670 3701 771 3786 ἰξύας,
802 3701 875 3792 ἠιίτε
904 3709 1032 3794 κοῦραι,
1062 3705 1151 3772 ἔσταν
1182 3702 1255 3794 ὑπὲρ
1285 3711 1421 3796 κεφαλῆς
1450 3701 1512 3792 μάλ’

324 3805 494 3896 ἐπισχεδόν.

411 3914 457 3976 De
479 3914 550 3977 aliis
573 3913 755 3976 Callimachi
780 3915 976 3979 carminibus
1004 3915 1138 3978 tortasse
1160 3915 1222 3978 alio
1243 3925 1387 3998 ternpore
1408 3913 1516 3996 dispu-

327 4016 483 4080 tabimus:
513 4035 600 4079 nunc
629 4034 728 4080 unum
753 4021 823 4081 eius
846 4021 1042 4101 epigramma
1063 4017 1227 4099 addimus,
1261 4033 1325 4081 non
1353 4029 1388 4082 ut
1409 4035 1517 4081 emen-

327 4121 440 4183 demus
474 4119 558 4201 (nam
589 4123 665 4182 eatis
694 4120 907 4184 emendarunt
935 4124 1080 4186 homines
1109 4123 1232 4206 docti),
1265 4122 1323 4186 sed
1352 4133 1387 4187 ut
1412 4141 1452 4184 eo
1480 4120 1516 4184 ad

329 4225 473 4286 Latinum
496 4241 624 4285 carmen
649 4223 883 4287 restituendum
906 4237 1044 4288 utamur.
1091 4236 1140 4288 eat
1165 4225 1245 4289 illud
1270 4228 1302 4288 in
1325 4227 1517 4306 anthologiae

328 4327 486 4389 Palatinae
508 4325 590 4389 libro
612 4343 653 4388 νιι
677 4328 871 4409 epigramma
895 4329 956 4392 725
984 4329 1042 4410 [aar
1058 4329 1130 4411 Μ.].

457 4425 556 4505 Αίνιε,
580 4425 631 4492 καί
655 4425 691 4492 σὺ
713 4426 771 4516 γὰρ
792 4421 868 4509 ὦδε,
893 4427 1096 4518 Μενέκρατες,
1121 4427 1185 4496 cdt'
1212 4418 1262 4496 tal
1282 4427 1378 4497 ποαλύ

532 4523 628 4616 ἦσθα,
652 4531 681 4596 τί
703 4555 748 4610 σε,
773 4531 873 4603 Εείνσιν
896 4537 1004 4621 λῷστε,
1027 4530 1262 4622 κατειργάσατσς
