3268 5108
381 433 469 495 lnorx
493 451 659 495 tscrronuu
681 447 861 494 aasrrvmvn
880 431 973 494 l85l.
1227 415 1270 487 51

101 631 128 680 et
140 623 220 701 quasi
237 621 407 702 diffugere.
448 641 548 703 quare
573 632 659 684 recte
682 641 758 684 sane
775 620 1023 702 Wernsdorlius,
1049 641 1120 684 cum
1137 623 1169 684 in
1186 619 1277 682 libris

100 725 216 788 nummos
241 726 416 807 legeretur,
442 745 572 788 uinaria
589 725 795 788 scribendum
820 723 998 806 aseendit,
1024 736 1056 789 et
1071 725 1168 788 habet
1190 735 1276 788 certe

100 830 215 892 neonus
239 829 340 892 codex
356 829 643 910 Cantabrigiensis:
671 839 776 890 cetera
797 847 903 910 neque
919 828 1156 892 Wernsdorfius
1171 848 1277 910 neque

98 933 143 993 alii
168 933 319 1015 expedire
350 943 535 1014 potuerunt.
576 952 649 994 nam
678 952 741 1014 quo
769 933 875 995 minus
905 933 937 994 in
967 935 1065 997 ramis
1094 934 1157 996 illis
1178 951 1278 996 remos

99 1035 184 1098 latere
211 1047 379 1119 putemus,
412 1055 493 1118 quae
522 1035 624 1098 lacobi
653 1036 758 1117 opinio
781 1036 856 1116 luit,
890 1047 921 1098 et
943 1036 1023 1099 illud
1046 1036 1170 1118 inpedit
1193 1035 1278 1118 quod

98 1140 182 1202 nullis
202 1141 360 1202 machinis
383 1139 465 1202 ellici
490 1159 581 1222 posse
605 1138 734 1202 videtur
755 1150 791 1202 ut
814 1158 927 1202 versus
950 1160 1054 1203 remos
1077 1141 1220 1222 recipiat,
1247 1149 1279 1202 et

98 1244 185 1324 magis
206 1245 302 1306 etiam
318 1243 404 1324 quod
418 1254 523 1306 terrae
539 1254 643 1306 motus
665 1262 742 1305 sane
766 1244 932 1326 conparari
948 1255 1051 1324 potest
1074 1264 1145 1308 cum
1168 1245 1280 1306 iactata

98 1348 171 1424 navi,
194 1347 255 1409 sed
279 1349 390 1430 inepte
411 1349 444 1409 in
461 1347 519 1409 hac
534 1345 665 1428 quidem
688 1347 912 1428 conparatione
931 1348 1052 1428 navigii
1075 1348 1200 1409 ieet-atie
1214 1367 1279 1410 non

97 1449 234 1513 ductibus
257 1450 315 1513 sed
338 1452 435 1513 remis
457 1449 526 1512 lieri
550 1449 678 1513 dicitur.
719 1450 822 1530 nohis,
848 1451 1045 1531 simulatque
1063 1451 1280 1514 intelleximus

94 1553 189 1633 trolit,
215 1553 302 1635 quod
318 1555 431 1616 Vlitius
453 1573 517 1616 non
539 1553 680 1616 absurde
696 1556 820 1634 putavit
843 1555 875 1616 in
899 1557 1000 1618 tremit
1014 1556 1129 1617 mutari
1143 1551 1277 1633 debere,

95 1674 127 1716 ea
155 1659 275 1720 ratione
304 1657 426 1720 dictum
455 1677 525 1720 esse
555 1675 651 1738 quam
680 1657 898 1722 Laeli-annus
924 1660 958 1720 in
987 1658 1211 1722 commentario
1240 1657 1281 1720 ad

95 1761 220 1822 Lucretii
246 1781 275 1823 ur
300 1763 382 1822 ttae
407 1761 595 1842 explicavit,
619 1760 805 1824 'Lucretiani
828 1763 978 1825 carminis
1002 1761 1177 1824 recordatio
1200 1761 1281 1824 hanc

94 1865 296 1927 certissimam
318 1863 433 1946 (neme
456 1865 542 1926 enim
558 1863 749 1948 dubitamus]
771 1865 1028 1928 emendationem
1049 1864 1278 1947 suppeditavit,

95 1967 165 2030 Nom
185 1969 369 2050 amotoque
398 1976 494 2030 moeret
513 1971 594 2032 virts
622 1968 801 2050 barbamque
822 1971 977 2048 minator,
1008 1969 1136 2052 Diffopit
1164 1975 1282 2032 emtam·

92 2069 191 2151 plopoe
212 2072 313 2134 solnm
335 2071 429 2134 trabit
449 2091 545 2146 arona
566 2091 732 2136 murmur.
778 2073 925 2138 similiter
948 2073 1035 2135 enim
1056 2073 1197 2154 loquitur
1219 2075 1282 2136 Lu-

94 2177 214 2254 cretius,
241 2177 280 2237 ln
302 2175 444 2238 manibus
465 2193 538 2238 cero
559 2177 651 2238 cerui
672 2175 794 2239 omae
816 2185 844 2240 et
865 2183 993 2238 tremere
1015 2165 1125 2240 artos]

170 2279 237 2340 Sed
269 2279 320 2340 liic
350 2280 444 2341 finem
472 2279 637 2342 scribendi
668 2279 810 2342 lacinias.
859 2281 918 2342 etsi
943 2279 1027 2341 enim
1056 2280 1115 2342 hoc
1136 2297 1277 2358 carmen,
1291 2286 1323 2332 ²⁰

93 2379 242 2460 siquando
266 2381 472 2444 emendatum
495 2383 607 2461 fuerit,
639 2384 737 2444 multo
761 2401 856 2464 quam
879 2384 911 2444 in
935 2383 993 2445 hac
1015 2393 1102 2446 tanta
1125 2382 1283 2464 deprava-

93 2483 171 2546 tione
194 2485 302 2548 videri
331 2493 436 2566 potest
464 2486 581 2550 melius
603 2486 707 2548 visum
737 2487 776 2547 iri
798 2505 980 2568 speramus,
1010 2497 1117 2550 tamen
1146 2506 1187 2548 ne
1216 2496 1281 2549 tum

94 2587 218 2666 quidem
242 2590 471 2672 plerorumque
502 2590 679 2654 carminum
703 2590 883 2652 Latinorum
911 2589 1163 2653 mediocritatem
1186 2609 1283 2672 supe-

93 2690 181 2754 rabit.
223 2713 324 2774 quare
347 2693 527 2756 verendum
551 2703 674 2772 estne,
700 2694 726 2754 si
747 2693 869 2756 diutius
891 2693 943 2754 hic
966 2693 998 2755 in
1023 2713 1059 2755 eo
1082 2693 1283 2756 mendudo

94 2812 264 2876 causemur,
283 2798 435 2859 statariae
451 2799 639 2862 tenuitatem
654 2798 746 2878 longa
762 2797 974 2878 disputatione
996 2796 1148 2878 obtegere
1164 2798 1282 2861 lrustra

93 2900 168 2960 velle
199 2899 379 2963 videamur.
431 2900 511 2964 illud
537 2902 625 2963 enim
653 2899 842 2963 confidimus
871 2919 934 2963 non
965 2901 1197 2982 reprehensum
1229 2902 1280 2980 iri,

90 3002 171 3080 qnod
194 3006 333 3066 maxima
361 3004 585 3086 disputationis
615 3015 741 3067 nostrae
772 3023 846 3087 pars
874 3006 1066 3068 coniecturis
1088 2987 1280 3067 continetur.

90 3123 160 3167 narn
182 3108 243 3170 laac
265 3107 445 3170 coniciendi
468 3119 548 3188 arte,
575 3129 656 3190 quae
678 3119 811 3190 propter
833 3107 1099 3172 inconsideratam
1123 3127 1186 3170 non
1209 3109 1283 3171 nul-

91 3207 187 3272 lomm
203 3213 417 3274 temeritatem
434 3213 606 3292 ignominia
622 3212 758 3294 quandam
782 3214 932 3294 inmerito
954 3211 1078 3274 adlecta
1093 3221 1152 3290 est,
1177 3229 1282 3292 neque

92 3316 364 3390 grammaticorum
387 3314 492 3378 studia
515 3335 625 3378 carere
648 3326 781 3398 possunt
804 3335 910 3396 neque
932 3316 1032 3378 ullum
1053 3325 1104 3376 est
1120 3313 1281 3377 doctrinae

90 3435 189 3494 genus
212 3417 299 3498 quod
322 3416 362 3480 ab
382 3438 422 3480 ea
450 3417 613 3482 abstinere
636 3429 752 3504 queat,
785 3418 1045 3501 quandoquidem
1068 3437 1109 3480 ne
1133 3419 1186 3480 illa
1209 3419 1283 3498 qui·

91 3518 160 3581 elem
183 3523 387 3584 severissimo
408 3523 704 3587 matbematicorum
725 3524 895 3605 disciplina
917 3524 1130 3586 coniecturam
1153 3538 1283 3602 pmrsus

89 3641 105 3682 a
127 3643 161 3686 se
187 3637 342 3705 removet,
365 3625 425 3688 sed
441 3645 503 3688 nen
526 3645 699 3708 numquam
717 3628 860 3709 primarii
884 3628 918 3688 in
940 3645 977 3689 ea
991 3636 1061 3688 arte
1077 3627 1137 3686 viri
1155 3628 1282 3706 egregia

89 3726 237 3808 inventa,
271 3747 356 3810 quae
386 3727 495 3792 subtili
523 3734 803 3812 argumentatione
837 3730 1042 3808 confirmant,
1078 3729 1282 3794 coniecturali

89 3831 227 3908 quedmn
248 3833 474 3914 anticipatione
498 3836 639 3915 primum
661 3835 808 3916 conplexi
832 3844 917 3896 sunt.
958 3835 1066 3914 itaque
1092 3852 1158 3912 vos,
1184 3834 1283 3895 caris-

91 3934 158 3994 simi
184 3937 317 3999 iuvenes
332 3935 451 4017 quibas
466 3937 545 3999 haec
566 3939 763 4018 scripsimus,
787 3938 964 4018 largissima
980 3935 1183 4018 qnam,vobis
1198 3957 1283 3999 oom-

90 4038 280 4103 mandamus
301 4042 494 4104 aestivarum
508 4041 686 4103 scholarum
710 4043 799 4124 copia
820 4043 862 4102 ita
885 4042 1011 4104 utimini
1035 4050 1071 4103 ut
1092 4049 1124 4102 et
1147 4059 1282 4120 eaquae

93 4139 182 4222 longo
205 4161 264 4206 usu
287 4143 514 4226 diuturnisque
544 4146 708 4208 hominum
730 4144 895 4207 doctorum
925 4143 1039 4207 studiis
1062 4143 1223 4223 explorata
1246 4163 1283 4206 ac

91 4245 232 4308 staliilita
246 4259 319 4312 sunt
333 4247 522 4330 perdiscatis
545 4259 577 4311 et
600 4251 659 4330 ipsi
676 4267 803 4330 quoque
826 4248 966 4309 inventis
982 4245 1146 4308 veteribus
1161 4245 1282 4327 diuque

91 4347 235 4426 probatis
262 4371 342 4416 nova
371 4372 408 4414 ac
438 4351 613 4434 probabilia
644 4350 859 4414 ratiocinando
889 4359 921 4411 et
949 4349 1134 4412 coniciendo
1164 4351 1196 4412 in
1226 4370 1283 4412 suo

92 4455 231 4534 quisque
254 4455 428 4518 litteratum
453 4476 571 4536 genere
594 4455 713 4518 addere
732 4455 895 4536 paullatim
919 4453 1124 4516 adsuesmtis.

1036 4675 1075 4726 41
