3186 5108
322 379 392 452 192
614 397 703 460 ianm
725 413 890 460 coortam
911 415 1088 460 οοοτιοοιοι
1109 397 1204 460 lact.

317 591 353 644 ut
382 582 507 646 doctius
535 583 730 664 loqueretur.
776 605 813 647 ac
841 585 974 648 scurrile
1004 586 1134 666 quidem
1159 584 1351 649 vocabulum
1378 587 1493 667 quaesi-

318 695 446 767 tamque
469 686 544 750 inde
567 688 747 769 Epicharmi
776 690 954 752 irrisionem
984 708 1060 752 sane
1093 708 1156 752 non
1185 687 1416 770 adgnoscimus,
1444 709 1493 752 ne-

318 809 381 870 que
404 809 481 854 vero
504 792 603 872 magis
625 802 756 874 propter
779 791 864 854 idem
888 791 1075 856 vocabulum
1096 793 1291 874 epigramma
1315 792 1393 856 illud
1414 792 1492 854 docto

317 893 411 957 alicui
446 895 647 974 grammatico
681 893 888 958 tribuendum
923 915 992 958 esse
1026 915 1210 976 censemus,
1252 895 1312 961 sed
1344 907 1490 978 putamus,

318 997 511 1078 quicumque
534 997 593 1060 tuit
615 999 671 1078 qui
692 998 867 1062 versiculos
889 998 959 1060 illos
981 998 1065 1076 lecit,
1096 999 1285 1064 vocabulum
1307 997 1447 1081 asperius
1466 1010 1493 1062 et

317 1101 445 1181 gravius
474 1119 570 1182 quam
591 1097 672 1172 κόνις
701 1111 749 1164 est
778 1102 937 1183 delegisse
965 1111 1001 1164 ut
1023 1103 1124 1166 maius
1146 1111 1229 1166 esset
1258 1105 1408 1166 orationis
1427 1122 1494 1165 acu-

319 1221 392 1265 men
426 1214 522 1286 atque
551 1225 568 1267 a
595 1205 863 1287 contemptissima
899 1225 933 1268 re
962 1205 1211 1287 progrederetur
1244 1207 1435 1270 ratiocinatio
1465 1207 1494 1268 in

318 1305 426 1370 divino
450 1309 579 1370 numine
603 1307 754 1370 finienda.
801 1327 907 1390 neque
929 1307 1084 1372 credibile
1106 1319 1155 1372 est
1175 1320 1305 1391 praeter
1327 1310 1494 1372 Homericos

316 1428 430 1473 versus
451 1404 560 1497 κόπρον
591 1412 685 1494 plane
713 1430 887 1492 numquam
910 1411 1058 1474 similiter
1085 1410 1202 1476 di'ctam
1224 1433 1294 1476 esse
1321 1413 1494 1476 traductas

317 1523 456 1576 stercore
479 1513 635 1578 adoliam
657 1515 843 1597 spurcitiem
866 1525 920 1577 aut
943 1514 1071 1578 dilatata
1093 1517 1235 1596 paullum
1261 1517 1492 1598 significatione.

316 1635 429 1680 verum
452 1637 493 1680 ne
515 1620 710 1699 argutiarum
734 1617 865 1700 quidem
887 1627 941 1680 aut
963 1620 1090 1682 omnino
1112 1620 1329 1702 philosophiae
1352 1620 1494 1701 Epichar-

317 1721 361 1780 mi
384 1721 608 1800 cavillatorem,
640 1732 677 1785 ut
699 1721 808 1785 sumus
837 1724 942 1784 minus
964 1741 1092 1803 sagaces
1120 1742 1157 1784 ac
1179 1725 1356 1804 suspiciosi,
1386 1722 1494 1804 depre-

318 1821 459 1888 hendere
488 1824 580 1887 nobis
610 1823 767 1904 videmur,
798 1824 856 1888 sed
885 1835 1032 1907 putamus
1062 1827 1213 1888 innocens
1241 1827 1431 1907 epigramma
1449 1825 1493 1888 ad

318 1927 542 2009 Epicharmum
565 1927 698 1991 relatum
714 1947 784 1991 esse
804 1938 935 2009 propter
950 1927 1108 2010 quandam
1124 1931 1308 2010 opinionum
1324 1931 1392 1994 eius
1413 1930 1494 1992 simi·

319 2031 498 2112 litudinem,
522 2041 559 2094 ut
580 2032 657 2094 alias
680 2031 795 2094 multas
816 2032 991 2094 sententias
1013 2031 1125 2096 eadem
1151 2031 1192 2094 de
1214 2051 1308 2096 eausa
1330 2036 1360 2096 ei
1381 2031 1494 2096 adscri-

317 2145 388 2216 ptas
418 2153 488 2198 esse
516 2144 647 2198 constat.
693 2143 790 2217 atque
817 2143 904 2196 terra
933 2133 1019 2215 quod
1047 2134 1106 2198 dea
1135 2135 1253 2202 dicitur
1282 2138 1316 2199 in
1347 2138 1493 2218 epigram-

319 2249 419 2319 mate,
456 2239 611 2302 notissimi
640 2248 716 2302 sunt
744 2237 907 2302 Menandri
936 2257 1049 2303 versus
1080 2257 1099 2300 a
1129 2238 1262 2302 Stohaeo
1289 2259 1337 2302 xor
1361 2242 1400 2304 ts
1428 2257 1493 2301 ooo-

318 2330 456 2421 servati,¹

524 2439 540 2510 ‘o
564 2442 617 2529 μὲν
635 2439 910 2532 Ἐπίχαρμοςτούς
933 2439 1021 2517 θεοὺς
1043 2441 1122 2509 εἶναι
1143 2443 1224 2530 λέγει

524 2544 653 2635 ἀνέμους
675 2541 756 2634 ὕδωρ
778 2551 834 2633 γῆν
855 2540 941 2634 ἥλιον
962 2550 1021 2634 πῦρ
1043 2543 1184 2634 inlper-

524 2649 586 2739 ἐγὼ
610 2648 637 2716 δ’
658 2647 805 2738 ὑπέλαβον
828 2651 994 2738 χρησίμους
1017 2649 1095 2716 εἶναι
1116 2646 1204 2724 θεοὺς

523 2751 665 2843 ἀργύριον
688 2751 760 2842 ἡμῖν
780 2752 833 2820 καὶ
853 2751 887 2821 τὸ
912 2753 1033 2842 χρυσίον
1057 2749 1158 2840 μόνον.

319 2861 512 2925 mentionem
536 2861 611 2924 lecit
633 2862 745 2924 horum
768 2879 919 2924 versuum
941 2860 1071 2922 lacobus
1093 2860 1269 2923 Gronovius
1298 2862 1333 2922 in
1355 2861 1400 2923 eis
1420 2875 1493 2942 quae

318 2965 358 3028 ad
382 2963 555 3027 llerodoti1
573 2965 627 3026 434
656 2964 835 3045 adscripsit,
861 2965 902 3027 ita
926 2963 1056 3045 quidem
1080 2973 1113 3026 ut
1134 2973 1261 3044 putaret
1281 2964 1492 3046 Epicharmum

319 3069 484 3132 Persarum
507 3070 698 3131 sententiam
726 3069 826 3148 magis
848 3085 941 3148 quam
970 3086 1059 3130 suam
1085 3067 1294 3147 expressisse.
1342 3065 1425 3148 quod
1444 3065 1491 3146 qui

319 3173 574 3234 oommenaoravit
596 3170 771 3234 Loheclrius
794 3172 826 3232 in
847 3169 1059 3252 Aglaophamo
1082 3191 1114 3252 p.
1134 3169 1194 3230 744
1217 3179 1328 3233 utrum
1352 3169 1493 3233 adsensus

319 3277 360 3338 sit
382 3293 484 3338 neone
507 3274 638 3337 minime
663 3274 782 3354 liquet:
813 3272 968 3336 adsensus
997 3284 1046 3336 est
1067 3273 1254 3336 Welokerus
1282 3274 1492 3354 opusculorum

318 3389 370 3442 tr
392 3398 425 3460 p.
444 3380 505 3442 30l
536 3378 722 3459 rettulitque
753 3377 933 3458 Epicharmi
961 3378 1150 3440 sententiam
1179 3376 1220 3439 ad
1249 3377 1376 3457 Persas,
1408 3391 1492 3458 qnam
1570 3415 1571 3420 η

318 3481 456 3546 fabulam
479 3481 576 3544 luisse
599 3481 698 3544 Siculi
727 3488 838 3562 poetae
868 3481 1002 3559 scimus,
1034 3489 1255 3562 argumentum
1284 3481 1492 3562 inconpertum

318 3595 379 3648 est.
426 3584 534 3664 nobis,
570 3594 606 3648 ut
633 3583 789 3665 Leopoldo
819 3583 992 3646 Schmidtio
1026 3585 1058 3646 in
1086 3582 1326 3665 quaestionibus
1352 3583 1493 3666 Epichar-

319 3691 398 3752 meis
420 3711 453 3771 p.
471 3691 524 3766 at,
550 3697 712 3769 praestare
729 3687 855 3750 videtur
878 3687 1022 3768 ignorare
1045 3705 1107 3769 qua
1128 3689 1288 3750 occasione
1304 3705 1406 3768 quove
1427 3703 1492 3748 sen-

317 3795 489 3856 tentiarum
511 3811 597 3855 nexu
620 3792 828 3873 Epicharmus
855 3789 934 3852 illud
956 3791 1135 3870 protulerit.
1181 3801 1267 3852 certe
1290 3791 1352 3853 nisi
1375 3792 1492 3852 henan·
1569 3803 1570 3806 ’

318 3896 378 3959 der
407 3899 513 3960 minus
540 3903 685 3958 accurate
715 3895 837 3956 locutus
864 3901 929 3972 est,
959 3905 995 3956 ut
1023 3912 1111 3956 suam
1141 3894 1271 3974 protulit
1300 3893 1488 3966 sententiam,

318 4017 382 4062 non
411 4010 448 4064 ut
468 4001 645 4062 Persarum.
692 4016 798 4079 neque
827 3995 868 4058 ad
898 3997 992 4058 aliam
1021 3996 1196 4059 doctrinam
1225 3998 1387 4077 pertinent
1406 3991 1488 4058 Ennii

318 4121 432 4166 versus
461 4121 540 4184 quos
568 4103 665 4165 Varro
694 4099 735 4164 de
770 4100 877 4182 lingua
906 4101 1013 4162 Latina
1048 4099 1162 4161 lihrov
1184 4121 1216 4181 p.
1235 4099 1274 4161 70
1300 4101 1355 4182 Sp.
1384 4095 1487 4170 adlert,

318 4206 501 4287 desumptas
523 4207 603 4282 illos,
630 4215 664 4268 ut
686 4205 756 4267 iure
774 4205 955 4266 existimant
977 4203 1121 4265 homines
1138 4201 1234 4282 docti,
1259 4223 1300 4264 ex
1316 4201 1489 4285 Epicharmo

318 4309 426 4386 Ennii,

448 4413 515 4474 istic
537 4419 582 4474 est
603 4413 630 4474 is
653 4412 789 4492 luppiter
810 4429 897 4494 ᾳοοηι
919 4409 994 4490 dico,
1021 4428 1107 4492 quem
1131 4411 1242 4472 (ὶνοοοί
1262 4417 1369 4472 coeunt

447 4533 559 4595 oeream
584 4515 638 4596 qui
658 4522 765 4576 emtus
786 4523 831 4578 est
851 4522 880 4576 et
900 4513 1005 4590 arches,
1031 4512 1125 4574 rather
1144 4521 1259 4594 postea,
