3186 5108
354 327 423 402 108
644 345 732 409 lsom
755 365 923 410 asertosvn
945 365 1125 410 ιιιιτιιιιιι
1150 348 1244 408 4856.

345 535 452 615 pueris
476 542 531 610 est,
556 533 695 599 titanae
716 544 772 610 est,
797 537 871 599 oseis
887 535 987 600 veroa
1009 537 1132 600 saviam
1153 537 1217 612 des,
1243 535 1435 619 videturque
1457 536 1527 600 iden

348 634 537 700 vocabulum
563 635 661 702 luisse
691 640 725 702 in
747 640 974 722 epigrammate
996 659 1059 722 quo
1081 640 1201 704 Plinius
1223 641 1431 722 epistularum
1454 643 1526 703 unt

349 739 533 803 Ciceronem
549 751 697 823 questum
714 762 785 806 csse
805 753 915 806 narrat
929 743 1009 826 quod
1019 742 1135 826 fronde
1149 743 1234 806 mala
1244 743 1420 826 fnestram-s
1434 763 1528 806 amart-

348 849 406 906 tem
430 845 566 908 racem
587 853 691 908 cenato
713 845 774 910 sibi
793 845 893 908 wita
921 847 1013 910 soom
1038 847 1106 909 Tiro
1133 849 1274 929 Tempore
1302 853 1449 912 ιιοάιινιιο
1469 845 1529 910 sub

231 957 237 982 ¹
348 948 495 1010 tramerit.
535 948 630 1011 etiam
653 949 800 1013 saoioodi
812 947 912 1012 verbo
929 949 1040 1012 Cicero
1061 950 1164 1013 utitur
1186 951 1219 1012 in
1239 950 1385 1032 epistulis
1406 950 1447 1013 ed
1461 949 1529 1012 Atti-

348 1071 419 1114 cum
443 1070 492 1113 ιιι
515 1053 554 1132 3,
585 1049 715 1116 dumam
736 1061 874 1116 nostram
901 1053 988 1136 capio
1015 1052 1168 1117 absentem
1194 1055 1326 1116 saciari.
1374 1054 1411 1128 Q.
1436 1063 1529 1116 autem

349 1154 458 1217 Cicero
480 1153 521 1217 ad
544 1153 692 1218 Tironem
720 1157 849 1239 scripsit
871 1175 922 1238 ep.
948 1155 988 1220 ad
1011 1156 1085 1219 lam.
1103 1175 1151 1219 ιιιι
1175 1157 1216 1221 27
1246 1177 1297 1241 epo
1320 1175 1374 1220 vos
1396 1177 1427 1220 a.
1452 1157 1481 1219 d.
1502 1175 1529 1218 ιιι

348 1257 409 1322 kal.
429 1258 532 1322 videbo
555 1267 679 1342 tuosque
700 1261 811 1337 ooalos,
837 1261 958 1323 amnui
978 1268 1006 1322 te
1028 1263 1153 1324 venans
1176 1264 1208 1323 io
1224 1259 1319 1324 medio
1338 1260 1409 1342 foro
1425 1261 1525 1338 oiderq

348 1359 551 1424 dissociabor.
599 1382 711 1426 verum
734 1364 896 1444 paullatim
926 1364 1006 1428 baec
1028 1382 1068 1426 ex
1091 1364 1224 1426 cultiore
1252 1381 1398 1428 sermone
1427 1373 1530 1426 remote

348 1473 423 1528 sunt
445 1475 476 1528 et
492 1475 614 1529 retenta
631 1466 733 1529 solum
755 1467 890 1530 oscttlam
907 1465 1109 1548 deductaque
1132 1485 1172 1528 ex
1195 1485 1233 1528 ea
1248 1465 1411 1546 voeabula,
1436 1477 1530 1530 contra

348 1587 442 1649 quam
465 1568 552 1650 apud
575 1587 632 1632 nos
654 1566 771 1633 iactum
795 1579 860 1633 est:
887 1589 960 1634 narn
983 1568 1068 1652 qnod
1085 1570 1237 1632 Goethius
1259 1570 1292 1631 in
1317 1569 1448 1634 iuvenili
1471 1588 1529 1631 aar·

348 1673 433 1735 mine
456 1670 539 1734 dixit
560 1673 609 1734 eia
631 1672 801 1753 musuleo,
828 1673 861 1738 id
884 1673 1031 1738 hodierni
1054 1682 1166 1754 poetae
1188 1674 1326 1736 sermoni
1343 1673 1465 1754 uulgari
1486 1683 1530 1734 aut

347 1773 482 1838 ridiculo
511 1775 682 1838 relincunt.
730 1787 801 1858 post
829 1777 986 1840 Catullum
1014 1777 1105 1840 savia
1133 1775 1314 1840 invenimus
1343 1777 1375 1837 in
1404 1777 1530 1839 carmine

346 1879 567 1942 catalectorum
590 1879 843 1962 Vergilianomm
872 1881 984 1962 quinto
1013 1898 1045 1940 v.
1063 1880 1117 1958 at,
1149 1878 1235 1960 quod
1264 1897 1393 1942 carmen
1418 1879 1529 1960 antiqui

347 1983 503 2045 sermonis
525 1983 665 2063 speeiem
690 1982 805 2060 relert3
837 1993 904 2046 tum
927 1984 1049 2048 savium
1071 1981 1153 2044 dixit
1175 1983 1339 2062 lloratius,
1363 1981 1422 2045 sed
1443 1981 1529 2044 semel
1590 2021 1591 2026 κ

348 2085 721 2165 catalaunicum.
768 2096 935 2168 praeterea
958 2105 1064 2168 neque
1088 2087 1234 2149 lloratius
1257 2103 1363 2167 neque
1384 2085 1530 2166 Vergilius
1590 2157 1591 2170 ἶ

347 2189 396 2252 bis
419 2188 581 2252 vocabulis
603 2191 652 2253 usi
681 2199 756 2254 sunt
777 2208 884 2272 aeque
908 2191 1008 2272 magis
1030 2189 1175 2254 Tibullus
1197 2198 1252 2252 aut
1274 2186 1451 2271 Lygdamus
1472 2198 1527 2262 aut,
1590 2183 1591 2196 ¹

346 2303 381 2356 ut
404 2291 562 2372 diximus,
595 2293 739 2356 Ovidius.
788 2294 896 2375 itaque
919 2294 1102 2375 Propertius
1125 2312 1196 2356 oum
1219 2291 1270 2356 bis
1293 2289 1417 2355 diceret
1438 2291 1527 2369 savio,

346 2415 409 2459 non
432 2395 589 2459 continuit
611 2416 646 2460 se
670 2397 702 2458 in
726 2397 892 2461 cultissimi
909 2398 964 2478 qui
989 2397 1041 2460 illa
1064 2406 1167 2460 aetate
1183 2395 1285 2459 doctis
1306 2395 1452 2478 placebat
1472 2413 1531 2456 ser-

347 2499 449 2562 monis
477 2498 610 2580 linibus,
643 2519 723 2581 quos
745 2501 873 2564 omnino
900 2501 1092 2582 aliquotiens
1121 2499 1274 2581 neglexit.
1322 2497 1381 2562 sed
1411 2499 1531 2561 invaluit

347 2601 571 2666 vocabulorum
601 2603 725 2668 illorum
755 2605 958 2686 contemptio.
1005 2621 1079 2665 nam
1107 2613 1177 2684 post
1205 2603 1402 2684 Propertium
1432 2621 1529 2668 eorum

348 2715 511 2788 poetarum
529 2725 664 2787 qnorum
687 2707 828 2770 earmina
851 2706 1016 2786 habemus,
1042 2707 1067 2770 si
1093 2716 1178 2770 reete
1196 2706 1410 2785 meminimus,
1434 2706 1530 2769 nullus
1589 2729 1590 2789 3

348 2810 396 2872 eis
418 2829 495 2873 usus
518 2819 577 2887 est,
603 2811 664 2872 nisi
687 2809 773 2891 quod
797 2801 917 2873 amicus
940 2808 1052 2888 Gellii,
1079 2802 1134 2873 aba
1156 2799 1300 2894 ἄμουσος,
1326 2820 1362 2873 nt
1383 2813 1436 2890 ait,
1460 2808 1530 2871 adu-

347 2914 490 2992 lestmns,
521 2913 554 2974 in
586 2913 848 2994 interpretatione
880 2913 1118 2995 epigrammatis
1141 2913 1288 2977 Platonici
1318 2914 1397 2977 haec
1424 2913 1528 2996 posuit,

347 3017 510 3098 antiquam
540 3014 672 3080 sortasse
701 3017 857 3080 sermonis
887 3015 1018 3079 [ormam
1049 3034 1225 3098 quaerens,
1262 3019 1342 3078 Dum
1370 3015 1530 3079 semtbiolco

347 3122 433 3184 savio
456 3122 521 3182 lieo
541 3121 678 3202 puellum
700 3123 825 3183 savior:
849 3122 1000 3202 leguntur
1023 3119 1076 3182 illa
1099 3119 1238 3183 noctium
1260 3118 1436 3184 Atticarum
1458 3135 1529 3180 ιιιιιι

324 3224 401 3284 sil.
428 3211 541 3304 neque¹
559 3224 664 3286 minus
679 3225 851 3304 scriptores
872 3222 914 3285 ab
936 3223 999 3286 illis
1015 3222 1146 3286 vocibus
1168 3221 1394 3286 abstinuerunt
1415 3229 1531 3304 praetor

347 3327 555 3408 antiquarios,
580 3325 717 3389 Gellium
742 3329 928 3389 Frontonem
947 3326 1153 3408 Appuleium.
1200 3327 1308 3408 itaque
1332 3325 1452 3390 Gellius
1473 3325 1531 3406 ipso

347 3431 470 3493 sociari
492 3428 589 3492 babet
610 3446 643 3490 ιιι
663 3428 712 3508 lb,
737 3431 923 3494 saviationes
945 3449 1017 3492 xnn
1033 3432 1064 3492 Ω.
1105 3429 1269 3492 Frontonis
1285 3449 1368 3511 quae
1390 3431 1450 3493 huc
1464 3445 1530 3509 per·
1588 3439 1589 3446 ’

348 3533 452 3595 tinent
486 3531 728 3595 transcribimus
756 3553 797 3597 ex
827 3533 1066 3614 exemplaribus
1098 3532 1140 3595 ab
1168 3531 1290 3614 Angeia
1319 3534 1397 3596 llaio
1429 3535 1530 3594 ltomao

347 3655 429 3698 anno
453 3655 652 3698 nocccxxxxu
677 3636 784 3700 editis.
832 3635 944 3700 scribit
973 3637 1070 3718 igitur
1097 3635 1138 3698 ad
1162 3637 1200 3698 ld.
1225 3636 1394 3699 Caesarem
1416 3635 1491 3698 libro
1511 3651 1528 3692 ιι

348 3761 379 3822 p.
399 3742 438 3802 28
462 3737 526 3824 [aa
547 3737 685 3823 Nabar.)
708 3741 787 3818 vale,
813 3741 942 3820 domine,
968 3748 996 3802 et
1018 3741 1112 3802 aratri
1132 3739 1254 3803 savium
1276 3738 1318 3802 da
1339 3759 1408 3803 aim
1429 3739 1530 3820 epatri-

347 3845 410 3906 lam
429 3842 528 3924 dabis,
553 3861 610 3926 quc
633 3843 773 3908 libentius
796 3846 886 3929 leqot.
928 3843 1010 3906 idem
1028 3841 1215 3906 vocabulum
1240 3841 1469 3906 restituendum
1489 3847 1530 3900 est

346 3946 428 4009 libro
451 3965 496 4009 ιιιι
521 3967 552 4028 p.
573 3949 613 4010 82
637 3945 700 4023 [74
723 3951 761 4011 N.
767 3947 787 4032 ]
809 3949 868 4012 scis
890 3955 924 4010 ut
953 3947 985 4010 ia
1013 3945 1151 4009 omnibus
1174 3948 1361 4029 arqentorb's
1385 3943 1527 4012 memoriis,

343 4051 513 4134 perpetem,
541 4049 709 4129 tabernam,
733 4052 908 4134 protecteis,
937 4047 1107 4128 vestibolis,
1130 4049 1291 4132 fenestris,
1318 4061 1526 4131 usquequaque,

347 4153 471 4236 tabique,
502 4155 649 4238 imapioes
672 4162 792 4217 vestroe
813 4155 874 4218 siat
897 4154 980 4236 colpe
1005 4153 1195 4235 propositae,
1230 4153 1308 4214 male
1330 4153 1403 4216 illae
1424 4149 1529 4234 quidun
1587 4169 1588 4234 ι

344 4257 444 4339 pictae
470 4257 634 4341 pleraeque
656 4264 683 4319 et
704 4276 829 4337 crassa,
864 4257 946 4318 lutea
968 4257 1057 4318 immo
1080 4257 1222 4318 Minerva
1248 4259 1335 4338 fictae
1357 4257 1525 4337 scalptam,
1587 4239 1588 4270 ³

347 4380 415 4424 uim
445 4361 565 4424 interim
594 4379 760 4443 namqttom
790 4367 844 4423 tria
872 4361 969 4444 imopo
999 4365 1061 4422 tom
1089 4359 1248 4426 dissimilis
1271 4359 1313 4422 ad
1340 4359 1439 4424 occas
1461 4369 1527 4417 meos

349 4465 380 4528 ia
403 4465 510 4528 itiam
535 4463 645 4528 accidit
674 4471 707 4528 at
729 4483 790 4526 aon
812 4483 854 4528 ecc
876 4481 929 4526 ore
952 4481 1013 4526 meo
1043 4466 1216 4528 excusserit
1245 4463 1356 4528 rt'ctam
1382 4461 1527 4528 asmiald
