3184 5108
340 371 413 442 304
632 387 720 446 Ιιιυιυι
743 405 908 448 ceorlorum
930 405 1115 448 ιιισειιυκιινιι
1134 385 1227 446 4865.

337 573 466 636 videtur
486 576 591 654 potius
612 576 762 636 carminis
784 575 959 654 aequalitas
979 573 1106 636 turbata
1129 593 1199 636 esse
1220 571 1329 634 addito
1354 591 1508 654 perperam

338 696 445 740 versu.
492 678 553 739 nisi
577 679 662 738 enim
687 677 835 758 fallimur,
861 687 1042 740 tetrametro
1065 677 1122 756 illi,

460 773 500 851 ὡς
524 779 673 864 βλακικῶς
697 779 861 852 διακονεῖς·
893 775 928 843 οὐ
950 780 1059 844 θᾶττον
1081 774 1271 866 δγκονήσειςς

339 882 493 946 eiusmodi
516 903 629 946 versus
654 883 828 965 respondit,

460 977 497 1052 οῶ
517 1011 564 1051 τοι
586 983 629 1070 μά
649 983 702 1058 τάς
724 987 892 1072 κερχνῇδας
915 984 959 1050 ἔτι
980 1011 1034 1050 σου
1057 981 1206 1072 σχήσομ’,
1231 976 1256 1048 ὦ
1279 985 1400 1071 πονηρά.

340 1092 476 1172 exempli
505 1111 598 1154 causa
627 1110 756 1154 versum
793 1092 1009 1172 explevimus:
1049 1110 1121 1152 nam
1151 1089 1230 1171 quid
1267 1093 1336 1171 ipsc
1364 1089 1514 1170 scripserit

338 1195 566 1278 Aristophanes
595 1214 686 1256 nemo
709 1195 824 1275 poterit
847 1192 966 1256 dicere.
1013 1193 1070 1256 sed
1093 1214 1164 1256 cum
1195 1193 1268 1255 linis
1289 1193 1437 1255 versiculi
1464 1191 1514 1252 ob-

339 1299 496 1360 litteratus
518 1309 612 1376 esset,
645 1298 791 1359 trimeter
820 1295 947 1359 habitus
975 1298 1100 1377 estqui
1130 1297 1233 1360 luerat
1260 1305 1441 1360 tetrameter
1461 1294 1513 1357 ad-

338 1401 487 1482 ditusque
510 1401 591 1464 alius
620 1401 776 1478 trimeter,
807 1398 980 1462 tolerabilis
1003 1401 1055 1462 ille
1079 1399 1221 1480 quidem,
1252 1400 1311 1462 sed
1339 1401 1513 1482 explicatio-

338 1523 412 1566 nem
441 1505 605 1566 continens
632 1505 763 1565 minime
795 1504 1019 1566 necessariam.
1073 1523 1179 1584 neque
1208 1504 1380 1584 quicquam
1408 1501 1515 1564 dicitur

339 1606 424 1688 quod
452 1626 515 1668 non
544 1608 585 1668 sit
616 1607 677 1669 iam
705 1617 797 1668 antea
825 1605 961 1669 dictum:
1000 1625 1072 1668 nam
1101 1617 1230 1669 vocatus
1260 1617 1330 1669 erat
1358 1609 1461 1668 Manes
1486 1615 1513 1666 et

339 1705 437 1780 δειλὸς
464 1721 495 1772 et
519 1703 640 1795 βραδύς.
689 1729 784 1772 versu
812 1711 897 1772 enim
923 1710 1004 1771 4399
1032 1711 1233 1773 verissimum
1263 1719 1312 1772 est
1339 1709 1423 1789 quod
1449 1707 1513 1770 libri

339 1813 458 1875 babent
485 1812 613 1894 (erravit
635 1813 812 1876 bleineliius
840 1832 912 1875 curn
934 1812 1093 1874 Brunoliio
1118 1813 1257 1896 tribuit),
1291 1813 1446 1876 inutiliter
1465 1831 1515 1872 au-

339 1928 402 1978 tern
417 1917 573 1996 Bergkius
596 1916 686 2000 δῆλος
708 1915 914 1978 scribendum
938 1935 1008 1978 esse
1028 1916 1172 1978 coniecit.
1219 1918 1340 1998 quippe
1363 1915 1438 1978 illud
1455 1910 1515 1976 Μα-

339 2023 393 2103 νῆς
414 2014 471 2104 γάρ
493 2019 557 2084 ἐστι
580 2012 677 2090 δειλός
700 2021 742 2082 ita
765 2018 1014 2100 intellegendum
1033 2029 1081 2080 est
1104 2021 1194 2098 quasi
1213 2019 1334 2081 dictum
1357 2021 1397 2081 sit
1419 2014 1515 2100 Μανῆς

338 2117 396 2208 γάρ
418 2121 462 2194 τίς
484 2122 547 2186 ἐστι
570 2115 678 2194 δειλός.
725 2122 829 2185 simile
860 2131 908 2185 est
930 2122 1015 2203 quod
1037 2142 1069 2183 v.
1088 2122 1149 2186 523
1173 2123 1301 2202 legitur,
1335 2113 1428 2193 οὕτως
1449 2115 1515 2202 δμδς

338 2223 446 2298 πάντες
475 2220 617 2311 πρότερον
647 2220 795 2310 μεγάλους
822 2219 926 2310 ἁγίους
951 2219 979 2288 τ’
1013 2219 1163 2308 ἐνόμιζον,
1199 2227 1250 2288 νῶν
1282 2219 1309 2286 δ’
1337 2215 1376 2289 αὖ
1405 2221 1513 2294 Μανᾶς.

339 2332 455 2410 nequis
476 2337 582 2392 autem
604 2339 694 2410 putet
716 2329 912 2392 tribrachum
936 2330 970 2390 in
988 2339 1100 2409 quarto
1123 2330 1300 2390 tetrametri
1322 2328 1406 2409 pede
1427 2329 1515 2390 olien-
1584 2325 1585 2340 ¹

338 2435 460 2496 sionem
483 2430 614 2512 habere,
646 2432 727 2494 dixit
757 2451 833 2494 sane
856 2431 1054 2495 Godolrcdus
1077 2433 1276 2496 Hermannus
1300 2432 1399 2494 Elem.
1425 2429 1512 2493 doctr.

339 2544 432 2598 metr.
457 2556 490 2616 p.
512 2536 571 2596 446
603 2554 706 2596 raram
730 2555 800 2598 esse
830 2537 862 2598 in
887 2555 922 2598 eo
945 2534 1028 2617 pede
1056 2535 1255 2614 solutionem,
1288 2535 1345 2597 sed
1375 2535 1514 2614 lrequeu·

338 2651 402 2701 tem
425 2639 500 2700 satis
523 2657 593 2700 esse
615 2637 831 2702 obtinebimus
853 2641 1010 2720 congestis
1032 2638 1187 2721 exemplis
1208 2636 1457 2719 Aristophaneis.
1583 2649 1584 2682 ³

338 2741 416 2803 Acb.
466 2743 546 2802 l0l0
570 2735 698 2827 κατάχει
720 2737 756 2805 cb
777 2745 830 2826 τῆς
852 2744 965 2828 χορδῆς
986 2737 1019 2806 τδ
1043 2742 1122 2826 μέλι,
1150 2736 1203 2812 τὰς
1226 2738 1335 2832 σηπίας
1357 2736 1479 2805 στάθευε

339 2845 398 2925 Eq.
486 2845 546 2905 436
571 2835 607 2908 o'o'
627 2868 673 2909 τοι
696 2839 737 2928 μοὶ
758 2839 812 2928 τὴν
836 2839 982 2931 Δήμητρα
1003 2843 1192 2930 καταπροίξει
1212 2838 1344 2909 τάλαντα
1366 2839 1460 2908 πολλά

482 2948 543 3008 853
569 2951 710 3011 νεανιῶν·
742 2943 863 3020 τούτους
887 2947 920 3012 δὲ
942 2951 1126 3035 περιοικοῦσι
1148 2949 1351 3031 μελιτοπῶλαι

482 3051 544 3112 863
568 3051 600 3114 ἐν
622 3055 658 3136 τῇ
681 3046 768 3116 πόλει
790 3046 1007 3135 ξυνιστάμενον,
1033 3045 1094 3115 ἀλλ’
1123 3043 1237 3122 εὐθέως
1259 3049 1394 3135 κέκραγα

482 3152 543 3215 873
567 3153 659 3240 κρίνω
682 3150 710 3219 σ’
736 3149 815 3220 ὅσων
838 3145 940 3241 ἐγῷδα
960 3149 1027 3240 περί
1047 3149 1098 3218 τὸν
1121 3153 1216 3238 δῆμον
1238 3145 1323 3238 ἄνδρ’
1351 3145 1467 3239 ἄριστον

482 3258 544 3317 889
568 3253 637 3344 οίιχί
659 3259 779 3344 φδονῶν
802 3256 935 3330 ἔπαυσας
956 3253 1007 3321 ἵνα
1030 3252 1070 3341 μὴ
1094 3251 1217 3343 ῥήτορες
1238 3256 1371 3342 γένοιντο

481 3361 543 3421 893
567 3358 619 3424 καί
640 3356 726 3426 τοῦτο’
748 3357 780 3446 γ’
801 3359 937 3444 ἐπίτηδές
958 3383 993 3424 σε
1014 3355 1212 3446 περιήμπισχ’
1238 3357 1288 3424 ἵνα
1310 3355 1339 3424 α’
1361 3356 1493 3442 ἀποπνίξρ

481 3465 543 3524 899
566 3459 603 3548 νὴ
626 3460 676 3528 τὸν
700 3461 838 3528 Ποσειδῶ
860 3461 912 3527 καί
932 3458 1005 3548 πρὸς
1027 3461 1081 3546 ἐμὲ
1102 3458 1181 3527 τοῦτ’
1202 3457 1263 3527 εἶπ’
1284 3459 1361 3550 ἀνὴρ
1377 3460 1509 3547 Κοπρεῖνς
1581 3445 1582 3480 ³

339 3565 420 3628 Nub.
462 3567 544 3627 4939
567 3568 599 3630 ἐν
621 3567 697 3632 τοῖσι
719 3567 937 3654 φροντισταῖσιν
960 3558 1006 3630 ὅτι
1027 3560 1190 3652 πρώτιστος
1212 3562 1362 3651 ἐπενόησα

463 3671 543 3730 4063
567 3671 699 3743 πολλοῖς.
739 3665 848 3754 ὃγοῶν
873 3664 990 3754 Πηλεὺς
1012 3667 1105 3756 ἔλαβε
1131 3665 1173 3733 δι’
1200 3665 1272 3734 αὐτὸ
1293 3665 1346 3756 τήν
1372 3665 1507 3756 μάχαιραν

463 3772 545 3835 4067
568 3768 619 3837 καί
640 3769 694 3858 τὴν
717 3771 803 3839 Θέτιν
825 3769 855 3858 γ’
881 3771 976 3858 ἔγημε
999 3767 1050 3836 διὰ
1070 3767 1103 3837 τὸ
1126 3773 1291 3860 σωφρονεῖν
1314 3768 1331 3837 δ
1355 3765 1467 3858 liqui<

462 3878 542 3940 4683
565 3875 593 3939 τί
615 3872 643 3940 δ’
670 3871 707 3962 ἢν
731 3876 931 3963 ῥαφανιδωθῇ
954 3869 1123 3960 πυθόμενός
1145 3901 1194 3940 σοι
1213 3875 1310 3963 τέφρα
1331 3901 1363 3941 τε
1383 3874 1464 3958 τιλθῇ

462 3981 538 4041 4364
567 3985 690 4045 τοιαῦτα
713 3980 813 4064 μέντοι
835 3977 886 4043 καί
907 3974 967 4043 τότ’
994 3977 1098 4064 ἔλεγον
1121 3977 1207 4044 ἔνδον
1229 3975 1336 4066 οἷοίπερ
1358 3984 1408 4044 νῶν

339 4087 408 4166 Lys.
478 4084 540 4144 539
565 4077 710 4168 ἆπαίρετ,
735 4075 761 4147 ῶ
782 4083 938 4167 γυναῖκες,
963 4077 1021 4147 σἰπδ
1043 4087 1102 4148 τῶν
1125 4082 1278 4148 καλπίδων
1301 4076 1382 4156 ὅπως
1402 4073 1436 4146 άν

217 4259 219 4272 Ι
296 4189 463 4256 ιοΤΙιεσιιι.
478 4184 541 4247 tat
565 4180 654 4250 αὐταί
674 4209 706 4251 τε
728 4184 780 4251 καί
801 4183 838 4251 τὰ
861 4181 1007 4272 δουλάρια
1029 4185 1141 4273 τέφραν
1163 4185 1255 4251 muti
1279 4187 1423 4274 λαβοῦσαι

479 4290 541 4352 542
564 4285 618 4353 εἶτ’
644 4287 726 4354 είπον
750 4283 934 4375 ἁγίγνωσκον
957 4284 1030 4376 ὑπὲρ
1053 4285 1216 4375 Εὐριπίδου
1239 4289 1342 4355 δίκαια

479 4393 541 4454 565
565 4387 646 4456 τοῖνδ’
674 4387 841 4478 ὑπεβάλου,
865 4389 898 4457 τὸ
921 4389 972 4458 σὸν
997 4391 1030 4458 δὲ
1052 4388 1212 4479 θυγάτριον
1234 4399 1372 4480 παρῆκας
1394 4386 1461 4474 obri

479 4497 540 4560 566
564 4487 600 4560 ob
621 4521 666 4562 τοι
689 4492 731 4582 μά
751 4493 794 4561 τῶ
816 4493 880 4562 θεῶ
902 4493 939 4562 cb
961 4495 1149 4584 xerampeliae
1172 4496 1302 4583 λέγουσα
1323 4495 1417 4576 ταυτί,
