3204 5104
155 1241 333 1341 INDEX
364 1240 682 1340 tuoulouvu
712 1237 1078 1340 HIBERNABVM
1108 1247 1234 1338 1869.

102 1491 216 1640 Quod
239 1544 396 1608 Eusebius
424 1545 457 1606 iu
480 1543 678 1606 Onomastioo
699 1561 732 1625 p.
760 1543 820 1604 496
844 1544 949 1605 Parth.
979 1511 1090 1622 habet’,
1122 1536 1294 1628 Εὐφράτης,

99 1641 239 1731 ποταμὸς
270 1643 522 1731 Μεσοποταμίας,
554 1646 589 1710 tu
616 1643 801 1732 παραδείσου
827 1637 958 1732 προϊών,
994 1646 1203 1727 Hieronymus
1233 1664 1294 1706 non

100 1753 339 1833 interpretatur
364 1761 488 1814 tantum
515 1752 641 1830 Latine,
673 1748 730 1812 sed
759 1749 869 1812 doctae
898 1747 1020 1830 aliquid
1048 1747 1146 1810 adiait
1167 1746 1296 1810 dubita-

98 1855 216 1917 tionis:
242 1853 424 1937 Euphrates,
443 1855 558 1935 inquit,
581 1853 695 1934 fluvius
711 1855 953 1935 Mesopotamiae,
972 1853 1003 1916 ia
1016 1851 1165 1933 paradiso
1180 1855 1291 1914 oriem.

96 1977 198 2038 parra
229 1957 415 2034 Sallustius,
452 1964 558 2020 autor
590 1958 793 2032 certissimus,
829 1955 946 2019 adserit
978 1962 1041 2018 tam
1073 1956 1172 2038 Tipris
1204 1973 1295 2038 quam

99 2059 273 2143 Euphratis
296 2061 328 2122 ia
343 2057 495 2122 Armate
508 2059 607 2140 fontes
630 2059 844 2121 demonstrari.
884 2077 927 2120 ero
948 2075 1005 2140 qua
1022 2057 1295 2122 animadvertimus

98 2165 197 2226 aliter
219 2163 257 2226 de
275 2163 426 2244 paradiso
447 2169 476 2226 et
494 2161 671 2243 fluminibus
694 2163 759 2224 eius
787 2161 1028 2244 intellegendum.
1076 2162 1125 2224 his
1148 2179 1225 2224 usus
1248 2171 1296 2223 est

98 2265 245 2329 Isidorus
268 2265 355 2347 Orig.
374 2284 426 2329 xm
443 2267 478 2327 st
502 2265 552 2344 44,
578 2265 637 2327 sed
659 2265 869 2346 neglegenter
890 2275 921 2327 et
943 2275 979 2328 ut
999 2263 1191 2328 admisceret
1212 2283 1294 2346 quae

97 2389 114 2432 a
147 2369 300 2432 Sallustio
329 2369 434 2431 aliena
463 2379 554 2432 sunt:
591 2369 637 2431 sia
666 2369 751 2430 enim
786 2369 944 2449 loquitur,
980 2367 1148 2435 Sallustius
1181 2375 1292 2444 autem,

96 2479 212 2535 auctor
240 2473 443 2550 certissimus,
476 2473 520 2536 ita
549 2471 682 2547 adserit,
718 2473 830 2555 Tiprim
858 2479 885 2533 et
914 2471 1099 2552 Euphratem
1127 2491 1187 2532 uuo
1213 2469 1296 2554 faute

95 2593 234 2637 manare
264 2577 297 2636 iu
318 2571 480 2652 Armenia,
512 2575 565 2658 qui
587 2593 646 2656 per
674 2574 799 2636 diversa
827 2579 930 2637 euntes
958 2573 1076 2657 loupius
1101 2573 1292 2648 dividuntur,

96 2678 202 2760 spatia
224 2677 322 2739 medio
343 2678 447 2741 relicto
469 2679 633 2741 muitarum
651 2677 786 2753 milium;
810 2695 888 2758 quae
909 2684 1009 2739 tamea
1032 2684 1133 2754 terra,
1158 2695 1235 2758 prae
1257 2675 1296 2737 ab

95 2783 178 2864 ipsis
202 2777 354 2859 ambitur,
379 2782 595 2863 Mesopotamia
617 2781 740 2843 dicitur.
788 2799 831 2842 aa
851 2799 908 2862 qao
930 2781 1131 2862 Hieronymus
1153 2779 1297 2842 animad-

96 2885 194 2946 uertit
224 2883 315 2946 aliter
344 2883 381 2946 de
407 2884 554 2966 paradisi
571 2882 748 2965 fluminibus
770 2883 1010 2966 inteltependum.
1058 2893 1162 2946 tamen
1186 2902 1295 2945 eorum

94 2990 153 3069 qui
180 2987 391 3050 Historiarum
407 2987 546 3050 Sallustii
571 2987 723 3068 reliquias
745 2986 941 3066 collegerunt
963 2996 1048 3049 tanta
1072 2988 1139 3050 lere
1164 2986 1222 3049 luit
1244 3005 1296 3048 so-

94 3089 229 3167 cordia,
255 3089 354 3152 veluti
371 3091 481 3151 Kritzii
503 3110 536 3171 p.
554 3089 629 3169 307,
654 3099 690 3153 ut
712 3088 823 3151 Isidori
847 3087 945 3152 verba
968 3089 1190 3168 ascriberent,
1217 3089 1295 3170 quid

95 3195 317 3273 Hieronymus
355 3192 524 3256 tradiderit
560 3191 726 3275 inquirere
762 3193 856 3274 plane
893 3193 1197 3274 praetermitterent.
1255 3192 1295 3254 ab

94 3295 285 3376 Hieronymi
307 3305 413 3358 autem
442 3293 640 3358 dubitatione
663 3295 809 3376 plerique
832 3297 1003 3378 scriptores
1026 3295 1196 3368 Christiani
1224 3305 1296 3358 tan-

93 3411 167 3464 tum
192 3395 344 3461 afuerunt
372 3409 408 3461 ut
433 3407 519 3460 carto
542 3397 713 3461 crederent
735 3409 885 3479 quattuor
905 3399 1046 3482 paradisi
1069 3399 1199 3462 flumina
1224 3399 1295 3462 esse

92 3503 211 3584 Tigrin
229 3500 413 3582 Euphraten
429 3502 559 3581 Gangen
575 3501 697 3564 Nilum:
725 3511 772 3564 est
794 3511 899 3564 autem
923 3505 970 3566 eis
992 3503 1106 3566 Phison
1130 3500 1214 3564 idem
1237 3503 1293 3583 qni

93 3608 245 3686 Ganges,
263 3603 350 3666 Goon
366 3614 471 3667 antem
487 3602 573 3666 idem
591 3605 645 3686 qui
662 3604 761 3667 Nilus.
794 3608 894 3668 secuti
911 3615 984 3669 sunt
1000 3605 1097 3686 igitur
1112 3607 1295 3687 opinionem

92 3727 197 3793 quam
221 3707 373 3789 Iosephus
394 3705 468 3770 Ant.
494 3721 505 3770 ι
530 3707 542 3768 4
570 3707 589 3768 3
620 3705 763 3771 tradidit.
810 3727 906 3788 quam
935 3710 1117 3791 opinionem
1146 3707 1232 3790 quod
1253 3707 1294 3772 ad

91 3815 208 3876 Nilum
230 3811 344 3873 attinet
366 3811 464 3873 multo
493 3828 563 3874 esse
592 3811 805 3892 antiquiorem
836 3831 872 3874 ea
900 3809 1073 3875 ostendunt
1103 3831 1185 3893 quae
1207 3811 1293 3895 apud

92 3913 304 3980 ieremiami
327 3913 365 3974 48
389 3915 556 3996 leguntur,
580 3907 632 3978 sal
653 3914 705 3978 νῦν
726 3911 756 3978 τί
777 3937 825 3978 σοι
847 3909 899 3978 uai
919 3916 956 4000 τῇ
979 3909 1043 4001 ὁδῷ
1066 3907 1218 4000 Αἰγύπτου
1238 3915 1293 3979 τοῦ

90 4017 177 4084 πιεῖν
201 4007 284 4103 ὕδωρ
307 4010 408 4102 [quim
443 4015 499 4080 sed
528 4026 636 4099 postea
665 4036 702 4080 eo
731 4037 899 4100 progressa
923 4027 972 4081 est
994 4017 1146 4100 opinandi
1168 4019 1290 4098 levitas,

91 4124 269 4186 coniuncta
292 4121 345 4183 illa
368 4141 439 4182 eum
462 4105 680 4202 superstitiosa
704 4121 842 4201 quadam
857 4123 1007 4186 Hasaiaae
1030 4123 1221 4184 narrationis
1244 4125 1295 4184 in-

91 4225 349 4306 terpretatione,
380 4234 416 4286 ut
439 4224 552 4285 Phison
577 4235 609 4286 et
631 4223 757 4304 Ganges
784 4244 854 4288 esse
879 4234 1048 4306 putaretur
1070 4235 1101 4287 et
1124 4223 1209 4288 idem
1231 4225 1295 4288 Da-

91 4329 232 4394 nubius.
280 4327 386 4387 minus
407 4333 513 4387 autem
537 4325 691 4390 eiusmodi
714 4329 895 4407 opinionem
923 4327 1111 4390 mirabimur
1133 4329 1159 4391 si
1184 4347 1293 4391 eorum

90 4430 342 4497 meminerimus
370 4447 452 4509 quae
478 4427 519 4490 da
542 4427 729 4492 fluminibus
752 4449 814 4492 non
838 4432 935 4494 nullis
957 4429 1019 4493 sub
1041 4441 1125 4494 terra
1149 4433 1293 4512 marique

89 4553 229 4600 rursum
260 4530 518 4636 continuantibus
549 4532 773 4596 narrabantur.
821 4535 919 4596 veluti
948 4533 988 4596 de
1012 4535 1080 4598 Nilo
1111 4535 1189 4597 haee
1219 4535 1296 4598 dicit
