3268 5108
388 1266 566 1366 SAORA
598 1263 1032 1366 vnvunsivlvis
1064 1266 1431 1366 nvvnnlatln

565 1419 894 1520 inmanitati
927 1420 1247 1520 donatilla

330 1620 418 1672 tritu
438 1621 580 1673 LANNOS
598 1618 765 1672 conuiuas
785 1619 841 1670 utu
860 1619 907 1669 XV
919 1618 1039 1670 MENSlS
1053 1619 1212 1670 octonttts
1229 1619 1311 1670 ANNI
1330 1619 1489 1672 MDCCCLX

518 1714 738 1766 entantatvua
757 1713 917 1766 lNDlCVNT
934 1713 1063 1766 unctos
1081 1713 1125 1764 ET
1142 1713 1296 1765 SENATVS.

311 1863 462 1976 Becimo
491 1913 710 1975 universitatis
739 1913 910 1975 litterariae
940 1922 1067 1974 nostrae
1090 1913 1309 1992 quinquennio
1339 1911 1381 1974 ad
1409 1913 1505 1974 linem

311 2017 475 2096 paullatim
499 2016 648 2076 inclinato
664 2035 735 2078 cum
752 2015 1005 2078 deliberaremus
1027 2024 1135 2076 utrum
1159 2033 1232 2076 eum
1249 2014 1335 2077 diem
1351 2034 1414 2096 quo
1431 2027 1505 2078 ante

311 2118 481 2182 dimidium
504 2118 678 2196 saeculum,
702 2129 890 2200 praeparata
912 2137 972 2199 per
993 2119 1114 2199 aliquot
1136 2137 1235 2180 annos
1258 2137 1294 2180 re
1317 2127 1348 2180 et
1369 2117 1505 2199 quibus-

311 2222 385 2284 dam
408 2223 478 2284 eins
493 2221 583 2284 iactis
606 2222 717 2300 initiis,
742 2202 866 2284 scholae
889 2224 921 2283 in
945 2222 1030 2282 omni
1054 2221 1231 2283 litterarum
1251 2240 1369 2301 genere
1392 2220 1505 2284 haberi

311 2334 442 2405 coeptae
465 2334 540 2386 sunt
562 2324 678 2387 festum
706 2324 835 2404 publice
863 2344 1031 2405 ageremus
1060 2343 1101 2386 an
1130 2326 1314 2386 memoriam
1343 2326 1413 2387 eius
1435 2335 1506 2406 pust

311 2437 454 2489 exactam
483 2428 615 2489 alteram
644 2428 761 2490 saeculi
791 2438 914 2508 partem
943 2428 1120 2509 posteritati
1144 2427 1369 2490 celebrandam
1399 2447 1505 2490 reser-

291 2548 469 2616 ,varemua
494 2532 599 2592 visum
616 2528 708 2592 nobis
730 2541 856 2592 estnon
880 2549 950 2592 esse
966 2529 1182 2593 differendum
1199 2530 1285 2611 qnod
1300 2541 1406 2593 nostro
1423 2542 1505 2594 tem-

311 2652 388 2714 pore
417 2652 480 2695 non
503 2635 574 2712 sine
597 2651 709 2714 magna
739 2634 973 2713 opportunitate
996 2633 1066 2696 lieri
1089 2653 1297 2697 censeremus
1318 2653 1425 2715 neque
1447 2654 1506 2716 po-

310 2737 405 2798 steris
435 2735 684 2816 relinquendum
709 2737 836 2817 pietatis
865 2735 1003 2798 officium
1035 2755 1097 2816 quo
1127 2738 1189 2818 ipsi
1219 2748 1251 2800 at
1280 2737 1504 2800 lubentissime

311 2838 521 2920 fungeremur
551 2849 583 2901 et
604 2839 710 2918 aliqua
740 2859 781 2902 ex
809 2849 900 2920 parte
924 2839 1111 2902 videremur
1139 2841 1254 2903 melius
1283 2861 1375 2922 posse
1400 2840 1501 2922 iungi.

311 2940 576 3022 intellegebamus
606 2944 692 3002 enim
725 2960 778 3004 eos
807 2942 862 3021 qui
892 2953 963 3024 post
991 2943 1107 3005 alteros
1141 2945 1373 3026 quinquaginta
1404 2963 1505 3006 annos

311 3046 474 3106 initiorum
489 3055 669 3106 nostrorum
684 3045 867 3106 memoriam
884 3055 1034 3126 repetent
1050 3048 1242 3128 repetituros
1257 3067 1327 3110 esse
1343 3058 1379 3110 ut
1395 3066 1504 3111 rerum

311 3157 457 3209 veterum
480 3157 512 3209 et
540 3145 732 3226 abantiquo
761 3147 925 3210 hominum
955 3167 1074 3230 genere
1098 3159 1277 3230 gestarum⁷
1309 3169 1414 3231 neque
1442 3153 1503 3214 nisi

310 3269 328 3312 a
351 3249 444 3313 nobis
459 3259 584 3312 mature
607 3249 834 3330 provideretur
849 3249 991 3314 futurum
1015 3271 1085 3314 csse
1107 3261 1143 3314 ut
1165 3271 1275 3314 earnm
1299 3271 1407 3315 rernm
1423 3255 1504 3316 ima-

311 3354 418 3434 ginem
447 3354 534 3415 nulla
564 3365 654 3434 parte
683 3352 882 3416 obscuratam
912 3363 1174 3435 repraesentent,
1209 3374 1267 3417 nos
1295 3366 1401 3418 autem
1431 3375 1502 3418 cum

311 3455 508 3518 memorabili
532 3456 585 3520 illa
607 3465 711 3518 aetate
734 3474 798 3536 qua
819 3459 1164 3536 praestantissimorum
1187 3458 1352 3520 hominum
1374 3459 1504 3521 oonsilio

311 3569 342 3622 et
370 3578 466 3640 opera
495 3560 691 3621 universitas
720 3558 898 3622 litterarum
927 3559 1087 3621 Friderica
1111 3560 1267 3624 Guilelma
1289 3561 1505 3624 Berolinensis

311 3663 437 3724 initium
461 3663 547 3742 cepit
570 3671 602 3722 ct
617 3680 730 3742 magna
745 3677 818 3723 mox
839 3664 1051 3742 prosperitate
1075 3663 1211 3726 effloruit
1233 3666 1349 3726 artiore
1366 3663 1504 3746 quodam

309 3766 436 3828 vinculo
466 3766 650 3827 coniunctos
680 3782 750 3826 esse
780 3763 1009 3827 sentiebamus
1057 3769 1116 3828 etsi
1146 3769 1233 3828 enim
1262 3768 1417 3849 praeclari
1441 3771 1504 3830 viri

310 3886 447 3948 quorum
469 3867 622 3948 prudenti
645 3867 774 3928 consilio
796 3866 977 3930 Fridericus
997 3867 1173 3933 Guilelmus
1196 3870 1246 3950 ΙΙΙ,
1272 3872 1340 3932 llex
1363 3872 1505 3933 clemen-

309 3973 451 4034 tissimus
474 3969 624 4051 idemque
655 3971 943 4050 constantissimus,
975 3989 1052 4034 usus
1082 3981 1131 4034 est
1154 3983 1286 4034 mortem
1309 3993 1420 4036 ornnes
1443 3973 1505 4036 du-

309 4074 386 4137 dum
409 4073 560 4137 obierunt
581 4092 688 4154 neque
712 4072 752 4135 de
783 4073 966 4136 doctoribus
987 4075 1042 4154 qui
1066 4077 1125 4137 hoc
1153 4074 1343 4138 eruditionis
1365 4077 1506 4139 semina-

310 4178 394 4241 rium
424 4177 499 4242 inde
528 4176 569 4240 ab
599 4179 668 4257 ipso
698 4177 768 4239 eius
797 4177 954 4258 principio
983 4177 1183 4240 illustrarunt
1213 4179 1381 4260 quisquam
1409 4178 1503 4241 hodie

309 4290 457 4361 superest
479 4291 609 4361 praeter
631 4279 710 4342 duos
732 4281 818 4341 viros
841 4281 874 4341 in
898 4281 976 4342 iuris
997 4279 1139 4342 doctrina
1162 4282 1341 4362 primarios,
1367 4301 1503 4363 quorum

307 4383 390 4446 alter
405 4382 527 4445 dudum
551 4403 592 4445 ex
614 4385 674 4445 hae
695 4381 777 4446 urbe
802 4393 832 4446 et
854 4401 872 4444 a
895 4381 1022 4464 publico
1038 4382 1176 4446 docendi>
1196 4383 1296 4446 oiiicio
1320 4385 1351 4446 in
1368 4388 1502 4466 patriam

308 4495 339 4548 et
362 4485 403 4548 ad
426 4487 581 4567 privatam
604 4488 703 4549 vitam
726 4487 873 4564 secessit,
906 4486 988 4548 alter
1009 4485 1173 4550 traductus
1197 4498 1244 4548 est
1267 4487 1340 4549 olim
1365 4507 1382 4549 e
1406 4489 1504 4552 colle-
