3204 5104
372 384 461 444 lanu
484 399 655 444 ινοτιοιινιι
679 399 863 448 cursantur·
882 383 976 444 tsst.
1194 367 1264 442 311

239 565 320 657 δοῦρ’
347 563 403 635 ὑπὸ
426 563 480 634 τὰν
502 567 628 634 πτολέαν
651 564 813 654 ἑοδῶμεθα
834 573 877 635 τῶ
898 595 931 636 τι
954 565 1083 658 Πριήπαι

238 669 288 736 καὶ
308 677 361 738 τᾶν
383 665 553 758 κρανιάδιον
576 669 782 750 κατεναντίον,
808 661 884 761 ᾇπερ
907 668 923 739 ‘o
946 674 1046 748 θῶκος

238 779 322 860 τῆνος
344 769 360 840 ὃ
382 771 553 860 ποιμενικὸς
574 769 626 838 καλ
645 767 694 840 cul
717 770 813 862 δρύες.
862 777 894 840 ol
918 775 950 842 δέ
973 767 1002 843 κ’
1029 771 1134 866 ἆείοῃς

236 873 277 951 ὡς
297 869 356 944 ὅκα
377 874 427 943 τὸν
451 872 586 966 Acidalia
606 874 675 943 nori
696 873 813 965 Χρόμιν
837 867 913 966 ᾇοας
935 877 1075 967 ipimus,

237 976 306 1066 αἶγα
328 981 361 1047 τί
383 1005 430 1047 τοι
453 982 541 1046 duaci
564 973 761 1065 διδοματόκον
784 982 815 1054 ἐς
836 977 898 1070 τρὶς
920 978 1056 1068 ipsiius,

234 1077 256 1150 d
279 1079 323 1152 δύ’
350 1078 445 1172 ἕχοιο’
472 1082 585 1172 ἐρίφοις
605 1084 825 1170 ποταμέλγιται
847 1086 878 1160 ἐς
901 1081 955 1153 ndo
977 1087 1102 1166 πέλλας,

235 1185 286 1254 καλ
307 1184 388 1274 βαθὺ
410 1179 583 1272 κισσύβιον,
607 1187 806 1271 κεκλοαμένον
830 1181 897 1254 dett
918 1191 1015 1276 κηρῷ.

96 1293 203 1355 incerta
226 1295 329 1378 estin
352 1293 455 1372 primo
470 1311 567 1354 versu
588 1291 742 1353 librorum
765 1293 935 1374 scriptura.
982 1294 1036 1356 alii
1059 1284 1142 1378 ἄλγε’
1170 1286 1270 1368 isthec

96 1394 212 1476 habent,
230 1396 283 1458 alii
300 1387 383 1479 ἄλγέ
406 1383 500 1468 ἄειδε,
528 1395 690 1456 invenitur
706 1397 800 1458 ctiam
816 1384 899 1479 ἄλγε’
921 1389 1030 1474 ιἰιῖδις,
1055 1387 1140 1482 ἄλγε’
1159 1392 1270 1470 dailos<

95 1507 121 1559 ct
147 1499 176 1562 in
203 1499 327 1562 luntino
357 1497 532 1579 exemplari
560 1485 656 1580 ἄλγεα
684 1493 780 1574 εἶδες,
811 1497 896 1580 quod
926 1499 1098 1580 Calliergae
1128 1501 1268 1566 scholion

94 1613 312 1664 commemorat.
355 1602 387 1664 in
410 1599 491 1664 libro
505 1598 714 1662 Ambrosiano
729 1619 836 1676 comt,
863 1602 980 1682 optimo
1003 1622 1112 1666 eorum
1135 1605 1191 1684 qui
1212 1605 1269 1668 hoc

94 1702 225 1785 idyllium
248 1706 426 1779 continent,
459 1704 612 1785 script-um
636 1714 685 1766 est
708 1693 790 1787 ἄλγε’
818 1691 936 1780 iether,
961 1705 1017 1768 sed
1041 1725 1139 1788 super
1160 1729 1188 1770 ιι
1209 1708 1269 1768 ali-

93 1806 162 1886 quid
179 1827 320 1871 crasum.
367 1797 453 1891 ἄλγε’
482 1795 581 1878 detis<
602 1817 749 1888 apertum
772 1826 841 1872 esse
864 1809 908 1872 ait
926 1809 1103 1872 llcinckius
1125 1828 1188 1871 non
1211 1831 1268 1891 po-

92 1911 180 1974 tuisse
202 1909 311 1974 scribi.
358 1909 490 1973 fortasse
515 1911 648 1973 nimium
675 1909 767 1973 dixit.
815 1920 901 1974 certe
924 1912 1114 1974 sententiam
1136 1911 1268 1994 praebet

91 2021 206 2080 mutere
232 2013 368 2078 solebas:
399 2031 505 2094 neque
537 2012 623 2094 quod
644 2012 770 2076 hbrcns
798 2014 949 2093 praetulit
971 2003 1055 2098 ἄλγε’
1083 2008 1182 2087 ἀκίδος
1205 2035 1267 2080 non

91 2125 184 2196 potest
199 2117 356 2197 intellegi;
385 2127 432 2180 est
449 2117 533 2178 enim
556 2121 683 2180 cantore
697 2116 786 2180 solet.
827 2135 897 2180 esse
914 2126 1018 2180 tamen
1035 2119 1267 2199 propterquod

90 2229 250 2302 utrumque
267 2221 373 2282 minus
388 2219 510 2300 placcat
524 2231 631 2301 postea
648 2218 908 2300 significabimus.
949 2221 999 2282 his
1022 2221 1119 2301 igitur
1141 2223 1267 2284 reiectis

89 2323 255 2388 lleiuekius
277 2323 401 2386 censuit
417 2321 638 2404 recipiendum
663 2341 732 2386 esse
755 2323 980 2404 imperativum
995 2321 1265 2406 scribendumque
1320 2393 1324 2402 .

90 2426 210 2490 traiecto
232 2425 391 2488 versiculo

233 2523 314 2594 ἀλλὰ
334 2523 369 2592 cd
391 2521 448 2614 γὰρ
471 2522 528 2612 δή,
552 2521 662 2613 Θόροι,
687 2521 724 2590 τὰ
748 2520 897 2612 Δάφνιδος
920 2513 1002 2611 ἄλγε’
1030 2509 1126 2608 ἄειδε,

233 2624 275 2704 ὥς
297 2623 355 2695 ὅκα
376 2625 427 2696 τὸν
450 2622 585 2716 dudicha
607 2625 674 2694 troci
696 2623 813 2716 Xpo‘ptu
837 2621 914 2714 ᾆοας
937 2629 1061 2716 λρίοδοιν

233 2730 286 2798 καὶ
307 2737 361 2805 τᾶς
383 2733 560 2819 βοοκολικᾶς
582 2728 630 2796 ἐπὶ
651 2728 684 2796 τὸ
707 2732 796 2796 πλέον
819 2730 883 2798 ἵκεο
907 2731 1023 2817 poleas.

88 2839 169 2904 addit
194 2841 276 2902 hanc
305 2839 617 2918 interpretationem,
653 2838 728 2898 ‘oon
753 2836 806 2920 fes
836 2838 895 2900 est'
926 2840 1022 2918 inquit
1054 2837 1194 2902 ‘oacru'dic
1225 2860 1270 2906 ιιιι

85 2943 182 3022 fistula
203 2959 333 3016 mnere;
360 2943 445 3004 Pacu
458 2941 538 3002 caim
553 2947 661 3002 metuo.
708 2948 740 3002 ot
761 2941 839 3002 cuim
863 2947 895 3004 tu
917 2940 991 3002 mihi
1012 2959 1085 3004 osso
1108 2960 1178 3004 uoce
1195 2961 1270 3006 cuae

13 3117 15 3130 ³
88 3043 251 3128 daphnidis
274 3039 409 3118 dolores,
441 3061 527 3124 quem
557 3043 598 3104 od
618 3042 739 3107 modum
769 3061 818 3106 eos
840 3061 938 3124 uttper
964 3062 1031 3106 cum
1056 3044 1178 3106 Chremi
1198 3065 1270 3108 cou-

88 3148 203 3212 tcudeas
226 3147 363 3210 cecinisti
383 3163 508 3226 cumpace
530 3145 660 3208 bucolico
683 3151 774 3208 coetu
797 3147 931 3219 vicisti;’
965 3146 998 3209 id
1021 3147 1105 3209 enim
1129 3167 1199 3210 esse
1221 3143 1270 3210 ἐπὶ

86 3246 116 3314 τὸ
132 3249 220 3315 πλέον
242 3245 308 3314 ἵκεο
331 3245 452 3332 polone:
479 3247 519 3312 de
536 3267 598 3330 quo
612 3257 720 3329 postca
735 3247 927 3310 videbimus.
968 3267 1030 3312 non
1049 3249 1270 3314 cavillabimur

88 3356 276 3436 ingeniosam
299 3355 529 3416 coniecturam:
559 3350 616 3414 sed
639 3350 837 3414 abiecturum
861 3371 930 3414 eam
953 3371 1023 3415 esse
1046 3354 1151 3416 virum
1174 3373 1269 3435 prae-

85 3459 309 3522 stantissimum
332 3453 518 3519 confidimus
541 3455 568 3516 si
590 3454 676 3518 nulla
700 3445 780 3518 idota
802 3473 954 3518 versuum
977 3456 1181 3534 traiectione,
1211 3457 1268 3522 sed

85 3560 203 3624 duabus
226 3555 378 3622 litterulis
400 3558 518 3620 leniter
539 3559 690 3620 correctis
718 3565 830 3636 poetae
854 3557 939 3638 quod
962 3559 1059 3622 multo
1082 3555 1196 3622 melius
1220 3571 1268 3623 est

86 3663 338 3728 retribuerimus.
386 3660 470 3740 quod
494 3661 568 3722 olim
591 3658 666 3723 inde
695 3655 736 3722 ab
758 3661 848 3722 lunta
876 3658 1093 3738 scribebatur,
1126 3655 1206 3726 ἀλλὰ
1234 3657 1269 3728 τὺ

83 3761 136 3852 γὰρ
158 3761 216 3852 δή,
243 3756 354 3850 ilipa,
378 3757 416 3826 τὰ
438 3756 589 3848 Δάφνιδος
611 3753 708 3846 ἄλγεα
729 3759 826 3839 εἶδος,
851 3781 913 3844 quo
935 3764 999 3828 sola
1023 3766 1181 3827 sententia
1204 3764 1268 3828 dici

83 3872 189 3950 potuit,
216 3887 255 3931 ea
272 3885 336 3930 non
352 3868 521 3929 convenire
538 3853 675 3930 vide'tur
697 3866 771 3928 huic
787 3866 935 3928 carmini:
962 3885 1067 3948 neque
1091 3870 1177 3930 cuim
1199 3883 1312 3932 cre-ts

83 3973 176 4036 dibile
210 3980 262 4034 est
288 3968 477 4051 Thyrsidem
511 3979 543 4031 ct
576 3970 754 4049 caprarium
783 3969 935 4052 aequales
968 3970 1042 4050 tingi
1079 3969 1266 4051 Daphnidis,

83 4079 167 4140 ouius
189 4075 324 4155 antiqua
344 4083 413 4135 erat
435 4083 467 4135 et
490 4070 630 4134 sabulosa
646 4072 732 4133 inter
747 4071 868 4133 Siculos
884 4073 1045 4134 memoria.
1092 4072 1269 4136 Lobeckius

83 4191 183 4242 autem
205 4196 280 4241 cum
303 4177 337 4238 in
359 4175 454 4237 Aiace
476 4193 533 4237 suo
555 4194 588 4255 p.
615 4174 675 4237 tsi
700 4174 778 4236 haec
800 4175 943 4255 scripsit,
972 4175 1172 4238 ‘Theocritus
1195 4195 1204 4237 1
1229 4177 1268 4237 tt

84 4278 155 4354 εἶδος
177 4299 238 4362 pro
260 4274 351 4342 clodo
373 4278 516 4360 posuisse
538 4275 668 4338 videtur
678 4277 695 4356 ,²
727 4295 869 4339 errorem
898 4277 1052 4339 commisit
1082 4279 1114 4340 in
1142 4279 1268 4342 bomine

85 4385 190 4448 Graeci
213 4383 371 4445 sermonis
394 4380 604 4443 scientissimo
626 4397 727 4460 paene
751 4378 950 4458 mirabilem,
975 4398 1080 4460 neque
1104 4386 1267 4462 conparari

87 4497 183 4572 potest
206 4482 287 4556 εἶδος
314 4483 400 4568 quod
431 4483 463 4544 in
486 4481 650 4567 Sophoclis
672 4499 768 4544 versu
790 4491 849 4546 est.
903 4493 936 4546 et
965 4491 1071 4546 tamen
1094 4483 1270 4552 Lobeclius
