3240 5094
416 417 506 478 imm
528 434 694 478 ceorlorum
717 435 899 480 naeniarum
918 415 1011 478 1870.
1236 403 1310 476 429

112 603 216 665 tionis
240 601 410 668 difficultas
431 613 495 668 tam
518 607 552 668 in
566 605 719 670 vocabulo
734 604 820 687 quod
842 615 889 668 est
912 602 1006 690 μίτρα
1029 607 1128 688 posita
1151 613 1199 668 est
1215 625 1310 687 quam

114 707 148 768 in
181 708 257 788 ipsu
286 707 339 770 illo
368 706 453 789 quod
482 707 627 772 additum
657 720 705 772 est
732 706 809 792 περί.
855 729 929 772 nam
959 707 1052 794 μέτρα
1075 711 1172 772 maris
1194 729 1254 795 per
1276 729 1310 772 se

113 808 235 872 eodem
267 811 337 872 iure
367 815 594 876 conmemorari
624 821 795 894 potuerunt
828 831 891 893 quc
924 821 1113 894 conparatus
1145 831 1164 874 a
1194 815 1311 894 Toupio

111 913 274 978 Aelianus
296 913 336 976 de
359 915 549 980 animalibus
564 937 583 978 x
599 917 637 978 13
663 917 695 977 in
711 916 772 978 Nili
792 915 1006 997 descriptione
1029 906 1132 979 ιῖταδ
1157 913 1209 1000 μὲν
1232 910 1311 979 ὃπο-

111 1016 220 1082 νοσταῖ
241 1012 295 1080 καί
315 1017 347 1090 ές
368 1014 406 1081 τὰ
423 1017 532 1082 luctui>
555 1017 648 1104 μέτρα
664 1013 843 1104 ὑποστρέφει
855 1013 893 1082 τὰ
908 1019 943 1081 lx
965 1020 1018 1104 τῆς
1033 1012 1151 1104 puceu<
1173 1019 1202 1082 οί
1220 1042 1310 1084 νενο-

112 1120 265 1204 μισμένα.
305 1141 416 1184 verum
439 1120 595 1186 eiusmodi
618 1123 777 1184 sententia
800 1123 886 1185 nulla
908 1123 973 1184 leni
997 1109 1038 1186 οιΙ
1063 1122 1220 1205 probabili
1241 1120 1333 1208 περίι

111 1225 368 1306 praepositionis
398 1224 622 1289 emendatione
644 1225 773 1289 videtur
800 1224 883 1288 effici
906 1245 1008 1307 posse.
1055 1229 1202 1307 quocirca
1224 1225 1311 1290 aliud

110 1338 273 1409 putamus
289 1328 508 1408 quaerendum
525 1349 606 1392 esse.
646 1339 678 1391 et
697 1338 782 1392 certe
798 1331 957 1392 sententia
979 1331 1032 1392 illa
1054 1350 1116 1392 non
1133 1333 1311 1394 necessario

110 1431 271 1495 addenda
300 1443 384 1495 erat:
420 1435 600 1496 continetur
627 1435 712 1495 enim
744 1435 791 1496 eis
819 1452 901 1514 quae
930 1433 1146 1515 praecedunt,
1183 1426 1311 1519 ὑποχο-

111 1539 244 1621 posteo<
267 1534 310 1607 εἰς
332 1530 437 1599 ἑαυτὸν
456 1529 612 1600 Ὠκεανοῦ.
658 1539 858 1618 suspicamur
887 1537 983 1617 igitur
1012 1537 1218 1600 scribendum
1241 1557 1311 1601 esse

111 1634 167 1702 ναί
197 1633 268 1722 περί
295 1635 347 1711 τὰς
377 1635 454 1712 ἰδίας
481 1640 591 1726 πέτρας
620 1633 838 1725 ὴμσροομένοο.
885 1640 1052 1703 exundans
1076 1651 1113 1718 ,et
1141 1641 1233 1703 litora
1254 1661 1312 1704 sua

110 1762 281 1826 superans
308 1762 394 1806 mare
424 1743 526 1806 aliena
557 1743 678 1820 invadit
700 1745 733 1805 in
757 1745 868 1824 eisque
896 1743 1095 1824 dominatur,
1127 1763 1198 1807 cum
1221 1745 1255 1806 in
1277 1764 1311 1806 se

111 1847 256 1910 recessit
283 1865 340 1909 sua
361 1865 437 1910 saxa
465 1847 714 1910 mansuefactum
737 1847 846 1911 ambit.
894 1849 1071 1910 eminentes
1093 1867 1110 1909 e
1134 1849 1213 1910 mari
1236 1867 1312 1930 pro-

110 1952 323 2012 minentesve
353 1952 387 2013 in
416 1968 502 2014 mare
530 1951 674 2032 scopulos
702 1969 931 2032 saepenumero
952 1949 1062 2035 πέτρας
1091 1949 1153 2012 dici
1177 1961 1309 2014 constat.

111 2054 331 2118 adsciverunt
354 2074 422 2117 eam
445 2073 555 2116 vocem
577 2055 691 2117 Latini.
737 2055 848 2119 Festus
869 2075 902 2136 p.
928 2055 990 2118 206
1013 2056 1052 2116 ll.
1075 2061 1238 2136 petrarum
1259 2073 1312 2138 pe-

109 2178 197 2220 uera
227 2165 302 2220 suut
329 2157 400 2220 duc.
446 2176 573 2240 φιιοιανη
602 2157 733 2220 alterum
760 2158 905 2220 naturate
932 2176 1048 2220 sumum
1072 2159 1249 2240 prominens
1280 2160 1312 2220 ίπ

109 2280 217 2324 mare.
268 2262 354 2324 cuitu
376 2253 494 2324 Euctus
516 2263 650 2324 oremus
672 2261 693 2324 1.
719 2273 764 2337 11,
799 2261 876 2324 ‘alte
889 2261 1000 2323 delata
1021 2263 1185 2344 ceterisque
1206 2262 1312 2345 ιἰιροιι-

110 2365 198 2428 tilms
223 2365 329 2441 tectu,’
360 2373 389 2427 et
409 2367 519 2428 lecim
548 2366 581 2426 ι’νι
606 2365 783 2441 Centauris,
819 2363 890 2426 ‘ubi
916 2383 967 2448 epo
997 2383 1087 2446 saepe
1111 2365 1233 2446 petris.²
1278 2366 1311 2427 in

110 2469 215 2532 Ennii
234 2486 333 2530 versu
350 2470 504 2550 petrisque
526 2466 732 2530 scribendum
751 2486 821 2530 esse
836 2465 992 2529 Antonius
1005 2467 1202 2549 Augustinus
1217 2467 1309 2530 vidit.

110 2581 290 2654 praeterea
318 2590 336 2633 a
358 2571 548 2635 coniecturis
575 2568 801 2632 abstinendum
829 2581 887 2633 est.
935 2573 1074 2653 prolatae
1103 2582 1179 2635 sunt
1205 2572 1312 2634 variae

111 2688 146 2740 et
178 2675 302 2758 partim
331 2673 505 2738 mirabiles.
552 2675 650 2738 veluti
680 2673 833 2737 absonum
856 2673 948 2736 nobis
969 2674 1099 2738 videtur
1121 2673 1206 2756 quod
1228 2674 1313 2735 Vah-

110 2782 214 2844 lenus
231 2777 429 2840 confidenter
443 2779 571 2859 scripsit
593 2778 654 2840 ulte
668 2779 750 2840 elato
768 2778 843 2840 lucet
861 2780 1015 2860 petrisque
1037 2777 1206 2861 tepentibus
1221 2785 1309 2840 tectu

112 2885 246 2966 quippe
274 2899 337 2944 non
364 2891 512 2962 putamus
542 2879 676 2944 eandem
699 2900 766 2943 rem
789 2879 852 2943 dici
883 2901 974 2963 posse
996 2891 1029 2944 ct
1051 2881 1164 2943 elatam
1187 2900 1258 2944 esse
1281 2890 1313 2943 et

113 2989 242 3050 iacere.
289 2986 448 3048 nescimus
470 3003 546 3047 sane
569 2984 610 3047 de
631 3003 694 3065 qua
718 3004 752 3046 re
775 2985 897 3048 Ennius
920 2984 1043 3047 locutus
1065 2985 1123 3062 sit,
1155 2983 1213 3046 sed
1234 2984 1312 3046 haec

112 3094 260 3166 scimuS,
292 3083 450 3169 inte'grum
474 3106 544 3150 esse
567 3105 671 3168 neque
693 3087 758 3150 ulla
780 3108 821 3150 ex
848 3097 938 3178 parte
961 3087 1205 3169 vituperabilem
1230 3087 1313 3150 hunc

109 3211 253 3258 versum
264 3201 290 3271 ,⁶
303 3191 363 3254 otte
391 3192 493 3255 delata
520 3192 672 3273 petrisque
695 3191 846 3274 ιὀροιιιὶδο
869 3199 962 3269 tectu,
994 3201 1062 3255 tum
1092 3191 1211 3260 nullam
1241 3209 1311 3253 csse

111 3315 250 3361 causam
273 3314 331 3357 cur
352 3296 454 3359 delata
476 3305 507 3358 et
529 3303 605 3358 tectu
627 3293 780 3358 ablativos
803 3314 874 3358 esse
894 3313 1064 3374 negemus,
1090 3294 1230 3375 denique
1253 3293 1312 3355 da-

112 3400 200 3463 lerri
231 3400 357 3480 saepius
391 3399 454 3460 dici
484 3417 520 3460 ea
549 3417 631 3479 quae
661 3396 854 3461 deiciuntur.
908 3399 1015 3474 Laevii
1043 3397 1142 3460 verba
1172 3398 1313 3476 Scaliger

112 3503 240 3568 eximio
262 3503 407 3565 acumine
432 3503 587 3582 restituit,
611 3501 665 3564 ubi
684 3501 763 3564 Εοίιο
785 3509 892 3582 scepta
909 3501 1018 3582 poris.

210 3607 316 3686 Pergit
338 3607 489 3686 scriptur,
523 3604 619 3690 λέγων
650 3602 684 3668 δέ
710 3598 792 3668 ταῦτ’
820 3597 875 3667 οὐκ
904 3603 1104 3689 ἐπιλέλησμαι
1132 3607 1191 3667 τῶν
1219 3603 1310 3688 έντῇ

107 3706 275 3792 Ὀδυσσείᾳ
303 3702 463 3795 χειμώνων
491 3705 543 3770 ιιαί
571 3711 630 3772 τῶν
658 3703 727 3793 περί
756 3703 806 3771 τὸν
829 3701 985 3772 Κόνλονπα
1013 3706 1064 3771 καί
1085 3730 1172 3772 τινοιν
1196 3699 1309 3784 ἄλλων,

111 3808 202 3879 ἀλλὰ
216 3813 313 3898 γῆρας
328 3813 508 3905 διηγοῦμαι,
531 3814 627 3898 γῆρας
650 3805 678 3874 δ’
701 3802 941 3897 δμωςὉμήροο·
965 3807 1043 3896 πλὴν
1066 3811 1098 3877 έν
1120 3803 1216 3876 ἅπασι
1236 3805 1311 3876 τοί-

111 3941 183 3989 τοις
206 3915 273 4000 ἑξῆς
295 3920 348 3979 τοῦ
368 3918 533 4002 πρακτικοῦ
554 3913 659 4001 κρατεῖ
678 3909 712 3978 τὸ
729 3909 867 4000 μοίλιιιόν.
914 3914 1077 4000 παρεξέβην
1101 3910 1127 3977 δ’
1147 3915 1191 3987 είς
1204 3909 1310 3992 ταῦθ’,

113 4017 162 4094 ὡς
186 4017 283 4106 ἔφην,
306 4015 357 4083 ἵνα
372 4016 499 4101 δείξαιμι
515 4011 556 4089 ὡς
571 4017 614 4090 εἰς
635 4021 728 4103 λῆρον
751 4016 844 4082 ένίοτι
867 4017 972 4103 ῥᾷστον
994 4013 1072 4081 κατὰ
1092 4014 1146 4103 τὴν
1170 4013 1312 4102 ἂπακμήν

112 4121 156 4190 τὰ
187 4126 364 4210 μεγαλοφοῆ
391 4121 631 4209 παρατρέπιται,
666 4117 717 4185 οἶα
743 4116 781 4186 τὰ
807 4117 875 4206 πιρί
903 4117 953 4186 τὸν
982 4105 1073 4184 ἄσιιὸν
1101 4118 1153 4186 καί
1180 4117 1248 4194 τούς
1277 4122 1312 4184 έιι

114 4224 238 4314 Κίρκης
261 4227 559 4314 σοομορφοομένοος,
585 4216 637 4301 Ιοὓς
660 4220 676 4289 ‘o
699 4223 813 4297 Ζωίλος
835 4222 895 4310 ἔφη
918 4223 1053 4310 χοιρίδια
1074 4223 1235 4304 κλαίοντα,
1259 4221 1311 4288 καί

113 4329 171 4398 τὸν
195 4324 251 4395 ὑπὸ
273 4333 333 4394 τῶν
355 4325 522 4418 πελειάδων
545 4321 587 4402 ὥς
609 4324 730 4395 νεοσσὸν
752 4323 1014 4416 παρατρεφόμενον
1037 4327 1094 4392 Δία
1116 4325 1167 4392 καί
1188 4324 1239 4393 τὸν
1261 4326 1311 4392 ἐπὶ

113 4440 174 4501 τοῦ
203 4432 350 4518 ναοαηίοο
379 4429 444 4521 δέχ’
478 4428 595 4520 ἡμέρας
623 4424 725 4497 ἄσιτον
754 4426 792 4496 τα’
821 4455 853 4496 τε
880 4428 949 4518 περί
976 4417 1030 4518 τήν
1053 4430 1311 4519 μνηστηροφονίαν

117 4532 268 4606 ἀπίθανα.
320 4536 349 4602 τί
380 4532 438 4624 γὰρ
472 4530 509 4601 ἂν
542 4527 618 4601 ἄλλο
646 4531 797 4622 φήσαιμεν
825 4537 920 4601 ταῦτα
948 4529 968 4624 ἢ
996 4541 1040 4626 τῷ
1068 4527 1138 4608 δντι,
1160 4538 1213 4601 τοῦ
1243 4530 1313 4609 Διὸς
