3204 5104
409 379 498 441 luam
520 396 686 442 enarraris
710 395 888 440 assrrrunu
913 377 1007 440 taes.
1230 359 1300 432 391

113 571 232 633 bantur
260 568 477 650 tantummodo
505 568 603 656 veluti
632 567 737 630 clausa
765 575 897 649 possunt
928 563 1002 628 dici.
1054 565 1171 645 legitur
1200 575 1306 627 autem

112 672 199 755 apud
214 672 403 736 Accursium
425 671 574 754 quaedam
596 671 680 732 uelut
694 671 773 732 clam
786 687 891 745 usam,
916 667 1002 749 apud
1018 668 1183 731 Gelonium
1207 689 1307 750 quau

114 777 186 838 dam
201 777 286 838 seelut
300 783 468 850 tammum,
495 794 512 835 e
527 772 619 834 libris
635 774 730 854 Regio
745 773 924 834 Florentino
941 770 1122 833 Calbertino
1145 770 1308 853 profertur

113 879 280 962 quamdam
302 879 383 942 uelut
404 878 483 940 clam
497 895 597 940 usam.
644 875 897 956 antiquissimam
913 873 1149 955 depravationis
1167 875 1308 956 speciem

115 982 250 1064 praebet
265 983 433 1044 Vaticanus
448 979 564 1058 codex,
591 981 623 1040 in
642 997 706 1059 quo
728 979 881 1058 scriptum
906 987 954 1039 εει
975 977 1125 1059 quaedam
1145 979 1230 1040 uelut
1251 979 1309 1040 da

114 1103 247 1148 musam.
294 1102 461 1146 censemus
482 1080 689 1146 scribendum
712 1099 782 1144 esse
805 1081 891 1143 cuim
914 1082 1072 1144 summitas
1088 1099 1206 1153 ovinis
1227 1083 1311 1144 veliet

114 1207 227 1250 iusum
250 1187 415 1270 conliqarct
441 1186 536 1248 nullis
558 1185 678 1267 quidem
700 1184 821 1246 iudiciis
846 1181 946 1264 (ulta,
977 1190 1022 1247 set
1042 1185 1183 1246 nocitura
1204 1186 1310 1246 inson-

114 1290 195 1354 tibus
225 1291 339 1352 multis.
387 1289 574 1369 scripsimus
592 1286 691 1369 fruita,
723 1294 783 1349 set:
816 1305 889 1348 nam
916 1285 1013 1368 (ultas
1036 1294 1064 1348 et
1085 1285 1204 1349 habeat
1226 1286 1310 1349 liber

115 1395 287 1456 Vaticanus
309 1402 341 1455 et
363 1390 544 1454 Accursius.
592 1391 674 1452 uelut
695 1390 856 1453 damasum
884 1399 920 1452 ut
941 1388 1138 1452 scriberetur
1161 1391 1193 1452 in
1216 1408 1310 1452 causa

115 1497 234 1576 partim
264 1494 324 1556 fait
350 1495 505 1575 scriptum
533 1495 565 1554 in
588 1495 768 1574 antiquiore
798 1491 880 1553 libro
903 1492 1004 1553 uelud.
1052 1493 1121 1574 ipse
1143 1493 1311 1555 Vaticanus

116 1596 221 1660 codex
242 1597 333 1659 uelud
355 1595 451 1658 habet
472 1615 532 1658 xvu
557 1598 595 1658 tu
622 1597 677 1657 tu:
711 1605 778 1658 tum
807 1595 903 1656 simili
933 1593 1170 1676 depravationis
1192 1613 1310 1676 genere

116 1721 153 1762 xv
177 1701 195 1762 3
222 1699 240 1760 'l
272 1701 305 1760 in
328 1699 439 1761 eodem
470 1699 577 1762 codice
601 1719 641 1760 ex
664 1699 758 1761 ueluti
779 1716 794 1759 e
812 1699 987 1780 praesepiis
1015 1697 1131 1761 factum
1161 1708 1209 1761 est
1231 1699 1312 1763 uelut

119 1803 169 1866 die
189 1803 377 1886 praesoqiis.

206 1904 301 1967 Libro
323 1923 413 1966 usur
438 1906 450 1965 l
472 1903 512 1966 57
529 1904 673 1967 Valesius
695 1904 822 1985 scripsit
844 1909 873 1964 et
886 1901 1152 1984 Doryphorianum
1170 1923 1313 1986 pronun-

116 2010 226 2072 tiatum
242 2007 351 2088 capitis
371 2025 458 2068 reum
473 2015 651 2088 trusumque
666 2025 789 2069 carcere
808 2006 945 2067 Tulliano
960 2007 1069 2068 matris
1084 2007 1207 2069 consilio
1219 2011 1313 2089 prin-

118 2130 188 2193 ceps
201 2109 315 2172 eminde
326 2111 441 2192 rapuit.
472 2109 623 2172 Gelenius
638 2107 773 2172 dederat
788 2116 965 2188 sanumque
979 2109 1011 2170 in
1023 2127 1146 2171 caruere
1162 2111 1310 2188 Tulliano,

119 2213 395 2290 cumconsilio,
428 2221 514 2274 recle
538 2213 670 2293 partim,
695 2213 811 2292 partim
835 2213 897 2272 non
921 2221 1018 2272 recte.
1066 2212 1098 2272 in
1121 2210 1314 2275 Accursiano

119 2315 298 2395 exemplari
321 2315 440 2395 legitur
461 2322 638 2396 trusumque
659 2314 823 2377 rettuliano
846 2315 878 2375 in
900 2321 997 2375 matre
1019 2315 1151 2378 consilio.
1200 2335 1218 2378 a
1240 2319 1315 2378 Lin-

119 2419 298 2498 denbrogio
327 2436 345 2479 ε
368 2416 476 2479 codice
498 2415 644 2480 adfertur
673 2419 704 2479 in
731 2417 971 2480 Tertullianum
992 2424 1100 2479 mure.
1146 2419 1315 2482 Vaticanus

120 2521 220 2584 babet
242 2529 419 2602 trusumque
441 2526 489 2582 ret
509 2521 636 2582 nelliano
658 2521 690 2582 in
706 2527 814 2582 matre.
854 2516 1060 2581 scribendum
1077 2529 1124 2582 εει
1139 2529 1317 2604 trusumque

120 2644 150 2688 ru
174 2643 327 2686 asscensu
349 2625 522 2684 Triarium
545 2623 654 2685 matris
676 2623 800 2684 cortsilio
819 2623 964 2703 princeps
986 2622 1099 2684 eminde
1121 2627 1236 2706 rapuit.

210 2725 305 2788 Libro
328 2723 439 2788 eodem
460 2743 551 2787 xxvur
576 2726 593 2786 l
620 2726 658 2787 li
682 2723 835 2786 scribitur
855 2724 950 2805 vulgo
971 2723 1079 2786 lorum
1101 2725 1207 2789 domus
1230 2730 1319 2790 otiosi

121 2830 248 2914 quidam
266 2830 391 2912 qarruli
408 2827 619 2911 frequentant,
644 2830 744 2891 uariis
759 2827 944 2890 adsentandi
960 2827 1109 2910 liquentis
1132 2829 1174 2891 ad
1195 2833 1318 2914 sinqula

122 2934 245 2997 altioris
265 2931 410 3014 satanae
431 2930 527 2994 verba
544 2930 742 3013 plaudentes,
763 2932 975 3012 parasitorum
998 2933 1030 2994 in
1051 2932 1209 2996 comoediis
1235 2980 1241 2994 .
1270 2981 1277 2994 .
1307 2981 1314 2996 .

122 3045 209 3098 oetas
232 3033 412 3116 affectanda.
461 3035 493 3095 in
517 3034 567 3096 his
586 3033 766 3114 plaudentes
789 3043 876 3096 recte
899 3035 1127 3115 scriptumest.
1167 3037 1318 3099 Gelenius

122 3138 287 3202 laudantes
310 3135 416 3216 dedit,
442 3154 578 3217 quocum
601 3136 642 3198 ad
663 3137 855 3218 praepositio
877 3155 940 3198 non
960 3139 1123 3218 congruit,
1147 3137 1319 3202 Accursius

121 3242 270 3304 ridentes.
317 3233 375 3302 sed
397 3237 483 3320 quod
505 3259 546 3300 ex
567 3237 650 3301 libro
666 3238 848 3302 Golbertino
864 3239 1008 3302 adfertur
1030 3240 1156 3303 autari
1172 3243 1318 3306 audentes

123 3345 210 3408 idem
226 3342 324 3405 habet
338 3343 524 3422 Vaticanus,
550 3361 655 3423 neque
678 3343 754 3405 latet
776 3343 809 3403 in
832 3362 868 3405 eo
890 3343 977 3406 aliud
994 3361 1088 3423 quarn
1111 3344 1207 3407 uerba
1224 3345 1320 3427 plau-

112 3448 239 3510 dentes.
286 3455 378 3507 antea
401 3445 494 3508 altior
508 3445 660 3507 Gelenius
682 3446 825 3526 scripsit:
852 3447 1008 3510 interioris
1030 3447 1175 3511 adfertur
1197 3449 1319 3511 euodi-

122 3549 216 3612 cibus
237 3549 419 3629 legiturque
443 3549 476 3608 in
492 3547 667 3630 exemplari
682 3546 890 3628 Aocursiano,
916 3551 1084 3613 Vaticanus
1100 3562 1204 3614 autem
1221 3551 1320 3614 codex

123 3652 223 3716 babet
251 3652 418 3714 uiterieris.
472 3651 579 3731 itaque
609 3650 816 3714 scribendum
846 3661 896 3714 est
928 3651 970 3714 od
997 3654 1120 3736 sinqula
1146 3673 1320 3718 scrumosus

120 3757 269 3838 fortunae
296 3753 391 3816 uerba
417 3752 609 3835 plaudentes.
663 3754 848 3816 ulteriorem
877 3753 1035 3818 fortunam
1064 3756 1209 3820 homines
1241 3756 1320 3821 dicit

124 3859 313 3922 Ammianus
335 3857 459 3937 magnis
482 3854 603 3918 divitiis
626 3857 779 3938 insignes.
827 3855 946 3922 deinde
968 3869 1042 3921 ante
1064 3868 1129 3922 ctas
1156 3858 1211 3942 (sic
1233 3863 1319 3924 enim

124 3960 288 4043 scribitur)
317 3960 453 4040 spatium
477 3956 575 4021 habet
597 3959 749 4022 Gelenius
777 3957 929 4040 duarum,
960 3958 1130 4025 Acaursins
1153 3983 1210 4026 sex
1232 3965 1320 4026 litte-

126 4083 252 4143 rarum‚
277 4062 447 4126 Vaticanus
461 4061 545 4124 liber
560 4061 755 4143 syllabarum
771 4062 838 4125 fere
857 4073 1017 4145 quattuor.
1058 4065 1198 4129 diximus
1213 4077 1320 4130 aulem

125 4169 177 4230 his
200 4166 375 4248 spatiorum
397 4167 559 4228 mensuris
580 4165 700 4228 nullam
723 4165 819 4228 fidem
844 4185 914 4229 esse
937 4166 1129 4231 habendam.
1176 4171 1321 4234 Valesius

125 4267 335 4334 scribendum
357 4267 483 4349 putavit
501 4267 650 4349 facetias.-
681 4267 852 4332 videbatur
877 4271 962 4331 anim
987 4271 1015 4332 ei
1038 4268 1224 4335 Ammianus
1247 4275 1321 4334 imi-

126 4385 210 4436 tatus
234 4391 304 4434 esse
327 4370 406 4434 illud
431 4371 592 4434 Ciceronis
614 4371 649 4433 in
671 4371 774 4434 Laelio
797 4370 814 4454 ᾗ
837 4374 877 4433 98
906 4391 962 4436 neo
979 4377 1192 4456 parasitorum
1214 4377 1247 4438 in
1270 4397 1321 4438 co-

126 4477 250 4540 moediis
266 4473 435 4537 adsenmtio
448 4472 550 4555 (auto
563 4473 648 4537 nobis
671 4473 827 4536 videretur
848 4473 912 4537 uisi
932 4485 1030 4540 essent
1051 4477 1160 4540 milites
1181 4479 1318 4562 qloriosi.
