3204 5104
393 382 481 443 laem
503 399 667 444 ιτοτιοιιιιι
688 399 872 444 υιυιιοιιιιινκ
891 383 984 444 teca.
1208 369 1281 444 405

99 566 175 628 illud
197 567 236 629 ad
259 559 336 653 ἄρνα
360 569 510 632 traheret.
560 572 634 632 binc
657 589 720 631 uon
744 569 873 632 difficile
896 579 943 633 est
966 573 1124 652 corrigere
1141 571 1227 652 ‹puod
1251 573 1282 632 in

99 669 202 749 priore
224 671 341 733 scholio
365 673 471 753 inepte
495 676 649 756 scriptum
672 683 720 736 est
742 665 836 746 οὕτως
851 675 973 758 φιλοῦσι
994 667 1080 738 λάκοι
1099 669 1168 745 τούς
1192 665 1284 758 ἄρνας

98 765 137 844 ὡς
167 773 317 858 φιλέουσιν
347 769 535 860 ἀντερασταί.
582 785 649 838 orta
679 789 754 839 sunt
775 788 934 858 postrema
957 776 1057 840 verba
1080 797 1120 839 ex
1143 779 1210 856 bis,
1243 771 1284 849 ὡς

97 875 233 960 φιλέουσι
254 875 324 940 νέαν
347 876 489 963 ἐρασταί,
513 879 571 941 hoe
592 890 698 942 autem
721 899 761 943 ex
784 898 821 941 eo
844 878 929 961 quod
945 899 1058 943 verum
1073 891 1138 960 est,
1163 873 1204 952 ὡς
1227 903 1283 966 φι-

97 978 198 1042 λέουσι
226 980 293 1045 νέον
321 980 461 1066 έρσσταίι
499 1001 571 1044 nam
605 1001 645 1044 cx
674 984 742 1064 ipso
769 983 821 1044 illo
850 1001 944 1063 quem
975 983 1109 1046 alterum
1143 983 1283 1045 scholion

98 1082 228 1162 pmebet
242 1103 339 1148 versu
354 1085 433 1148 haec
447 1084 528 1148 laeta
543 1105 612 1148 esse
635 1105 699 1148 non
715 1095 909 1148 contractum
925 1085 1063 1172 φιλέουσι
1082 1089 1158 1149 satis
1172 1098 1283 1167 aperto

96 1186 244 1249 ostendit.
296 1207 483 1271 sponsarum
518 1189 749 1270 significatione
782 1181 869 1260 νυου’ς
899 1189 962 1251 diei
992 1189 1154 1252 adnotavit
1184 1191 1284 1271 llcsy-

96 1288 201 1370 chius,
232 1287 317 1369 νοοέ,
347 1285 479 1375 νόμφοιιε
516 1291 707 1376 quod-salso
734 1293 869 1354 relatum
900 1303 948 1355 est
974 1291 1015 1355 ud
1044 1294 1079 1354 ll.
1112 1312 1179 1355 xxiv
1208 1295 1280 1354 too.

95 1391 278 1454 scholiastes
301 1394 334 1454 in
357 1394 520 1475 Euripidis
542 1396 617 1458 Hoc.
644 1396 717 1476 lbi,
742 1387 864 1480 νυ’μφη,
894 1389 915 1479 ἡ
946 1386 1014 1480 ἄρτι
1042 1394 1084 1467 εἰς
1107 1389 1203 1480 γέμον
1226 1395 1282 1480 ἐγι-

94 1491 208 1578 χομένη
217 1541 228 1571 ,
250 1485 317 1577 ἥτις
331 1498 492 1580 ποιητικῶς
511 1491 579 1569 νυὸς
595 1497 726 1582 λέγεται.
765 1497 923 1580 praebent
938 1517 1007 1560 eam
1023 1499 1281 1580 significationem

95 1617 207 1661 versus
229 1597 379 1662 Theodoti
403 1600 488 1680 apud
511 1600 683 1664 Eusebium
707 1603 818 1682 Pracp.
845 1619 959 1681 cuang.
986 1621 1014 1664 ικ
1037 1604 1093 1680 22,
1120 1621 1198 1683 quos
1222 1604 1284 1662 lla-

94 1700 160 1763 sius
182 1702 288 1765 attulit
310 1703 344 1763 in
360 1703 520 1766 Thesauro
537 1705 689 1786 Stephani
713 1714 736 1766 t.
755 1723 775 1764 v
791 1723 823 1784 p.
845 1703 937 1781 lete,
963 1697 998 1767 οὔ
1021 1699 1078 1789 γὰρ
1102 1699 1139 1787 δὴ
1162 1696 1282 1787 θεμιτόν

93 1826 127 1886 γε
149 1797 216 1869 τόδ’
235 1797 404 1890 ‘hepatem
424 1803 579 1883 τέτυκται,
610 1802 767 1892 Γαμβμοὺς
789 1798 918 1871 ἄλλοθεν
941 1802 985 1878 εἷς
1006 1829 1041 1891 γε
1063 1801 1150 1878 νυοὺς
1172 1802 1282 1890 ἀγέμεν

93 1903 160 1970 ποτὶ
183 1907 290 1990 δῶμα,
308 1902 389 1972 ’All'
416 1899 496 1981 ὅστις
518 1909 624 1994 γενεῆς
645 1905 799 1995 ἐξεύχεται
820 1907 900 1974 εἶναι
920 1905 1037 1996 ὁμοίης.

180 2012 267 2072 lianc
291 2012 388 2092 igitur
409 2005 478 2084 νυο’ς
499 2011 643 2076 vocabuli
666 2013 928 2094 significationem
944 2033 961 2076 a
977 2015 1140 2075 Theocrito
1155 2031 1225 2074 xvnr
1247 2015 1282 2072 lii

93 2113 270 2175 certissime
292 2124 475 2195 usurpatam
492 2115 518 2177 si
535 2115 756 2197 adgnoscimus
773 2117 805 2177 in
821 2136 916 2180 versu
932 2119 986 2178 illo
1000 2115 1281 2195 Adoniazusarum,

93 2209 253 2279 κάλλιστ’·
281 2213 392 2280 έέένδοι
413 2219 532 2281 πᾰσσι”
557 2212 572 2282 ‘o
595 2213 648 2282 τὰν
670 2213 739 2283 νυὸν
760 2214 822 2284 εἶπ’
849 2213 1036 2304 ἀποκλᾴξσς,
1061 2237 1161 2298 eaque
1178 2229 1284 2280 mente

93 2321 270 2402 repetimus
293 2339 375 2402 quae
398 2320 440 2383 de
463 2322 643 2402 proverbiis
670 2332 802 2404 propter
824 2323 982 2404 epilogum
1006 2321 1149 2385 ridiculis
1172 2322 1285 2403 dispu-

92 2424 247 2501 lavimus,
273 2441 337 2486 non
360 2443 527 2505 possumus
550 2423 697 2487 dubitare
720 2424 760 2487 de
778 2425 1041 2507 interpretatione
1057 2425 1227 2488 verborum
1253 2426 1283 2486 in

92 2525 213 2608 quibus
235 2526 317 2589 docti
334 2527 478 2590 homines
499 2527 616 2590 lrustra
631 2527 814 2590 laborarunt
829 2538 878 2607 ct,
905 2527 990 2610 quod
1006 2527 1140 2608 dicitur,
1166 2527 1284 2590 nodum

92 2630 124 2692 in
141 2630 248 2711 scirpo
264 2631 504 2710 quaesiverunt.
538 2632 596 2693 hoe
611 2632 696 2693 enim
713 2641 760 2694 est
776 2631 999 2712 proverbium,
1029 2634 1125 2694 ‘intes
1147 2633 1282 2694 culrclac'

92 2734 191 2816 inquil
206 2735 260 2816 qui
272 2751 416 2814 sponsam
431 2734 580 2812 eaeclusil,
605 2737 758 2798 nimirum
781 2755 915 2816 sponsus
936 2745 991 2798 aut
1014 2736 1128 2798 stultus
1148 2745 1201 2796 aut
1219 2755 1286 2796 ma-

91 2836 227 2899 litiosus.
275 2833 357 2898 ένδοι
377 2838 472 2900 πᾶσαι
494 2839 645 2900 Praxinoa
670 2837 747 2902 dicit
769 2837 1004 2902 adcommodato
1027 2837 1067 2900 ad
1084 2848 1283 2920 praesentem

93 2959 179 3018 rem,
206 2939 264 3002 sed
279 2939 387 3003 addito
403 2941 543 3022 epilogo,
569 2961 631 3022 quo
655 2940 741 3023 quod
763 2961 821 3023 per
843 2963 878 3004 sc
901 2942 1031 3004 minime
1048 2940 1216 3003 ridiculum
1237 2951 1285 3002 est

94 3043 230 3106 ridicule
260 3042 435 3106 absurdum
471 3044 521 3123 fit,
558 3045 683 3126 garrula
715 3045 900 3108 muliercula
930 3043 1135 3127 proverbium
1165 3043 1286 3124 prolert

92 3146 264 3210 ludicrum.
312 3156 360 3210 est
388 3156 493 3210 aulem
521 3139 537 3210 ὃ
567 3142 737 3232 σἰτοκλᾴξας
766 3149 821 3229 qui
852 3147 1002 3226 exclusit,
1036 3146 1070 3210 id
1100 3157 1148 3209 est
1170 3147 1285 3209 clausis

91 3249 217 3313 loribus
240 3270 303 3313 non
327 3251 513 3327 intromisit;
548 3269 609 3332 qua
639 3251 868 3332 significatione
889 3252 1021 3333 proprie
1043 3244 1211 3314 ἀποκλείειν
1234 3249 1286 3311 di-

91 3341 199 3417 eitur.'
300 3397 302 3401 -

181 3455 272 3530 Quod
303 3457 335 3519 in
366 3455 455 3518 initio
485 3456 708 3538 disputationis
738 3456 893 3536 diximus,
926 3457 1024 3521 multa
1053 3457 1322 3520 Germanorumlv

90 3560 332 3642 Anglorumque
355 3559 524 3641 proverbia
541 3561 699 3641 epilogum
723 3560 857 3640 habere,
884 3579 946 3641 quo
968 3561 1091 3642 epilogo
1116 3559 1283 3622 ridiculum

92 3666 128 3726 lit
151 3661 238 3745 quod
255 3662 390 3744 dieitur,
416 3663 675 3727 Germanicorum
692 3663 847 3726 eiusmodi
863 3663 1047 3745 adagiorum
1072 3683 1183 3744 magna
1202 3665 1285 3727 mul-

90 3767 214 3845 titudo,
240 3765 297 3829 sed
320 3777 355 3829 ut
377 3768 487 3848 augeri
510 3787 573 3831 non
596 3769 711 3848 exiguo
729 3787 861 3829 numero
877 3769 993 3847 possit,
1019 3767 1158 3830 conlecta
1182 3777 1229 3830 est
1245 3767 1286 3828 ab

92 3871 229 3934 Hoefero
252 3871 284 3931 in
308 3879 381 3933 noto
403 3869 511 3932 libello
535 3870 620 3950 (Wie
641 3870 698 3932 dos
721 3869 788 3932 volt·
810 3869 952 3952 spririt),
977 3867 1117 3950 Anglicis
1139 3871 1286 3952 plurimis

91 3977 195 4039 utitur
218 3975 269 4036 vel
291 3993 376 4038 unus
399 3973 451 4036 ille
474 3974 636 4036 Dickeusii
661 3974 788 4036 Samuel
804 3974 974 4036 Wellerus.
1014 3983 1088 4036 sunt
1111 3993 1146 4037 ea
1169 3975 1285 4056 partim

93 4078 330 4154 recentissima,
362 4079 476 4158 parlim
507 4078 566 4139 hoc
596 4084 682 4141 certe
711 4077 836 4139 saeculo
865 4077 1062 4157 antiquiora:
1100 4076 1158 4138 scd
1189 4078 1286 4138 multo

92 4184 185 4265 prius
208 4181 360 4244 usitatum
382 4181 478 4243 luisse
502 4181 668 4242 Germanis
700 4181 757 4241 boc
780 4179 1021 4261 proverbiorum
1044 4199 1145 4261 genus
1167 4180 1287 4260 aliquot

93 4286 252 4367 exemplis
275 4283 436 4347 doeemur.
476 4285 572 4346 simili
596 4281 824 4365 quedammodo
840 4283 945 4365 specie
967 4293 1033 4363 est,
1059 4283 1177 4364 quippe
1201 4283 1285 4364 quod

93 4389 233 4453 fabulam
257 4407 328 4450 eum
352 4386 522 4468 proverbio
544 4388 730 4467 coniungat,
757 4385 843 4467 quod
865 4396 956 4468 poeta
972 4385 1090 4450 saeculi
1106 4383 1285 4448 duodecimi

91 4493 192 4574 dixit,
231 4491 347 4556 Wcislu
377 4491 435 4553 wie
463 4490 518 4552 der
547 4489 605 4572 ipel
626 4489 760 4572 spreci?
791 4490 853 4553 ‘Vil
873 4497 945 4572 puel
974 4491 1013 4552 ist
1035 4491 1119 4573 τίμια
1139 4487 1285 4574 pomeri)
