3204 5104
414 393 503 456 lnnnx
525 407 691 455 enarrans!
714 412 892 456 snsrrmnvu
918 394 1011 454 6866.
1233 380 1303 452 381

112 582 146 644 id
170 593 224 644 est
239 580 482 645 concludebant.
525 582 720 645 rarissimum
738 582 871 645 verbum
886 582 1083 664 adgnoscunt
1098 583 1305 662 grammatici.

112 687 298 748 Priscianus
320 705 340 747 x
363 705 394 766 p.
420 685 481 744 906
506 686 538 746 P.
570 704 638 748 sero
661 688 739 748 seris
762 687 844 748 seui:
873 703 946 747 nam
968 703 1036 747 sero
1058 703 1161 762 seros,
1194 705 1215 746 a
1236 703 1309 747 sera

111 787 219 851 obdita
249 797 371 866 natum,
401 789 507 851 seravi
524 787 611 868 facit.
662 788 783 850 Probus
811 808 844 868 p.
872 789 932 848 686
956 789 993 849 K.
1024 795 1097 850 sunt
1117 786 1212 850 uerba
1232 807 1310 870 puae

112 893 144 953 in
164 894 278 973 prima
296 910 431 973 persona
452 891 567 954 similes
583 909 673 954 sonos
692 891 839 967 babeant,
864 891 897 952 in
912 891 1045 953 secunda
1061 909 1132 953 uero
1147 891 1309 954 dissimiles

110 995 352 1078 significationes
381 995 553 1072 ostendant,
584 1003 619 1058 ut
643 1002 720 1076 puto
741 994 852 1056 mando
881 994 1012 1057 mandas
1040 993 1151 1056 mando
1174 995 1306 1072 mandis,

107 1097 213 1180 fundo
233 1097 352 1178 fundas
372 1097 469 1178 fundo
488 1097 612 1178 fundis,
643 1117 711 1160 sero
740 1117 828 1161 seros
857 1117 925 1160 sero
947 1099 1026 1159 seris
1048 1104 1076 1160 et
1097 1104 1197 1158 cetero
1219 1098 1305 1160 tatio.

111 1202 253 1282 Sergius
280 1203 336 1281 qui
367 1199 484 1263 dieitur
511 1220 543 1282 p.
569 1201 630 1262 663
656 1202 692 1261 K.
725 1203 793 1263 item
815 1220 883 1264 sero
906 1201 984 1282 quod
1006 1208 1049 1263 est
1070 1199 1196 1279 claudo,
1228 1200 1310 1262 unde

110 1322 188 1366 sera
211 1304 296 1366 dicta
318 1310 373 1382 est,
394 1301 563 1384 perfectum
586 1311 701 1385 tempus
721 1303 798 1386 [uait
811 1305 916 1366 seravi
930 1305 1078 1380 reseravi,
1103 1310 1137 1364 ut
1155 1305 1310 1365 Terentius

113 1411 165 1468 ‘tu
190 1405 247 1468 abi
267 1414 356 1487 otpte
377 1405 486 1468 obsera
507 1407 649 1468 ostium:’
672 1407 727 1487 qui
751 1427 821 1469 cum
844 1406 1014 1469 obserandi
1030 1407 1211 1487 exemplum
1234 1426 1309 1487 pro-

109 1510 176 1572 fert
208 1509 363 1589 simplicis
389 1507 481 1570 verbi
511 1511 673 1571 raritatem
705 1518 850 1572 testatur.
904 1509 1017 1572 sedin
1039 1528 1100 1570 usu
1122 1517 1228 1570 tamen
1250 1509 1310 1570 ali-

109 1612 249 1694 quando
271 1610 368 1674 iuisse
391 1611 482 1674 docet
498 1612 718 1675 Onomastioon
740 1621 849 1693 vetus,
876 1613 909 1674 in
932 1631 994 1693 quo
1016 1613 1133 1692 legitur
1155 1629 1234 1690 sero,
1259 1631 1307 1689 as,

109 1713 223 1780 κλείω.
280 1724 312 1776 66
340 1715 542 1795 frequentem
569 1717 645 1776 satis
673 1717 743 1778 eius
770 1714 861 1777 verbi
889 1733 982 1778 usum
1013 1713 1111 1776 tuisse
1141 1716 1309 1795 postremis

109 1820 249 1899 linguae
271 1818 397 1880 Latinae
420 1817 618 1898 temporibus
647 1827 815 1898 propterea
836 1817 905 1880 veri
928 1817 1032 1879 simile
1056 1817 1212 1896 estquod
1234 1836 1309 1899 pro-

109 1931 270 2003 pagatum
292 1930 340 1982 est
361 1939 421 2001 per
443 1920 566 2001 linguas
589 1939 671 2001 quae
693 1939 733 1982 ex
750 1922 856 1982 Latina
879 1929 966 1982 ortae
988 1929 1073 1982 sunt.
1120 1918 1201 1981 dixit
1216 1919 1256 1983 de
1272 1940 1309 1982 ea

110 2045 148 2087 re
173 2025 306 2086 Diezius
328 2026 402 2086 Lex.
428 2033 524 2105 etym.
548 2044 581 2104 p.
607 2023 681 2084 379.
735 2043 775 2086 ex
797 2024 943 2086 Venantii
966 2025 1128 2085 Fortunati
1159 2025 1222 2086 vita
1245 2025 1310 2084 ile-

110 2127 212 2190 dardi
238 2145 306 2208 cap.
326 2128 344 2185 6
368 2127 550 2199 Quiohe'rati
573 2125 729 2188 Addenda
751 2127 864 2189 lexicis
885 2127 1003 2188 Latinis
1024 2147 1056 2207 p.
1075 2127 1137 2189 266
1160 2124 1311 2188 adierunt

109 2229 273 2294 memmio
295 2229 379 2292 nullo
401 2237 506 2292 serata
527 2231 596 2310 ipsa
617 2228 699 2290 dedit
718 2229 839 2311 praeda
861 2230 1012 2292 tinnitum.
1052 2216 1150 2290 aliud¹
1176 2228 1347 2292 verbumst

108 2333 282 2396 novicium
304 2341 336 2394 ct
360 2351 466 2394 rarum
488 2329 654 2393 Ammiano
676 2330 875 2394 reddendum
899 2341 947 2393 est
968 2350 1028 2393 xxu
1053 2332 1091 2392 t3
1116 2333 1147 2393 i.
1194 2333 1312 2413 legitur

111 2437 159 2498 ibi
178 2437 278 2516 vulgo
300 2455 332 2497 eo
354 2455 451 2512 anno,
476 2435 576 2498 sidere
597 2436 752 2498 etiamtum
773 2437 904 2498 instante
918 2433 1054 2496 brumali
1060 2481 1068 2511 ,
1094 2453 1247 2516 66666666
1260 2437 1310 2497 in-

110 2541 210 2602 cessit
225 2540 328 2630 inopia
343 2539 521 2616 metienda,
546 2545 579 2600 ut
601 2545 629 2600 et
651 2539 713 2600 rivi
734 2545 907 2600 arescerent
928 2537 1051 2619 quidum
1072 2545 1101 2599 et
1111 2537 1210 2620 fontes
1226 2545 1312 2599 ante-

109 2643 174 2705 hoc
200 2659 354 2722 optionem
376 2643 503 2722 copiosis
521 2639 662 2721 pulsibus
685 2639 893 2704 abundantes:
916 2639 970 2703 sed
992 2642 1024 2702 in
1039 2641 1189 2723 mnpmm
1207 2649 1312 2722 postea

110 2746 258 2808 restituti
277 2752 357 2806 sunt.
407 2743 557 2806 Gelenius
580 2753 612 2804 et
626 2741 796 2806 Accursius
818 2763 881 2804 non
904 2751 1078 2805 arescerent
1099 2744 1307 2825 scripserunt,

110 2848 175 2912 sed
201 2855 368 2910 cessarent.
411 2846 468 2909 sed
483 2847 652 2909 Vaticanus
674 2845 757 2908 liber
779 2846 875 2908 babet
896 2854 980 2909 utet
1001 2848 1044 2908 iri
1057 2847 1313 2908 uicasse-soermt

111 2951 256 3034 quiedam
305 2951 412 3031 itaque
442 2947 647 3011 scribendum
677 2959 725 3011 est
746 2957 782 3012 ut
801 2957 829 3012 et
850 2950 914 3012 rivi
935 2967 1145 3012 caasnscsarm
1175 2949 1309 3031 puidam.

113 3053 238 3116 eodem
268 3052 467 3115 cassescendi
497 3051 597 3113 verbo
626 3070 703 3114 usus
732 3061 781 3114 est
802 3052 928 3114 Solinus
951 3071 1019 3133 cap.
1045 3054 1087 3114 m
1112 3054 1162 3114 to.
1194 3051 1312 3115 habent

112 3157 163 3218 ibi
190 3156 304 3236 optimi
326 3155 400 3217 libri
431 3158 463 3218 in
491 3155 578 3218 cuius
605 3155 679 3216 aede
696 3156 839 3236 perpetui
859 3156 942 3238 ignes
964 3173 1129 3238 numquam
1151 3163 1313 3219 canescunt

113 3263 149 3324 in
178 3258 329 3342 favillas,
365 3259 418 3322 sed
445 3257 499 3320 ulti
530 3257 608 3340 ignis
637 3256 734 3319 tabuit
762 3259 853 3320 uertit
879 3259 911 3319 in
943 3257 1044 3342 globos
1076 3277 1201 3322 sameas.
1254 3257 1313 3320 sed

113 3362 248 3426 inutilis
278 3371 326 3425 ost
354 3363 424 3424 cani
453 3361 566 3424 coloris
594 3362 853 3440 conmemoratio,
886 3360 994 3442 inepte
1016 3372 1122 3424 autem
1146 3381 1242 3424 canae
1265 3361 1314 3424 ia-

112 3466 217 3528 villae
241 3472 273 3526 ct
296 3463 379 3545 globi
402 3465 490 3527 saxei
513 3465 597 3525 iuter
619 3483 653 3526 se
672 3472 887 3544 opponuntur.
934 3465 1134 3527 verissimum
1158 3463 1313 3545 estquod

113 3586 207 3632 uuus
230 3565 314 3630 liber
336 3567 470 3648 praebet
492 3573 683 3643 cassescunt,
708 3566 795 3630 uude
810 3567 844 3628 in
860 3566 920 3630 alio
936 3565 1053 3630 facturn
1069 3577 1116 3631 est
1130 3569 1311 3645 oasiescunt,

115 3688 232 3751 neque
261 3669 480 3750 spernendum
508 3679 577 3731 erat
606 3669 758 3732 iudicium
782 3670 937 3732 Salmasii.
983 3671 1079 3732 simili
1107 3670 1313 3733 inanescendi

114 3771 224 3838 verbo
247 3782 382 3835 utuntur
403 3770 588 3836 Ammianus
610 3791 681 3834 xxur
704 3774 723 3833 6
747 3773 798 3853 86,
825 3770 1020 3854 Augustinus
1044 3773 1234 3836 Contulit)
1258 3775 1310 3854 66,

115 3877 162 3940 de
187 3876 309 3938 musica
331 3877 350 3936 6
376 3876 427 3936 63.

211 3977 306 4040 Libro
328 3979 387 4039 xvir
410 3977 430 4039 7
456 3980 492 4039 63
524 3978 659 4058 legimus
683 3979 761 4058 fiunt
788 3986 888 4040 autem
917 3987 1074 4041 terrarum
1099 3987 1197 4044 motus
1218 3981 1315 4043 modis

118 4089 278 4166 piratium.
326 4089 381 4143 aut
401 4083 480 4144 enim
502 4081 688 4144 brasmatiae
708 4087 794 4159 suut,
824 4084 878 4163 qui
897 4081 1021 4144 humum
1042 4082 1195 4145 molestius
1217 4085 1316 4146 susci-

121 4192 224 4248 tantes
252 4201 378 4246 sursum
402 4185 580 4267 propellunt
607 4185 843 4247 animosissimus
872 4185 963 4246 moles
993 4193 1024 4246 et
1046 4203 1127 4265 quae
1149 4195 1313 4249 secuntur.

123 4290 272 4369 ineptum
295 4297 343 4349 cst
364 4289 534 4364 molestius,
569 4286 654 4367 quod
676 4284 846 4349 Aooursius
869 4286 975 4349 habet.
1022 4286 1276 4369 Lindenbrogius
1299 4309 1316 4351 e

123 4389 235 4452 codice
263 4389 369 4452 attulit
397 4391 548 4452 molestus.
597 4387 630 4451 id
658 4409 755 4471 supra
781 4388 977 4470 adscriptum
1001 4401 1049 4454 est
1072 4392 1103 4453 in
1126 4388 1207 4452 libro
1229 4393 1316 4454 Vati-

122 4513 221 4572 cano,
255 4494 288 4553 in
318 4494 387 4573 ipso
408 4511 505 4556 versu
532 4491 686 4572 scriptum
709 4494 781 4556 itus.
828 4491 913 4556 idern
937 4494 970 4553 in
993 4493 1211 4559 Hersfoidensi
1235 4493 1316 4558 libro

214 4725 231 4756 ἱ
