<?xml version="1.0" encoding="UTF-8"?>
<!DOCTYPE html PUBLIC "-//W3C//DTD XHTML 1.0 Transitional//EN"
    "http://www.w3.org/TR/xhtml1/DTD/xhtml1-transitional.dtd">
<html xmlns="http://www.w3.org/1999/xhtml" xml:lang="en" lang="en">
 <head>
  <title>
</title>
<meta http-equiv="Content-Type" content="text/html;charset=utf-8" />
  <meta name='ocr-system' content='tesseract 3.04.00' />
  <meta name='ocr-capabilities' content='ocr_page ocr_carea ocr_par ocr_line ocrx_word'/>
</head>
<body>
  <div class='ocr_page' id='page_1' title='image "./mavriciihavptii00haupgoog/mavriciihavptii00haupgoog_0177.png"; bbox 0 0 3186 5108; ppageno 0'>
   <div class='ocr_carea' id='block_1_1' title="bbox 315 393 1204 468">
    <p class='ocr_par' dir='ltr' id='par_1_1' title="bbox 315 393 1204 468">
     <span class='ocr_line' id='line_1_1' title="bbox 315 393 1204 468; baseline -0.003 -4"><span class='ocrx_word' id='word_1_1' title='bbox 315 393 385 465; x_wconf 75' lang='lat'><strong><em>164</em></strong></span> <span class='ocrx_word' id='word_1_2' title='bbox 605 405 694 468; x_wconf 78' lang='lat' dir='ltr'><strong><em>laum</em></strong></span> <span class='ocrx_word' id='word_1_3' title='bbox 717 419 884 466; x_wconf 80' lang='grc' dir='ltr'>ιιοιιοιιιι</span> <span class='ocrx_word' id='word_1_4' title='bbox 908 419 1092 466; x_wconf 72' lang='lat' dir='ltr'><strong><em>arsamum</em></strong></span> <span class='ocrx_word' id='word_1_5' title='bbox 1111 399 1204 462; x_wconf 79' lang='lat' dir='ltr'><strong><em>tata.</em></strong></span> 
     </span>
    </p>
   </div>
   <div class='ocr_carea' id='block_1_2' title="bbox 288 587 1583 4396">
    <p class='ocr_par' dir='ltr' id='par_1_2' title="bbox 288 587 1583 4396">
     <span class='ocr_line' id='line_1_2' title="bbox 310 587 1492 674; baseline -0.008 -16"><span class='ocrx_word' id='word_1_6' title='bbox 310 597 437 660; x_wconf 88' lang='lat' dir='ltr'><strong><em>venisse</em></strong></span> <span class='ocrx_word' id='word_1_7' title='bbox 460 605 580 658; x_wconf 87' lang='lat' dir='ltr'><strong><em>narrat.</em></strong></span> <span class='ocrx_word' id='word_1_8' title='bbox 620 591 706 674; x_wconf 90' lang='lat' dir='ltr'><strong><em>apud</em></strong></span> <span class='ocrx_word' id='word_1_9' title='bbox 722 593 882 655; x_wconf 78' lang='lat' dir='ltr'><strong>Horatium</strong></span> <span class='ocrx_word' id='word_1_10' title='bbox 906 607 1056 655; x_wconf 79' lang='lat' dir='ltr'><strong><em>carmus</em></strong></span> <span class='ocrx_word' id='word_1_11' title='bbox 1080 593 1097 652; x_wconf 78' lang='lat' dir='ltr'><strong><em>i</em></strong></span> <span class='ocrx_word' id='word_1_12' title='bbox 1123 590 1163 653; x_wconf 68' lang='lat' dir='ltr'><strong><em>ii</em></strong></span> <span class='ocrx_word' id='word_1_13' title='bbox 1179 607 1222 652; x_wconf 90' lang='lat' dir='ltr'><strong><em>ss.</em></strong></span> <span class='ocrx_word' id='word_1_14' title='bbox 1241 589 1320 651; x_wconf 85' lang='lat' dir='ltr'><strong><em>lraec</em></strong></span> <span class='ocrx_word' id='word_1_15' title='bbox 1341 587 1492 669; x_wconf 75' lang='lat' dir='ltr'><strong><em>leguntur,</em></strong></span> 
     </span>
     <span class='ocr_line' id='line_1_3' title="bbox 310 691 1497 781; baseline -0.008 -18"><span class='ocrx_word' id='word_1_16' title='bbox 310 702 422 763; x_wconf 86' lang='lat' dir='ltr'><strong><em>scimus</em></strong></span> <span class='ocrx_word' id='word_1_17' title='bbox 451 707 485 762; x_wconf 88' lang='lat' dir='ltr'><strong><em>nt</em></strong></span> <span class='ocrx_word' id='word_1_18' title='bbox 514 700 611 781; x_wconf 83' lang='lat' dir='ltr'><strong><em>inpios</em></strong></span> <span class='ocrx_word' id='word_1_19' title='bbox 637 699 761 760; x_wconf 67' lang='lat' dir='ltr'><strong><em>Tannus</em></strong></span> <span class='ocrx_word' id='word_1_20' title='bbox 791 697 1001 777; x_wconf 74' lang='lat' dir='ltr'><strong><em>inmanemque</em></strong></span> <span class='ocrx_word' id='word_1_21' title='bbox 1029 701 1163 757; x_wconf 88' lang='lat' dir='ltr'><strong><em>turmam</em></strong></span> <span class='ocrx_word' id='word_1_22' title='bbox 1186 693 1323 755; x_wconf 77' lang='lat' dir='ltr'><strong><em>Fttlmine</em></strong></span> <span class='ocrx_word' id='word_1_23' title='bbox 1349 691 1497 755; x_wconf 74' lang='lat' dir='ltr'><strong><em>membri</em></strong></span> 
     </span>
     <span class='ocr_line' id='line_1_4' title="bbox 309 793 1496 882; baseline -0.008 -16"><span class='ocrx_word' id='word_1_24' title='bbox 309 804 422 866; x_wconf 86' lang='lat' dir='ltr'><strong><em>caduco</em></strong></span> <span class='ocrx_word' id='word_1_25' title='bbox 446 803 506 879; x_wconf 87' lang='lat' dir='ltr'><strong><em>Qui</em></strong></span> <span class='ocrx_word' id='word_1_26' title='bbox 520 809 638 864; x_wconf 82' lang='lat' dir='ltr'><strong><em>terrant</em></strong></span> <span class='ocrx_word' id='word_1_27' title='bbox 653 802 790 877; x_wconf 88' lang='lat' dir='ltr'><strong><em>inertem,</em></strong></span> <span class='ocrx_word' id='word_1_28' title='bbox 809 802 862 882; x_wconf 89' lang='lat' dir='ltr'><strong><em>qui</em></strong></span> <span class='ocrx_word' id='word_1_29' title='bbox 875 817 962 862; x_wconf 88' lang='lat' dir='ltr'><strong><em>more</em></strong></span> <span class='ocrx_word' id='word_1_30' title='bbox 977 805 1123 880; x_wconf 85' lang='lat' dir='ltr'><strong><em>temperat</em></strong></span> <span class='ocrx_word' id='word_1_31' title='bbox 1145 799 1313 874; x_wconf 79' lang='lat' dir='ltr'><strong><em>Veratosum,</em></strong></span> <span class='ocrx_word' id='word_1_32' title='bbox 1338 803 1367 858; x_wconf 88' lang='lat' dir='ltr'><strong><em>et</em></strong></span> <span class='ocrx_word' id='word_1_33' title='bbox 1379 793 1496 856; x_wconf 85' lang='lat' dir='ltr'><strong><em>umbras</em></strong></span> 
     </span>
     <span class='ocr_line' id='line_1_5' title="bbox 309 899 1497 991; baseline -0.008 -22"><span class='ocrx_word' id='word_1_34' title='bbox 309 925 462 991; x_wconf 81' lang='lat' dir='ltr'><strong><em>reqnaque</em></strong></span> <span class='ocrx_word' id='word_1_35' title='bbox 491 907 594 968; x_wconf 87' lang='lat' dir='ltr'><strong><em>tristia</em></strong></span> <span class='ocrx_word' id='word_1_36' title='bbox 615 906 766 987; x_wconf 78' lang='lat' dir='ltr'><strong><em>Divosque</em></strong></span> <span class='ocrx_word' id='word_1_37' title='bbox 794 903 995 984; x_wconf 76' lang='lat' dir='ltr'><strong><em>mortalesque</em></strong></span> <span class='ocrx_word' id='word_1_38' title='bbox 1024 901 1131 964; x_wconf 84' lang='lat' dir='ltr'><strong><em>turbas</em></strong></span> <span class='ocrx_word' id='word_1_39' title='bbox 1160 901 1291 983; x_wconf 80' lang='lat' dir='ltr'><strong><em>imperio</em></strong></span> <span class='ocrx_word' id='word_1_40' title='bbox 1321 899 1400 983; x_wconf 85' lang='lat' dir='ltr'><strong><em>reqit</em></strong></span> <span class='ocrx_word' id='word_1_41' title='bbox 1425 915 1497 961; x_wconf 86' lang='lat' dir='ltr'><strong><em>unus</em></strong></span> 
     </span>
     <span class='ocr_line' id='line_1_6' title="bbox 309 1001 1497 1094; baseline -0.008 -22"><span class='ocrx_word' id='word_1_42' title='bbox 309 1029 414 1094; x_wconf 90' lang='lat' dir='ltr'><strong><em>aequo.</em></strong></span> <span class='ocrx_word' id='word_1_43' title='bbox 447 1010 548 1071; x_wconf 92' lang='lat' dir='ltr'><strong><em>maior</em></strong></span> <span class='ocrx_word' id='word_1_44' title='bbox 562 1027 639 1091; x_wconf 89' lang='lat' dir='ltr'><strong><em>pars</em></strong></span> <span class='ocrx_word' id='word_1_45' title='bbox 654 1008 809 1071; x_wconf 89' lang='lat' dir='ltr'><strong><em>librarum</em></strong></span> <span class='ocrx_word' id='word_1_46' title='bbox 825 1015 958 1070; x_wconf 90' lang='lat' dir='ltr'><strong><em>turmam</em></strong></span> <span class='ocrx_word' id='word_1_47' title='bbox 974 1002 1069 1068; x_wconf 86' lang='lat' dir='ltr'><strong><em>habat</em></strong></span> <span class='ocrx_word' id='word_1_48' title='bbox 1085 1015 1116 1068; x_wconf 90' lang='lat' dir='ltr'><strong><em>et</em></strong></span> <span class='ocrx_word' id='word_1_49' title='bbox 1131 1023 1204 1067; x_wconf 83' lang='lat' dir='ltr'><strong><em>mox</em></strong></span> <span class='ocrx_word' id='word_1_50' title='bbox 1220 1011 1350 1082; x_wconf 82' lang='lat' dir='ltr'><strong><em>lumtas,</em></strong></span> <span class='ocrx_word' id='word_1_51' title='bbox 1375 1001 1497 1065; x_wconf 89' lang='lat' dir='ltr'><strong><em>eadem-</em></strong></span> 
     </span>
     <span class='ocr_line' id='line_1_7' title="bbox 309 1107 1497 1195; baseline -0.008 -19"><span class='ocrx_word' id='word_1_52' title='bbox 309 1132 372 1195; x_wconf 90' lang='lat' dir='ltr'><strong><em>que</em></strong></span> <span class='ocrx_word' id='word_1_53' title='bbox 389 1111 542 1175; x_wconf 86' lang='lat' dir='ltr'><strong><em>vocabula</em></strong></span> <span class='ocrx_word' id='word_1_54' title='bbox 565 1112 597 1174; x_wconf 90' lang='lat' dir='ltr'><strong><em>in</em></strong></span> <span class='ocrx_word' id='word_1_55' title='bbox 614 1111 832 1174; x_wconf 86' lang='lat' dir='ltr'><strong><em>Blandiniauis</em></strong></span> <span class='ocrx_word' id='word_1_56' title='bbox 854 1111 972 1191; x_wconf 88' lang='lat' dir='ltr'><strong><em>scripta</em></strong></span> <span class='ocrx_word' id='word_1_57' title='bbox 996 1107 1093 1172; x_wconf 85' lang='lat' dir='ltr'><strong><em>luisse</em></strong></span> <span class='ocrx_word' id='word_1_58' title='bbox 1116 1127 1157 1170; x_wconf 83' lang='lat' dir='ltr'><strong><em>ex</em></strong></span> <span class='ocrx_word' id='word_1_59' title='bbox 1180 1109 1227 1172; x_wconf 87' lang='lat' dir='ltr'><strong><em>eis</em></strong></span> <span class='ocrx_word' id='word_1_60' title='bbox 1249 1107 1410 1187; x_wconf 80' lang='lat' dir='ltr'><strong><em>colligitur</em></strong></span> <span class='ocrx_word' id='word_1_61' title='bbox 1424 1125 1497 1187; x_wconf 88' lang='lat' dir='ltr'><strong><em>quae</em></strong></span> 
     </span>
     <span class='ocr_line' id='line_1_8' title="bbox 310 1209 1499 1298; baseline -0.008 -18"><span class='ocrx_word' id='word_1_62' title='bbox 310 1217 471 1298; x_wconf 85' lang='lat' dir='ltr'><strong><em>Gruquius</em></strong></span> <span class='ocrx_word' id='word_1_63' title='bbox 492 1215 533 1278; x_wconf 89' lang='lat' dir='ltr'><strong><em>ad</em></strong></span> <span class='ocrx_word' id='word_1_64' title='bbox 563 1223 683 1279; x_wconf 89' lang='lat' dir='ltr'><strong><em>turmas</em></strong></span> <span class='ocrx_word' id='word_1_65' title='bbox 707 1213 888 1295; x_wconf 79' lang='lat' dir='ltr'><strong>adscripsit,</strong></span> <span class='ocrx_word' id='word_1_66' title='bbox 920 1215 1015 1276; x_wconf 88' lang='lat' dir='ltr'><strong><em>‘unus</em></strong></span> <span class='ocrx_word' id='word_1_67' title='bbox 1036 1210 1106 1274; x_wconf 91' lang='lat' dir='ltr'><strong><em>cod.</em></strong></span> <span class='ocrx_word' id='word_1_68' title='bbox 1132 1213 1221 1274; x_wconf 84' lang='lat' dir='ltr'><strong><em>biart.</em></strong></span> <span class='ocrx_word' id='word_1_69' title='bbox 1247 1211 1298 1272; x_wconf 89' lang='lat' dir='ltr'><strong><em>hic</em></strong></span> <span class='ocrx_word' id='word_1_70' title='bbox 1321 1209 1418 1272; x_wconf 88' lang='lat' dir='ltr'><strong><em>habet</em></strong></span> <span class='ocrx_word' id='word_1_71' title='bbox 1438 1217 1499 1272; x_wconf 82' lang='lat' dir='ltr'><strong><em>lttr-</em></strong></span> 
     </span>
     <span class='ocr_line' id='line_1_9' title="bbox 309 1313 1497 1401; baseline -0.008 -19"><span class='ocrx_word' id='word_1_72' title='bbox 309 1319 375 1397; x_wconf 91' lang='lat' dir='ltr'><strong><em>bas,</em></strong></span> <span class='ocrx_word' id='word_1_73' title='bbox 400 1329 435 1382; x_wconf 91' lang='lat' dir='ltr'><strong><em>nt</em></strong></span> <span class='ocrx_word' id='word_1_74' title='bbox 458 1337 554 1401; x_wconf 90' lang='lat' dir='ltr'><strong><em>supra</em></strong></span> <span class='ocrx_word' id='word_1_75' title='bbox 576 1320 795 1399; x_wconf 83' lang='lat' dir='ltr'><strong><em>imntonemque</em></strong></span> <span class='ocrx_word' id='word_1_76' title='bbox 818 1316 950 1397; x_wconf 89' lang='lat' dir='ltr'><strong><em>turbam,</em></strong></span> <span class='ocrx_word' id='word_1_77' title='bbox 977 1334 1039 1379; x_wconf 93' lang='lat' dir='ltr'><strong><em>non</em></strong></span> <span class='ocrx_word' id='word_1_78' title='bbox 1063 1315 1221 1378; x_wconf 89' lang='lat' dir='ltr'><strong><em>turmam.&#39;</em></strong></span> <span class='ocrx_word' id='word_1_79' title='bbox 1250 1315 1425 1392; x_wconf 86' lang='lat' dir='ltr'><strong><em>Bentleius,</em></strong></span> <span class='ocrx_word' id='word_1_80' title='bbox 1449 1313 1497 1392; x_wconf 90' lang='lat' dir='ltr'><strong><em>qui</em></strong></span> 
     </span>
     <span class='ocr_line' id='line_1_10' title="bbox 309 1417 1500 1503; baseline -0.008 -17"><span class='ocrx_word' id='word_1_81' title='bbox 309 1431 442 1486; x_wconf 88' lang='lat' dir='ltr'><strong><em>turmam</em></strong></span> <span class='ocrx_word' id='word_1_82' title='bbox 470 1431 502 1484; x_wconf 91' lang='lat' dir='ltr'><strong><em>et</em></strong></span> <span class='ocrx_word' id='word_1_83' title='bbox 524 1420 630 1486; x_wconf 78' lang='lat' dir='ltr'><strong><em>turbas</em></strong></span> <span class='ocrx_word' id='word_1_84' title='bbox 660 1423 806 1503; x_wconf 75' lang='lat' dir='ltr'><strong><em>scripsit,</em></strong></span> <span class='ocrx_word' id='word_1_85' title='bbox 840 1420 956 1483; x_wconf 91' lang='lat' dir='ltr'><strong><em>iudicio</em></strong></span> <span class='ocrx_word' id='word_1_86' title='bbox 987 1419 1038 1481; x_wconf 91' lang='lat' dir='ltr'><strong><em>hic</em></strong></span> <span class='ocrx_word' id='word_1_87' title='bbox 1060 1417 1191 1500; x_wconf 88' lang='lat' dir='ltr'><strong><em>quidem</em></strong></span> <span class='ocrx_word' id='word_1_88' title='bbox 1222 1435 1300 1480; x_wconf 86' lang='lat' dir='ltr'><strong><em>usus</em></strong></span> <span class='ocrx_word' id='word_1_89' title='bbox 1329 1426 1379 1480; x_wconf 89' lang='lat' dir='ltr'><strong><em>est</em></strong></span> <span class='ocrx_word' id='word_1_90' title='bbox 1402 1417 1500 1478; x_wconf 90' lang='lat' dir='ltr'><strong><em>minus</em></strong></span> 
     </span>
     <span class='ocr_line' id='line_1_11' title="bbox 309 1520 1500 1608; baseline -0.008 -19"><span class='ocrx_word' id='word_1_91' title='bbox 309 1525 431 1591; x_wconf 91' lang='lat' dir='ltr'><strong><em>subtili.</em></strong></span> <span class='ocrx_word' id='word_1_92' title='bbox 481 1525 598 1588; x_wconf 85' lang='lat' dir='ltr'><strong><em>‘editio&#39;</em></strong></span> <span class='ocrx_word' id='word_1_93' title='bbox 623 1526 728 1608; x_wconf 88' lang='lat' dir='ltr'><strong><em>inquit</em></strong></span> <span class='ocrx_word' id='word_1_94' title='bbox 754 1525 885 1586; x_wconf 83' lang='lat' dir='ltr'><strong><em>‘Veneta</em></strong></span> <span class='ocrx_word' id='word_1_95' title='bbox 907 1523 1048 1586; x_wconf 89' lang='lat' dir='ltr'><strong><em>omnium</em></strong></span> <span class='ocrx_word' id='word_1_96' title='bbox 1071 1522 1223 1603; x_wconf 89' lang='lat' dir='ltr'><strong><em>princeps</em></strong></span> <span class='ocrx_word' id='word_1_97' title='bbox 1245 1528 1382 1598; x_wconf 75' lang='lat' dir='ltr'><strong><em>mamas,</em></strong></span> <span class='ocrx_word' id='word_1_98' title='bbox 1409 1529 1439 1582; x_wconf 88' lang='lat' dir='ltr'><strong><em>ct</em></strong></span> <span class='ocrx_word' id='word_1_99' title='bbox 1459 1520 1500 1581; x_wconf 91' lang='lat' dir='ltr'><strong><em>sic</em></strong></span> 
     </span>
     <span class='ocr_line' id='line_1_12' title="bbox 311 1623 1499 1711; baseline -0.008 -19"><span class='ocrx_word' id='word_1_100' title='bbox 311 1631 409 1692; x_wconf 88' lang='lat' dir='ltr'><strong><em>maior</em></strong></span> <span class='ocrx_word' id='word_1_101' title='bbox 431 1646 506 1711; x_wconf 89' lang='lat' dir='ltr'><strong><em>pars</em></strong></span> <span class='ocrx_word' id='word_1_102' title='bbox 529 1626 691 1690; x_wconf 91' lang='lat' dir='ltr'><strong><em>codicum:</em></strong></span> <span class='ocrx_word' id='word_1_103' title='bbox 717 1638 749 1690; x_wconf 92' lang='lat' dir='ltr'><strong><em>at</em></strong></span> <span class='ocrx_word' id='word_1_104' title='bbox 771 1627 946 1690; x_wconf 87' lang='lat' dir='ltr'><strong><em>Loschcrus</em></strong></span> <span class='ocrx_word' id='word_1_105' title='bbox 968 1625 1087 1704; x_wconf 80' lang='lat' dir='ltr'><strong><em>turbas,</em></strong></span> <span class='ocrx_word' id='word_1_106' title='bbox 1113 1643 1185 1687; x_wconf 90' lang='lat' dir='ltr'><strong><em>cum</em></strong></span> <span class='ocrx_word' id='word_1_107' title='bbox 1201 1623 1377 1686; x_wconf 89' lang='lat' dir='ltr'><strong><em>Batteliaao</em></strong></span> <span class='ocrx_word' id='word_1_108' title='bbox 1400 1633 1499 1686; x_wconf 68' lang='lat' dir='ltr'><strong><em>naara</em></strong></span> 
     </span>
     <span class='ocr_line' id='line_1_13' title="bbox 310 1729 1499 1811; baseline -0.008 -15"><span class='ocrx_word' id='word_1_109' title='bbox 310 1744 342 1796; x_wconf 90' lang='lat' dir='ltr'><strong><em>et</em></strong></span> <span class='ocrx_word' id='word_1_110' title='bbox 365 1732 518 1795; x_wconf 85' lang='lat' dir='ltr'><strong><em>Patrensi.</em></strong></span> <span class='ocrx_word' id='word_1_111' title='bbox 560 1739 657 1793; x_wconf 87' lang='lat' dir='ltr'><strong><em>recte.</em></strong></span> <span class='ocrx_word' id='word_1_112' title='bbox 697 1749 769 1793; x_wconf 90' lang='lat' dir='ltr'><strong><em>nam</em></strong></span> <span class='ocrx_word' id='word_1_113' title='bbox 795 1732 854 1792; x_wconf 91' lang='lat' dir='ltr'><strong><em>iam</em></strong></span> <span class='ocrx_word' id='word_1_114' title='bbox 879 1738 1097 1811; x_wconf 86' lang='lat' dir='ltr'><strong><em>praecesserat</em></strong></span> <span class='ocrx_word' id='word_1_115' title='bbox 1120 1729 1337 1808; x_wconf 85' lang='lat' dir='ltr'><strong><em>immanemque</em></strong></span> <span class='ocrx_word' id='word_1_116' title='bbox 1359 1739 1499 1800; x_wconf 75' lang='lat' dir='ltr'><strong><em>turnum,</em></strong></span> 
     </span>
     <span class='ocr_line' id='line_1_14' title="bbox 310 1821 1583 1918; baseline -0.009 -18"><span class='ocrx_word' id='word_1_117' title='bbox 310 1857 416 1918; x_wconf 84' lang='lat' dir='ltr'><strong><em>neque</em></strong></span> <span class='ocrx_word' id='word_1_118' title='bbox 444 1855 481 1898; x_wconf 88' lang='lat' dir='ltr'><strong><em>ea</em></strong></span> <span class='ocrx_word' id='word_1_119' title='bbox 513 1854 573 1896; x_wconf 83' lang='lat' dir='ltr'><strong><em>vox</em></strong></span> <span class='ocrx_word' id='word_1_120' title='bbox 602 1833 653 1896; x_wconf 91' lang='lat' dir='ltr'><strong><em>bis</em></strong></span> <span class='ocrx_word' id='word_1_121' title='bbox 683 1834 834 1896; x_wconf 89' lang='lat' dir='ltr'><strong><em>inculcari</em></strong></span> <span class='ocrx_word' id='word_1_122' title='bbox 858 1832 966 1896; x_wconf 88' lang='lat' dir='ltr'><strong><em>debet.</em></strong></span> <span class='ocrx_word' id='word_1_123' title='bbox 1013 1851 1126 1896; x_wconf 84' lang='lat' dir='ltr'><strong><em>verum</em></strong></span> <span class='ocrx_word' id='word_1_124' title='bbox 1155 1829 1200 1892; x_wconf 91' lang='lat' dir='ltr'><strong><em>ibi</em></strong></span> <span class='ocrx_word' id='word_1_125' title='bbox 1224 1849 1353 1912; x_wconf 87' lang='lat' dir='ltr'><strong><em>quoque</em></strong></span> <span class='ocrx_word' id='word_1_126' title='bbox 1384 1829 1502 1892; x_wconf 86' lang='lat' dir='ltr'><strong><em>codices</em></strong></span> <span class='ocrx_word' id='word_1_127' title='bbox 1582 1821 1583 1830; x_wconf 71' lang='grc'>’</span> 
     </span>
     <span class='ocr_line' id='line_1_15' title="bbox 309 1931 1502 2020; baseline -0.008 -18"><span class='ocrx_word' id='word_1_128' title='bbox 309 1940 430 2020; x_wconf 89' lang='lat' dir='ltr'><strong><em>aliquot</em></strong></span> <span class='ocrx_word' id='word_1_129' title='bbox 452 1939 670 2019; x_wconf 82' lang='lat' dir='ltr'><strong><em>immanemque</em></strong></span> <span class='ocrx_word' id='word_1_130' title='bbox 692 1935 824 2012; x_wconf 88' lang='lat' dir='ltr'><strong><em>turbam,</em></strong></span> <span class='ocrx_word' id='word_1_131' title='bbox 850 1954 913 1999; x_wconf 92' lang='lat' dir='ltr'><strong><em>non</em></strong></span> <span class='ocrx_word' id='word_1_132' title='bbox 937 1944 1081 1999; x_wconf 87' lang='lat' dir='ltr'><strong><em>turmam.</em></strong></span> <span class='ocrx_word' id='word_1_133' title='bbox 1128 1935 1281 1997; x_wconf 90' lang='lat' dir='ltr'><strong><em>nimirum</em></strong></span> <span class='ocrx_word' id='word_1_134' title='bbox 1305 1931 1363 1994; x_wconf 89' lang='lat' dir='ltr'><strong><em>hoc</em></strong></span> <span class='ocrx_word' id='word_1_135' title='bbox 1386 1943 1502 1996; x_wconf 88' lang='lat' dir='ltr'><strong><em>certum</em></strong></span> 
     </span>
     <span class='ocr_line' id='line_1_16' title="bbox 310 2035 1583 2124; baseline -0.009 -17"><span class='ocrx_word' id='word_1_136' title='bbox 310 2055 377 2124; x_wconf 85' lang='lat' dir='ltr'><strong><em>cst,</em></strong></span> <span class='ocrx_word' id='word_1_137' title='bbox 402 2051 457 2106; x_wconf 90' lang='lat' dir='ltr'><strong><em>aut</em></strong></span> <span class='ocrx_word' id='word_1_138' title='bbox 479 2041 524 2103; x_wconf 92' lang='lat' dir='ltr'><strong><em>ibi</em></strong></span> <span class='ocrx_word' id='word_1_139' title='bbox 549 2061 618 2103; x_wconf 88' lang='lat' dir='ltr'><strong><em>esse</em></strong></span> <span class='ocrx_word' id='word_1_140' title='bbox 642 2039 812 2122; x_wconf 83' lang='lat' dir='ltr'><strong><em>legandum</em></strong></span> <span class='ocrx_word' id='word_1_141' title='bbox 835 2041 1053 2120; x_wconf 86' lang='lat' dir='ltr'><strong><em>immanemque</em></strong></span> <span class='ocrx_word' id='word_1_142' title='bbox 1076 2035 1197 2102; x_wconf 86' lang='lat' dir='ltr'><strong><em>turbam</em></strong></span> <span class='ocrx_word' id='word_1_143' title='bbox 1219 2049 1250 2099; x_wconf 89' lang='lat' dir='ltr'><strong><em>ct</em></strong></span> <span class='ocrx_word' id='word_1_144' title='bbox 1274 2037 1325 2099; x_wconf 87' lang='lat' dir='ltr'><strong><em>hic</em></strong></span> <span class='ocrx_word' id='word_1_145' title='bbox 1347 2036 1504 2100; x_wconf 85' lang='lat' dir='ltr'><strong><em>mortales-</em></strong></span> <span class='ocrx_word' id='word_1_146' title='bbox 1582 2101 1583 2104; x_wconf 49' lang='lat'><strong><em>,</em></strong></span> 
     </span>
     <span class='ocr_line' id='line_1_17' title="bbox 309 2141 1503 2230; baseline -0.008 -20"><span class='ocrx_word' id='word_1_147' title='bbox 309 2166 366 2230; x_wconf 87' lang='lat' dir='ltr'><strong><em>que</em></strong></span> <span class='ocrx_word' id='word_1_148' title='bbox 388 2154 518 2222; x_wconf 71' lang='lat' dir='ltr'><strong><em>munos,</em></strong></span> <span class='ocrx_word' id='word_1_149' title='bbox 544 2155 597 2206; x_wconf 88' lang='lat' dir='ltr'><strong><em>aut</em></strong></span> <span class='ocrx_word' id='word_1_150' title='bbox 623 2143 667 2205; x_wconf 90' lang='lat' dir='ltr'><strong><em>ibi</em></strong></span> <span class='ocrx_word' id='word_1_151' title='bbox 691 2151 823 2206; x_wconf 88' lang='lat' dir='ltr'><strong><em>turmam</em></strong></span> <span class='ocrx_word' id='word_1_152' title='bbox 846 2153 878 2206; x_wconf 88' lang='lat' dir='ltr'><strong><em>et</em></strong></span> <span class='ocrx_word' id='word_1_153' title='bbox 901 2143 952 2204; x_wconf 89' lang='lat' dir='ltr'><strong><em>hie</em></strong></span> <span class='ocrx_word' id='word_1_154' title='bbox 975 2141 1082 2205; x_wconf 89' lang='lat' dir='ltr'><strong><em>turbas</em></strong></span> <span class='ocrx_word' id='word_1_155' title='bbox 1105 2143 1179 2223; x_wconf 88' lang='lat' dir='ltr'><strong><em>poni</em></strong></span> <span class='ocrx_word' id='word_1_156' title='bbox 1202 2149 1361 2223; x_wconf 86' lang='lat' dir='ltr'><strong><em>oportere.</em></strong></span> <span class='ocrx_word' id='word_1_157' title='bbox 1403 2159 1503 2222; x_wconf 88' lang='lat' dir='ltr'><strong><em>neque</em></strong></span> 
     </span>
     <span class='ocr_line' id='line_1_18' title="bbox 311 2245 1505 2327; baseline -0.007 -15"><span class='ocrx_word' id='word_1_158' title='bbox 311 2251 410 2314; x_wconf 94' lang='lat' dir='ltr'><strong><em>hilum</em></strong></span> <span class='ocrx_word' id='word_1_159' title='bbox 425 2249 492 2312; x_wconf 85' lang='lat' dir='ltr'><strong><em>iere</em></strong></span> <span class='ocrx_word' id='word_1_160' title='bbox 516 2247 672 2310; x_wconf 88' lang='lat' dir='ltr'><strong><em>interest.’</em></strong></span> <span class='ocrx_word' id='word_1_161' title='bbox 711 2265 868 2327; x_wconf 82' lang='lat' dir='ltr'><strong><em>quaerere</em></strong></span> <span class='ocrx_word' id='word_1_162' title='bbox 891 2247 996 2327; x_wconf 90' lang='lat' dir='ltr'><strong><em>potius</em></strong></span> <span class='ocrx_word' id='word_1_163' title='bbox 1012 2245 1151 2308; x_wconf 89' lang='lat' dir='ltr'><strong><em>debebat</em></strong></span> <span class='ocrx_word' id='word_1_164' title='bbox 1173 2264 1249 2308; x_wconf 92' lang='lat' dir='ltr'><strong><em>num</em></strong></span> <span class='ocrx_word' id='word_1_165' title='bbox 1272 2245 1419 2308; x_wconf 79' lang='lat' dir='ltr'><strong><em>mortales</em></strong></span> <span class='ocrx_word' id='word_1_166' title='bbox 1441 2253 1505 2307; x_wconf 87' lang='lat' dir='ltr'><strong><em>lur-</em></strong></span> 
     </span>
     <span class='ocr_line' id='line_1_19' title="bbox 311 2348 1503 2431; baseline -0.008 -14"><span class='ocrx_word' id='word_1_167' title='bbox 311 2373 379 2417; x_wconf 86' lang='lat' dir='ltr'><strong><em>mas</em></strong></span> <span class='ocrx_word' id='word_1_168' title='bbox 394 2353 541 2415; x_wconf 83' lang='lat' dir='ltr'><strong><em>Horatius</em></strong></span> <span class='ocrx_word' id='word_1_169' title='bbox 557 2350 664 2414; x_wconf 90' lang='lat' dir='ltr'><strong><em>dioere</em></strong></span> <span class='ocrx_word' id='word_1_170' title='bbox 680 2351 808 2412; x_wconf 92' lang='lat' dir='ltr'><strong><em>omnino</em></strong></span> <span class='ocrx_word' id='word_1_171' title='bbox 824 2351 974 2431; x_wconf 86' lang='lat' dir='ltr'><strong><em>potuerit.</em></strong></span> <span class='ocrx_word' id='word_1_172' title='bbox 1007 2348 1137 2412; x_wconf 84' lang='lat' dir='ltr'><strong><em>videtur</em></strong></span> <span class='ocrx_word' id='word_1_173' title='bbox 1151 2359 1258 2412; x_wconf 90' lang='lat' dir='ltr'><strong><em>aulem</em></strong></span> <span class='ocrx_word' id='word_1_174' title='bbox 1273 2367 1337 2411; x_wconf 90' lang='lat' dir='ltr'><strong><em>nou</em></strong></span> <span class='ocrx_word' id='word_1_175' title='bbox 1354 2350 1503 2430; x_wconf 89' lang='lat' dir='ltr'><strong><em>potuisse.</em></strong></span> 
     </span>
     <span class='ocr_line' id='line_1_20' title="bbox 309 2447 1502 2542; baseline -0.006 -23"><span class='ocrx_word' id='word_1_176' title='bbox 309 2476 382 2519; x_wconf 91' lang='lat' dir='ltr'><strong><em>nam</em></strong></span> <span class='ocrx_word' id='word_1_177' title='bbox 416 2457 499 2542; x_wconf 77' lang='grc' dir='ltr'>φῦλα</span> <span class='ocrx_word' id='word_1_178' title='bbox 532 2447 700 2539; x_wconf 78' lang='grc' dir='ltr'><strong>ἀνθρώπων</strong></span> <span class='ocrx_word' id='word_1_179' title='bbox 736 2453 864 2514; x_wconf 88' lang='lat' dir='ltr'><strong><em>militari</em></strong></span> <span class='ocrx_word' id='word_1_180' title='bbox 894 2449 1045 2515; x_wconf 86' lang='lat' dir='ltr'><strong><em>vocabulo</em></strong></span> <span class='ocrx_word' id='word_1_181' title='bbox 1075 2471 1139 2514; x_wconf 91' lang='lat' dir='ltr'><strong><em>non</em></strong></span> <span class='ocrx_word' id='word_1_182' title='bbox 1168 2462 1242 2534; x_wconf 87' lang='lat' dir='ltr'><strong><em>apte</em></strong></span> <span class='ocrx_word' id='word_1_183' title='bbox 1273 2451 1502 2532; x_wconf 77' lang='lat' dir='ltr'><strong><em>significantur,</em></strong></span> 
     </span>
     <span class='ocr_line' id='line_1_21' title="bbox 288 2545 1507 2638; baseline -0.009 -12"><span class='ocrx_word' id='word_1_184' title='bbox 288 2561 489 2626; x_wconf 80' lang='lat' dir='ltr'><strong><em>erectissime</em></strong></span> <span class='ocrx_word' id='word_1_185' title='bbox 512 2568 617 2622; x_wconf 87' lang='lat' dir='ltr'><strong><em>autem</em></strong></span> <span class='ocrx_word' id='word_1_186' title='bbox 642 2545 785 2638; x_wconf 84' lang='lat' dir='ltr'><strong><em>sim&#39;plici</em></strong></span> <span class='ocrx_word' id='word_1_187' title='bbox 808 2555 1024 2620; x_wconf 78' lang='lat' dir='ltr'><strong><em>multitudinis</em></strong></span> <span class='ocrx_word' id='word_1_188' title='bbox 1046 2554 1210 2635; x_wconf 90' lang='lat' dir='ltr'><strong><em>vocabulo,</em></strong></span> <span class='ocrx_word' id='word_1_189' title='bbox 1235 2556 1322 2638; x_wconf 92' lang='lat' dir='ltr'><strong><em>quali</em></strong></span> <span class='ocrx_word' id='word_1_190' title='bbox 1338 2556 1507 2620; x_wconf 77' lang='lat' dir='ltr'><strong><em>Deucalion</em></strong></span> 
     </span>
     <span class='ocr_line' id='line_1_22' title="bbox 311 2659 1507 2743; baseline -0.004 -18"><span class='ocrx_word' id='word_1_191' title='bbox 311 2662 417 2725; x_wconf 91' lang='lat' dir='ltr'><strong><em>Ovidii</em></strong></span> <span class='ocrx_word' id='word_1_192' title='bbox 440 2663 542 2726; x_wconf 88' lang='lat' dir='ltr'><strong><em>utitur</em></strong></span> <span class='ocrx_word' id='word_1_193' title='bbox 570 2681 640 2724; x_wconf 89' lang='lat' dir='ltr'><strong><em>cum</em></strong></span> <span class='ocrx_word' id='word_1_194' title='bbox 665 2661 816 2742; x_wconf 79' lang='lat' dir='ltr'><strong><em>Pyrrham</em></strong></span> <span class='ocrx_word' id='word_1_195' title='bbox 844 2659 890 2720; x_wconf 89' lang='lat' dir='ltr'><strong><em>sic</em></strong></span> <span class='ocrx_word' id='word_1_196' title='bbox 912 2660 1095 2741; x_wconf 89' lang='lat' dir='ltr'><strong><em>adloquitur</em></strong></span> <span class='ocrx_word' id='word_1_197' title='bbox 1121 2659 1207 2743; x_wconf 82' lang='lat' dir='ltr'><strong><em>(met.</em></strong></span> <span class='ocrx_word' id='word_1_198' title='bbox 1231 2677 1241 2720; x_wconf 96' lang='grc' dir='ltr'>ι</span> <span class='ocrx_word' id='word_1_199' title='bbox 1265 2659 1360 2743; x_wconf 78' lang='lat' dir='ltr'><strong><em>att),</em></strong></span> <span class='ocrx_word' id='word_1_200' title='bbox 1397 2663 1507 2722; x_wconf 85' lang='lat' dir='ltr'><strong><em>Terra-</em></strong></span> 
     </span>
     <span class='ocr_line' id='line_1_23' title="bbox 311 2762 1505 2848; baseline -0.006 -19"><span class='ocrx_word' id='word_1_201' title='bbox 311 2785 399 2845; x_wconf 90' lang='lat' dir='ltr'><strong><em>rum,</em></strong></span> <span class='ocrx_word' id='word_1_202' title='bbox 430 2783 632 2848; x_wconf 86' lang='lat' dir='ltr'><strong><em>quascumque</em></strong></span> <span class='ocrx_word' id='word_1_203' title='bbox 654 2762 757 2826; x_wconf 72' lang='lat' dir='ltr'><strong><em>arcent</em></strong></span> <span class='ocrx_word' id='word_1_204' title='bbox 778 2781 903 2826; x_wconf 79' lang='lat' dir='ltr'><strong><em>occasus</em></strong></span> <span class='ocrx_word' id='word_1_205' title='bbox 925 2771 954 2826; x_wconf 91' lang='lat' dir='ltr'><strong><em>et</em></strong></span> <span class='ocrx_word' id='word_1_206' title='bbox 975 2771 1076 2844; x_wconf 89' lang='lat' dir='ltr'><strong><em>ortus,</em></strong></span> <span class='ocrx_word' id='word_1_207' title='bbox 1109 2765 1171 2828; x_wconf 91' lang='lat' dir='ltr'><strong><em>Nos</em></strong></span> <span class='ocrx_word' id='word_1_208' title='bbox 1193 2764 1253 2826; x_wconf 89' lang='lat' dir='ltr'><strong><em>duo</em></strong></span> <span class='ocrx_word' id='word_1_209' title='bbox 1275 2762 1368 2826; x_wconf 86' lang='lat' dir='ltr'><strong><em>turbo</em></strong></span> <span class='ocrx_word' id='word_1_210' title='bbox 1390 2781 1505 2826; x_wconf 76' lang='lat' dir='ltr'><strong><em>memus.</em></strong></span> 
     </span>
     <span class='ocr_line' id='line_1_24' title="bbox 312 2864 1506 2949; baseline -0.008 -16"><span class='ocrx_word' id='word_1_211' title='bbox 312 2880 362 2933; x_wconf 86' lang='lat' dir='ltr'><strong><em>ast</em></strong></span> <span class='ocrx_word' id='word_1_212' title='bbox 390 2879 495 2933; x_wconf 89' lang='lat' dir='ltr'><strong><em>autem</em></strong></span> <span class='ocrx_word' id='word_1_213' title='bbox 526 2877 645 2932; x_wconf 88' lang='lat' dir='ltr'><strong><em>turmae</em></strong></span> <span class='ocrx_word' id='word_1_214' title='bbox 667 2865 854 2929; x_wconf 86' lang='lat' dir='ltr'><strong><em>vocabulum</em></strong></span> <span class='ocrx_word' id='word_1_215' title='bbox 884 2885 1014 2948; x_wconf 87' lang='lat' dir='ltr'><strong><em>semper</em></strong></span> <span class='ocrx_word' id='word_1_216' title='bbox 1041 2867 1197 2949; x_wconf 86' lang='lat' dir='ltr'><strong><em>militare,</em></strong></span> <span class='ocrx_word' id='word_1_217' title='bbox 1232 2867 1276 2928; x_wconf 91' lang='lat' dir='ltr'><strong><em>ibi</em></strong></span> <span class='ocrx_word' id='word_1_218' title='bbox 1300 2885 1432 2948; x_wconf 84' lang='lat' dir='ltr'><strong><em>quoquc</em></strong></span> <span class='ocrx_word' id='word_1_219' title='bbox 1454 2864 1506 2928; x_wconf 91' lang='lat' dir='ltr'><strong><em>ubi</em></strong></span> 
     </span>
     <span class='ocr_line' id='line_1_25' title="bbox 312 2970 1505 3055; baseline -0.007 -18"><span class='ocrx_word' id='word_1_220' title='bbox 312 2974 474 3055; x_wconf 77' lang='lat' dir='ltr'><strong><em>equitatus</em></strong></span> <span class='ocrx_word' id='word_1_221' title='bbox 496 2971 683 3053; x_wconf 80' lang='lat' dir='ltr'><strong><em>significatio</em></strong></span> <span class='ocrx_word' id='word_1_222' title='bbox 705 2971 871 3050; x_wconf 88' lang='lat' dir='ltr'><strong><em>omittitur,</em></strong></span> <span class='ocrx_word' id='word_1_223' title='bbox 898 2971 996 3033; x_wconf 85' lang='lat' dir='ltr'><strong><em>veluti</em></strong></span> <span class='ocrx_word' id='word_1_224' title='bbox 1019 2970 1105 3053; x_wconf 89' lang='lat' dir='ltr'><strong><em>apud</em></strong></span> <span class='ocrx_word' id='word_1_225' title='bbox 1128 2973 1309 3033; x_wconf 89' lang='lat' dir='ltr'><strong><em>Lucretium</em></strong></span> <span class='ocrx_word' id='word_1_226' title='bbox 1333 2988 1356 3031; x_wconf 91' lang='grc' dir='ltr'><strong><em>ιι</em></strong></span> <span class='ocrx_word' id='word_1_227' title='bbox 1382 2971 1444 3031; x_wconf 78' lang='lat' dir='ltr'><strong><em>llb</em></strong></span> <span class='ocrx_word' id='word_1_228' title='bbox 1462 2987 1505 3030; x_wconf 82' lang='lat' dir='ltr'><strong><em>rs.</em></strong></span> 
     </span>
     <span class='ocr_line' id='line_1_26' title="bbox 313 3073 1509 3156; baseline -0.005 -16"><span class='ocrx_word' id='word_1_229' title='bbox 313 3077 411 3140; x_wconf 81' lang='lat' dir='ltr'><strong><em>Multo</em></strong></span> <span class='ocrx_word' id='word_1_230' title='bbox 433 3078 550 3138; x_wconf 84' lang='lat' dir='ltr'><strong><em>mt&#39;nuta</em></strong></span> <span class='ocrx_word' id='word_1_231' title='bbox 571 3074 668 3137; x_wconf 90' lang='lat' dir='ltr'><strong><em>modis</em></strong></span> <span class='ocrx_word' id='word_1_232' title='bbox 691 3073 793 3136; x_wconf 89' lang='lat' dir='ltr'><strong><em>multis</em></strong></span> <span class='ocrx_word' id='word_1_233' title='bbox 812 3092 871 3156; x_wconf 84' lang='lat' dir='ltr'><strong><em>per</em></strong></span> <span class='ocrx_word' id='word_1_234' title='bbox 893 3075 985 3136; x_wconf 87' lang='lat' dir='ltr'><strong><em>inonr</em></strong></span> <span class='ocrx_word' id='word_1_235' title='bbox 1008 3073 1122 3138; x_wconf 88' lang='lat' dir='ltr'><strong><em>videbis</em></strong></span> <span class='ocrx_word' id='word_1_236' title='bbox 1140 3075 1278 3156; x_wconf 68' lang='lat' dir='ltr'><strong><em>Corpora</em></strong></span> <span class='ocrx_word' id='word_1_237' title='bbox 1295 3075 1430 3154; x_wconf 80' lang='lat' dir='ltr'><strong><em>misceri,</em></strong></span> <span class='ocrx_word' id='word_1_238' title='bbox 1456 3091 1509 3134; x_wconf 86' lang='lat' dir='ltr'><strong><em>ru·</em></strong></span> 
     </span>
     <span class='ocr_line' id='line_1_27' title="bbox 312 3177 1510 3261; baseline -0.004 -17"><span class='ocrx_word' id='word_1_239' title='bbox 312 3181 434 3244; x_wconf 72' lang='lat' dir='ltr'><strong><em>aarum</em></strong></span> <span class='ocrx_word' id='word_1_240' title='bbox 456 3179 569 3242; x_wconf 86' lang='lat' dir='ltr'><strong><em>lumino</em></strong></span> <span class='ocrx_word' id='word_1_241' title='bbox 591 3179 622 3240; x_wconf 85' lang='lat' dir='ltr'><strong><em>in</em></strong></span> <span class='ocrx_word' id='word_1_242' title='bbox 646 3179 728 3260; x_wconf 79' lang='lat' dir='ltr'><strong><em>ipso,</em></strong></span> <span class='ocrx_word' id='word_1_243' title='bbox 759 3179 797 3239; x_wconf 84' lang='lat' dir='ltr'><strong><em>Et</em></strong></span> <span class='ocrx_word' id='word_1_244' title='bbox 818 3178 901 3240; x_wconf 88' lang='lat' dir='ltr'><strong><em>velut</em></strong></span> <span class='ocrx_word' id='word_1_245' title='bbox 922 3185 1044 3240; x_wconf 78' lang='lat' dir='ltr'><strong><em>octeno</em></strong></span> <span class='ocrx_word' id='word_1_246' title='bbox 1067 3180 1231 3242; x_wconf 86' lang='lat' dir='ltr'><strong><em>certamine</em></strong></span> <span class='ocrx_word' id='word_1_247' title='bbox 1251 3177 1371 3261; x_wconf 84' lang='lat' dir='ltr'><strong><em>proelia</em></strong></span> <span class='ocrx_word' id='word_1_248' title='bbox 1391 3193 1510 3261; x_wconf 79' lang='lat' dir='ltr'><strong><em>paquas</em></strong></span> 
     </span>
     <span class='ocr_line' id='line_1_28' title="bbox 313 3281 1510 3363; baseline -0.005 -17"><span class='ocrx_word' id='word_1_249' title='bbox 313 3283 412 3346; x_wconf 82' lang='lat' dir='ltr'><strong><em>Edere</em></strong></span> <span class='ocrx_word' id='word_1_250' title='bbox 434 3283 590 3346; x_wconf 87' lang='lat' dir='ltr'><strong><em>turmatim</em></strong></span> <span class='ocrx_word' id='word_1_251' title='bbox 619 3281 770 3344; x_wconf 86' lang='lat' dir='ltr'><strong><em>certantia</em></strong></span> <span class='ocrx_word' id='word_1_252' title='bbox 791 3299 845 3344; x_wconf 87' lang='lat' dir='ltr'><strong><em>nec</em></strong></span> <span class='ocrx_word' id='word_1_253' title='bbox 867 3281 944 3344; x_wconf 90' lang='lat' dir='ltr'><strong><em>dare</em></strong></span> <span class='ocrx_word' id='word_1_254' title='bbox 968 3299 1119 3363; x_wconf 80' lang='lat' dir='ltr'><strong><em>pausam,</em></strong></span> <span class='ocrx_word' id='word_1_255' title='bbox 1155 3281 1297 3345; x_wconf 77' lang='lat' dir='ltr'><strong><em>Consiliis</em></strong></span> <span class='ocrx_word' id='word_1_256' title='bbox 1324 3288 1354 3344; x_wconf 85' lang='lat' dir='ltr'><strong><em>el</em></strong></span> <span class='ocrx_word' id='word_1_257' title='bbox 1374 3281 1510 3345; x_wconf 63' lang='lat' dir='ltr'><strong><em>ducidiis</em></strong></span> 
     </span>
     <span class='ocr_line' id='line_1_29' title="bbox 314 3383 1510 3466; baseline -0.004 -17"><span class='ocrx_word' id='word_1_258' title='bbox 314 3388 454 3449; x_wconf 76' lang='lat' dir='ltr'><strong><em>accercito</em></strong></span> <span class='ocrx_word' id='word_1_259' title='bbox 475 3384 601 3448; x_wconf 77' lang='lat' dir='ltr'><strong><em>crebris.</em></strong></span> <span class='ocrx_word' id='word_1_260' title='bbox 646 3401 708 3446; x_wconf 93' lang='lat' dir='ltr'><strong><em>non</em></strong></span> <span class='ocrx_word' id='word_1_261' title='bbox 732 3385 830 3465; x_wconf 80' lang='lat' dir='ltr'><strong><em>igitur</em></strong></span> <span class='ocrx_word' id='word_1_262' title='bbox 852 3383 972 3466; x_wconf 89' lang='lat' dir='ltr'><strong><em>pendet</em></strong></span> <span class='ocrx_word' id='word_1_263' title='bbox 995 3385 1026 3447; x_wconf 92' lang='lat' dir='ltr'><strong><em>in</em></strong></span> <span class='ocrx_word' id='word_1_264' title='bbox 1051 3385 1168 3447; x_wconf 86' lang='lat' dir='ltr'><strong><em>Horatii</em></strong></span> <span class='ocrx_word' id='word_1_265' title='bbox 1192 3386 1333 3448; x_wconf 87' lang='lat' dir='ltr'><strong><em>carmine</em></strong></span> <span class='ocrx_word' id='word_1_266' title='bbox 1358 3383 1510 3448; x_wconf 89' lang='lat' dir='ltr'><strong><em>iudicium</em></strong></span> 
     </span>
     <span class='ocr_line' id='line_1_30' title="bbox 315 3487 1511 3569; baseline -0.005 -17"><span class='ocrx_word' id='word_1_267' title='bbox 315 3487 528 3553; x_wconf 89' lang='lat' dir='ltr'><strong><em>evariaudae</em></strong></span> <span class='ocrx_word' id='word_1_268' title='bbox 558 3488 709 3551; x_wconf 88' lang='lat' dir='ltr'><strong><em>orationis</em></strong></span> <span class='ocrx_word' id='word_1_269' title='bbox 739 3488 912 3569; x_wconf 80' lang='lat' dir='ltr'><strong><em>elegantia,</em></strong></span> <span class='ocrx_word' id='word_1_270' title='bbox 946 3506 1041 3568; x_wconf 92' lang='lat' dir='ltr'><strong><em>quam</em></strong></span> <span class='ocrx_word' id='word_1_271' title='bbox 1072 3489 1260 3568; x_wconf 77' lang='lat' dir='ltr'><strong><em>elegantiam</em></strong></span> <span class='ocrx_word' id='word_1_272' title='bbox 1288 3489 1455 3551; x_wconf 89' lang='lat' dir='ltr'><strong><em>Bentleius</em></strong></span> <span class='ocrx_word' id='word_1_273' title='bbox 1483 3495 1511 3548; x_wconf 86' lang='lat' dir='ltr'><strong><em>et</em></strong></span> 
     </span>
     <span class='ocr_line' id='line_1_31' title="bbox 315 3591 1509 3668; baseline -0.005 -12"><span class='ocrx_word' id='word_1_274' title='bbox 315 3592 392 3656; x_wconf 91' lang='lat' dir='ltr'><strong><em>alibi</em></strong></span> <span class='ocrx_word' id='word_1_275' title='bbox 421 3601 452 3654; x_wconf 87' lang='lat' dir='ltr'><strong><em>et</em></strong></span> <span class='ocrx_word' id='word_1_276' title='bbox 476 3592 612 3653; x_wconf 82' lang='lat' dir='ltr'><strong><em>maxime</em></strong></span> <span class='ocrx_word' id='word_1_277' title='bbox 643 3591 675 3652; x_wconf 90' lang='lat' dir='ltr'><strong><em>in</em></strong></span> <span class='ocrx_word' id='word_1_278' title='bbox 700 3592 814 3653; x_wconf 87' lang='lat' dir='ltr'><strong><em>Lucani</em></strong></span> <span class='ocrx_word' id='word_1_279' title='bbox 839 3591 998 3653; x_wconf 86' lang='lat' dir='ltr'><strong><em>Pharsalia</em></strong></span> <span class='ocrx_word' id='word_1_280' title='bbox 1027 3591 1126 3654; x_wconf 90' lang='lat' dir='ltr'><strong><em>nimio</em></strong></span> <span class='ocrx_word' id='word_1_281' title='bbox 1155 3591 1261 3655; x_wconf 89' lang='lat' dir='ltr'><strong><em>studio</em></strong></span> <span class='ocrx_word' id='word_1_282' title='bbox 1289 3602 1432 3655; x_wconf 84' lang='lat' dir='ltr'><strong><em>sectatus</em></strong></span> <span class='ocrx_word' id='word_1_283' title='bbox 1455 3600 1509 3668; x_wconf 89' lang='lat' dir='ltr'><strong><em>est,</em></strong></span> 
     </span>
     <span class='ocr_line' id='line_1_32' title="bbox 315 3693 1512 3776; baseline -0.003 -18"><span class='ocrx_word' id='word_1_284' title='bbox 315 3695 372 3758; x_wconf 92' lang='lat' dir='ltr'><strong><em>sed</em></strong></span> <span class='ocrx_word' id='word_1_285' title='bbox 397 3715 436 3758; x_wconf 85' lang='lat' dir='ltr'><strong><em>ex</em></strong></span> <span class='ocrx_word' id='word_1_286' title='bbox 465 3694 694 3775; x_wconf 80' lang='lat' dir='ltr'><strong><em>significatione</em></strong></span> <span class='ocrx_word' id='word_1_287' title='bbox 726 3693 948 3758; x_wconf 79' lang='lat' dir='ltr'><strong><em>vocabulorum</em></strong></span> <span class='ocrx_word' id='word_1_288' title='bbox 977 3705 1123 3757; x_wconf 88' lang='lat' dir='ltr'><strong><em>accurate</em></strong></span> <span class='ocrx_word' id='word_1_289' title='bbox 1154 3693 1373 3776; x_wconf 82' lang='lat' dir='ltr'><strong><em>ponderanda.</em></strong></span> <span class='ocrx_word' id='word_1_290' title='bbox 1423 3694 1512 3758; x_wconf 90' lang='lat' dir='ltr'><strong><em>nobis</em></strong></span> 
     </span>
     <span class='ocr_line' id='line_1_33' title="bbox 316 3794 1512 3881; baseline 0.003 -21"><span class='ocrx_word' id='word_1_291' title='bbox 316 3798 462 3860; x_wconf 89' lang='lat' dir='ltr'><strong><em>Horatius</em></strong></span> <span class='ocrx_word' id='word_1_292' title='bbox 477 3796 606 3860; x_wconf 83' lang='lat' dir='ltr'><strong><em>videtur</em></strong></span> <span class='ocrx_word' id='word_1_293' title='bbox 621 3794 727 3859; x_wconf 86' lang='lat' dir='ltr'><strong><em>dicere</em></strong></span> <span class='ocrx_word' id='word_1_294' title='bbox 745 3795 894 3860; x_wconf 88' lang='lat' dir='ltr'><strong><em>debuisse</em></strong></span> <span class='ocrx_word' id='word_1_295' title='bbox 919 3798 1061 3860; x_wconf 88' lang='lat' dir='ltr'><strong><em>mortales</em></strong></span> <span class='ocrx_word' id='word_1_296' title='bbox 1084 3797 1201 3876; x_wconf 86' lang='lat' dir='ltr'><strong><em>turbas,</em></strong></span> <span class='ocrx_word' id='word_1_297' title='bbox 1227 3799 1368 3881; x_wconf 89' lang='lat' dir='ltr'><strong><em>potuisse</em></strong></span> <span class='ocrx_word' id='word_1_298' title='bbox 1389 3801 1512 3864; x_wconf 79' lang='lat' dir='ltr'><strong><em>Titanos</em></strong></span> 
     </span>
     <span class='ocr_line' id='line_1_34' title="bbox 317 3882 1512 3982; baseline -0.003 -17"><span class='ocrx_word' id='word_1_299' title='bbox 317 3882 526 3982; x_wconf 82' lang='lat' dir='ltr'><strong><em>iltmanemque</em></strong></span> <span class='ocrx_word' id='word_1_300' title='bbox 553 3899 674 3962; x_wconf 90' lang='lat' dir='ltr'><strong><em>turbam</em></strong></span> <span class='ocrx_word' id='word_1_301' title='bbox 697 3901 819 3962; x_wconf 89' lang='lat' dir='ltr'><strong><em>etiamsi</em></strong></span> <span class='ocrx_word' id='word_1_302' title='bbox 848 3910 918 3981; x_wconf 89' lang='lat' dir='ltr'><strong><em>post</em></strong></span> <span class='ocrx_word' id='word_1_303' title='bbox 940 3911 1005 3964; x_wconf 89' lang='lat' dir='ltr'><strong><em>tres</em></strong></span> <span class='ocrx_word' id='word_1_304' title='bbox 1028 3903 1201 3966; x_wconf 89' lang='lat' dir='ltr'><strong><em>versiculos</em></strong></span> <span class='ocrx_word' id='word_1_305' title='bbox 1225 3901 1335 3965; x_wconf 88' lang='lat' dir='ltr'><strong><em>endem</em></strong></span> <span class='ocrx_word' id='word_1_306' title='bbox 1359 3902 1512 3966; x_wconf 91' lang='lat' dir='ltr'><strong><em>vocabulo</em></strong></span> 
     </span>
     <span class='ocr_line' id='line_1_35' title="bbox 317 4003 1510 4084; baseline 0 -17"><span class='ocrx_word' id='word_1_307' title='bbox 317 4023 435 4067; x_wconf 88' lang='lat' dir='ltr'><strong><em>usurus</em></strong></span> <span class='ocrx_word' id='word_1_308' title='bbox 458 4014 543 4066; x_wconf 85' lang='lat' dir='ltr'><strong><em>erat:</em></strong></span> <span class='ocrx_word' id='word_1_309' title='bbox 569 4003 626 4065; x_wconf 89' lang='lat' dir='ltr'><strong><em>sed</em></strong></span> <span class='ocrx_word' id='word_1_310' title='bbox 651 4004 714 4065; x_wconf 89' lang='lat' dir='ltr'><strong><em>illic</em></strong></span> <span class='ocrx_word' id='word_1_311' title='bbox 737 4019 799 4064; x_wconf 91' lang='lat' dir='ltr'><strong><em>non</em></strong></span> <span class='ocrx_word' id='word_1_312' title='bbox 823 4023 976 4084; x_wconf 82' lang='lat' dir='ltr'><strong><em>negamus</em></strong></span> <span class='ocrx_word' id='word_1_313' title='bbox 998 4012 1131 4067; x_wconf 81' lang='lat' dir='ltr'><strong><em>ltrrmam</em></strong></span> <span class='ocrx_word' id='word_1_314' title='bbox 1151 4024 1264 4068; x_wconf 85' lang='lat' dir='ltr'><strong><em>verum</em></strong></span> <span class='ocrx_word' id='word_1_315' title='bbox 1287 4025 1373 4084; x_wconf 87' lang='lat' dir='ltr'><strong><em>essc;</em></strong></span> <span class='ocrx_word' id='word_1_316' title='bbox 1403 4006 1510 4070; x_wconf 87' lang='lat' dir='ltr'><strong><em>eodem</em></strong></span> 
     </span>
     <span class='ocr_line' id='line_1_36' title="bbox 319 4105 1512 4192; baseline -0.003 -21"><span class='ocrx_word' id='word_1_317' title='bbox 319 4110 403 4171; x_wconf 87' lang='lat' dir='ltr'><strong><em>enim</em></strong></span> <span class='ocrx_word' id='word_1_318' title='bbox 427 4107 529 4186; x_wconf 92' lang='lat' dir='ltr'><strong><em>modo,</em></strong></span> <span class='ocrx_word' id='word_1_319' title='bbox 555 4117 591 4171; x_wconf 91' lang='lat' dir='ltr'><strong><em>ut</em></strong></span> <span class='ocrx_word' id='word_1_320' title='bbox 613 4106 760 4170; x_wconf 87' lang='lat' dir='ltr'><strong><em>dilataret</em></strong></span> <span class='ocrx_word' id='word_1_321' title='bbox 776 4105 963 4169; x_wconf 84' lang='lat' dir='ltr'><strong><em>vocabulum</em></strong></span> <span class='ocrx_word' id='word_1_322' title='bbox 986 4126 1087 4189; x_wconf 87' lang='lat' dir='ltr'><strong><em>eoque</em></strong></span> <span class='ocrx_word' id='word_1_323' title='bbox 1111 4127 1174 4171; x_wconf 91' lang='lat' dir='ltr'><strong><em>nan</em></strong></span> <span class='ocrx_word' id='word_1_324' title='bbox 1197 4118 1260 4172; x_wconf 91' lang='lat' dir='ltr'><strong><em>tam</em></strong></span> <span class='ocrx_word' id='word_1_325' title='bbox 1284 4107 1325 4172; x_wconf 86' lang='lat' dir='ltr'><strong><em>de</em></strong></span> <span class='ocrx_word' id='word_1_326' title='bbox 1348 4109 1512 4192; x_wconf 88' lang='lat' dir='ltr'><strong><em>equitibus</em></strong></span> 
     </span>
     <span class='ocr_line' id='line_1_37' title="bbox 318 4207 1510 4294; baseline -0.003 -19"><span class='ocrx_word' id='word_1_327' title='bbox 318 4231 414 4294; x_wconf 93' lang='lat' dir='ltr'><strong><em>quam</em></strong></span> <span class='ocrx_word' id='word_1_328' title='bbox 438 4211 478 4274; x_wconf 91' lang='lat' dir='ltr'><strong><em>de</em></strong></span> <span class='ocrx_word' id='word_1_329' title='bbox 501 4212 644 4273; x_wconf 83' lang='lat' dir='ltr'><strong><em>exercitu</em></strong></span> <span class='ocrx_word' id='word_1_330' title='bbox 671 4210 849 4290; x_wconf 79' lang='lat' dir='ltr'><strong><em>bellicoque</em></strong></span> <span class='ocrx_word' id='word_1_331' title='bbox 872 4207 966 4273; x_wconf 90' lang='lat' dir='ltr'><strong><em>turba</em></strong></span> <span class='ocrx_word' id='word_1_332' title='bbox 987 4221 1150 4291; x_wconf 86' lang='lat' dir='ltr'><strong><em>uteretur,</em></strong></span> <span class='ocrx_word' id='word_1_333' title='bbox 1182 4211 1264 4276; x_wconf 82' lang='lat' dir='ltr'><strong><em>dixit</em></strong></span> <span class='ocrx_word' id='word_1_334' title='bbox 1286 4233 1387 4276; x_wconf 87' lang='lat' dir='ltr'><strong><em>carm.</em></strong></span> <span class='ocrx_word' id='word_1_335' title='bbox 1406 4233 1430 4277; x_wconf 98' lang='grc' dir='ltr'><strong><em>ιι</em></strong></span> <span class='ocrx_word' id='word_1_336' title='bbox 1455 4217 1470 4276; x_wconf 87' lang='lat' dir='ltr'><strong><em>l</em></strong></span> <span class='ocrx_word' id='word_1_337' title='bbox 1494 4217 1510 4272; x_wconf 84' lang='lat' dir='ltr'><strong><em>a</em></strong></span> 
     </span>
     <span class='ocr_line' id='line_1_38' title="bbox 319 4313 1512 4396; baseline -0.001 -18"><span class='ocrx_word' id='word_1_338' title='bbox 319 4313 482 4378; x_wconf 74' lang='lat' dir='ltr'><strong><em>barbarae</em></strong></span> <span class='ocrx_word' id='word_1_339' title='bbox 507 4321 668 4396; x_wconf 87' lang='lat' dir='ltr'><strong><em>postquam</em></strong></span> <span class='ocrx_word' id='word_1_340' title='bbox 696 4313 829 4376; x_wconf 65' lang='lat' dir='ltr'><strong><em>caudae</em></strong></span> <span class='ocrx_word' id='word_1_341' title='bbox 857 4321 977 4375; x_wconf 75' lang='lat' dir='ltr'><strong><em>mimae</em></strong></span> <span class='ocrx_word' id='word_1_342' title='bbox 1002 4313 1159 4378; x_wconf 85' lang='lat' dir='ltr'><strong><em>Tbesssalo</em></strong></span> <span class='ocrx_word' id='word_1_343' title='bbox 1187 4319 1301 4380; x_wconf 86' lang='lat' dir='ltr'><strong><em>victore</em></strong></span> <span class='ocrx_word' id='word_1_344' title='bbox 1329 4327 1361 4382; x_wconf 87' lang='lat' dir='ltr'><strong><em>et</em></strong></span> <span class='ocrx_word' id='word_1_345' title='bbox 1391 4319 1425 4379; x_wconf 91' lang='lat' dir='ltr'><strong><em>in</em></strong></span> <span class='ocrx_word' id='word_1_346' title='bbox 1449 4335 1512 4380; x_wconf 91' lang='lat' dir='ltr'><strong><em>car-</em></strong></span> 
     </span>
    </p>
   </div>
   <div class='ocr_carea' id='block_1_3' title="bbox 256 4407 1513 4601">
    <p class='ocr_par' dir='ltr' id='par_1_3' title="bbox 256 4407 1513 4601">
     <span class='ocr_line' id='line_1_39' title="bbox 256 4407 1513 4504; baseline 0 -23"><span class='ocrx_word' id='word_1_347' title='bbox 256 4437 258 4442; x_wconf 89' lang='lat'>·</span> <span class='ocrx_word' id='word_1_348' title='bbox 320 4421 406 4482; x_wconf 87' lang='lat' dir='ltr'><strong><em>mine</em></strong></span> <span class='ocrx_word' id='word_1_349' title='bbox 435 4418 588 4480; x_wconf 87' lang='lat' dir='ltr'><strong><em>saeculari</em></strong></span> <span class='ocrx_word' id='word_1_350' title='bbox 619 4437 649 4478; x_wconf 77' lang='lat' dir='ltr'><strong><em>v.</em></strong></span> <span class='ocrx_word' id='word_1_351' title='bbox 675 4417 715 4478; x_wconf 83' lang='lat'><strong><em>37</em></strong></span> <span class='ocrx_word' id='word_1_352' title='bbox 746 4419 840 4478; x_wconf 85' lang='lat' dir='ltr'><strong><em>Homo</em></strong></span> <span class='ocrx_word' id='word_1_353' title='bbox 868 4419 899 4479; x_wconf 88' lang='lat' dir='ltr'><strong><em>si</em></strong></span> <span class='ocrx_word' id='word_1_354' title='bbox 926 4425 1059 4479; x_wconf 84' lang='lat' dir='ltr'><strong><em>oesnum</em></strong></span> <span class='ocrx_word' id='word_1_355' title='bbox 1090 4427 1134 4481; x_wconf 86' lang='lat' dir='ltr'><strong><em>est</em></strong></span> <span class='ocrx_word' id='word_1_356' title='bbox 1162 4407 1238 4502; x_wconf 80' lang='lat' dir='ltr'><strong><em>opus</em></strong></span> <span class='ocrx_word' id='word_1_357' title='bbox 1268 4421 1405 4504; x_wconf 80' lang='lat' dir='ltr'><strong><em>illaeque</em></strong></span> <span class='ocrx_word' id='word_1_358' title='bbox 1433 4425 1513 4484; x_wconf 77' lang='lat' dir='ltr'><strong><em>litus</em></strong></span> 
     </span>
     <span class='ocr_line' id='line_1_40' title="bbox 322 4521 1511 4601; baseline 0.003 -17"><span class='ocrx_word' id='word_1_359' title='bbox 322 4525 482 4586; x_wconf 82' lang='lat' dir='ltr'><strong><em>Etruscum</em></strong></span> <span class='ocrx_word' id='word_1_360' title='bbox 505 4530 627 4583; x_wconf 87' lang='lat' dir='ltr'><strong><em>tenuere</em></strong></span> <span class='ocrx_word' id='word_1_361' title='bbox 655 4527 783 4582; x_wconf 81' lang='lat' dir='ltr'><strong><em>turmae.</em></strong></span> <span class='ocrx_word' id='word_1_362' title='bbox 831 4521 953 4601; x_wconf 84' lang='lat' dir='ltr'><strong><em>plurale</em></strong></span> <span class='ocrx_word' id='word_1_363' title='bbox 983 4531 1088 4584; x_wconf 87' lang='lat' dir='ltr'><strong><em>autem</em></strong></span> <span class='ocrx_word' id='word_1_364' title='bbox 1111 4522 1274 4586; x_wconf 78' lang='lat' dir='ltr'><strong><em>turbarum</em></strong></span> <span class='ocrx_word' id='word_1_365' title='bbox 1303 4524 1409 4588; x_wconf 87' lang='lat' dir='ltr'><strong><em>idest</em></strong></span> <span class='ocrx_word' id='word_1_366' title='bbox 1434 4525 1511 4588; x_wconf 91' lang='lat' dir='ltr'><strong><em>mul·</em></strong></span> 
     </span>
    </p>
   </div>
   <div class='ocr_carea' id='block_1_4' title="bbox 0 0 1606 5108">
    <p class='ocr_par' dir='ltr' id='par_1_4' title="bbox 0 0 1606 5108">
     <span class='ocr_line' id='line_1_41' title="bbox 0 0 1606 5108; baseline 0 0"><span class='ocrx_word' id='word_1_367' title='bbox 0 0 1606 5108; x_wconf 95' lang='lat' dir='ltr'><strong><em> </em></strong></span> 
     </span>
    </p>
   </div>
  </div>
 </body>
</html>
