3186 5108
320 433 368 506 98
613 449 704 511 lm
725 466 892 511 ammom
915 467 1100 512 swam
1117 447 1211 508 taso.

318 647 403 702 esset
425 631 563 722 brisiaco,
594 647 680 702 reete
703 657 780 701 mne
803 640 985 702 mororum
1006 639 1172 719 scripsisse
1194 647 1345 719 putamus
1365 626 1498 720 replico,

318 750 354 805 ut
376 743 514 804 activum
543 740 679 805 verbum
707 743 793 804 esset
821 743 970 804 similiter
997 753 1092 822 atque
1119 737 1251 806 ἔθαλλεν
1278 737 1359 802 illud
1382 738 1501 800 Pindari

318 843 368 906 ot.
387 859 421 908 ur
438 846 497 907 tt:
537 844 596 908 sed
624 843 718 929 μήαν
748 864 812 908 uon
842 844 1067 925 intellegimus.
1116 847 1159 907 lta
1188 845 1274 908 enirn
1302 843 1394 906 nullo
1418 852 1501 924 pacto

318 945 381 1010 dici
406 949 507 1028 potuit
527 947 677 1029 leaena,
703 968 785 1030 puer
806 948 962 1014 formosus
984 958 1015 1011 et
1036 946 1184 1029 pudicus,
1216 947 1272 1028 qui
1302 965 1367 1008 non
1391 965 1502 1028 porpe-

318 1051 414 1114 travit
440 1050 562 1133 aliquid
591 1053 717 1134 magni,
749 1051 806 1114 sed
836 1051 1016 1132 disoerptus
1045 1061 1094 1112 est
1123 1069 1195 1113 cum
1216 1048 1350 1112 Arobias
1375 1052 1502 1130 eiusque

194 1229 199 1240 ,
317 1154 472 1218 satellites
494 1174 568 1218 oum
592 1173 706 1236 rapere
728 1165 940 1236 temptarent,
971 1164 1062 1236 pater
1083 1163 1191 1216 autem
1214 1163 1248 1215 et
1268 1154 1362 1216 amici
1390 1155 1504 1216 retine·

319 1267 408 1320 rent:
442 1267 574 1322 narrant
597 1277 664 1322 rem
687 1267 817 1340 praeter
838 1258 916 1320 alios
937 1256 1093 1319 Diodorus
1116 1257 1149 1317 in
1172 1257 1223 1318 eis
1242 1275 1325 1336 quse
1346 1275 1389 1318 ox
1403 1267 1504 1318 actam

318 1359 402 1424 libre
429 1370 603 1442 supersunt
633 1369 665 1424 et
690 1361 876 1424 Plutarchus
903 1362 936 1424 io
964 1361 1125 1422 amatoriis
1156 1358 1406 1424 narrationibus.
1451 1361 1504 1421 ita-

318 1481 381 1543 que
404 1463 597 1544 lleineltius,
630 1483 727 1544 quem
750 1465 808 1527 hoe
831 1464 961 1526 minime
985 1463 1076 1544 logii,
1107 1455 1237 1547 tollae
1259 1459 1355 1546 pol-scr
1378 1463 1504 1524 coniun-

318 1565 458 1646 gendam
480 1585 550 1632 esse
573 1569 710 1648 putavit.
754 1586 907 1630 veremur
934 1576 970 1629 ut
992 1567 1051 1628 boc
1074 1575 1160 1629 recte
1183 1565 1247 1629 liat.
1293 1567 1503 1647 nequeenim

319 1670 493 1733 verisimile
516 1679 565 1734 est
586 1669 816 1752 Alexandrum,
841 1671 961 1734 cultum
983 1679 1082 1751 etque
1103 1669 1280 1750 elegantem
1303 1677 1442 1750 poetam,
1470 1667 1504 1730 ad

317 1766 448 1857 θηλήοει
478 1775 592 1838 inutile
621 1774 809 1838 vocabulum
838 1772 934 1858 μέγαν
962 1775 996 1835 ia
1026 1771 1139 1836 eodem
1166 1791 1264 1834 versu
1293 1771 1450 1834 adiecisse
1478 1774 1505 1833 io

318 1895 383 1956 quo
404 1874 482 1960 μέγα
501 1869 619 1962 χάρμα,
643 1887 675 1940 et
698 1877 756 1940 ltoe
770 1875 902 1959 quidem
926 1877 1112 1954 rectissime,
1138 1873 1379 1938 dicturuserat.
1409 1885 1506 1958 potest

317 1980 484 2060 scripsisse
507 1974 612 2064 μόνον,
634 1974 748 2065 τέρεν’,
771 1981 850 2044 alio:
882 1964 940 2042 sed
963 1978 1197 2042 abstinebimus
1219 1977 1261 2040 ab
1276 1977 1503 2056 emendatione,

318 2101 414 2162 quam
436 2101 499 2148 non
523 2094 672 2165 putamus
695 2093 816 2148 certam
840 2084 980 2146 inveniri
1001 2101 1114 2164 posse,
1143 2101 1215 2145 oum
1238 2100 1353 2144 verum
1373 2082 1506 2144 vocabu-

319 2187 384 2250 lum
406 2203 470 2252 non
494 2197 557 2250 tam
580 2188 758 2250 litterarum
786 2186 1015 2268 depravatione
1039 2184 1242 2249 obscuratum
1265 2203 1337 2250 esse
1366 2185 1507 2248 videatur

318 2308 415 2369 quam
444 2289 529 2370 quod
551 2289 705 2354 librarius
731 2289 773 2354 ad
796 2288 874 2374 μέγα
902 2289 982 2352 illud
1012 2289 1112 2352 oculis
1141 2287 1357 2350 aberraverat.
1404 2299 1507 2350 eontra

318 2411 402 2473 quae
431 2393 536 2473 paullo
566 2403 636 2474 post
665 2402 835 2473 secuntur,
872 2391 963 2458 soii
991 2389 1195 2478 ααθαψαμὶνη
1224 2385 1341 2476 μόνον
1368 2385 1507 2456 ἀτέλεστα

317 2493 460 2578 κομίσσαι
481 2493 588 2573 celest,
620 2515 658 2558 ea
680 2515 849 2562 censemus
871 2495 1071 2560 emendanda
1094 2515 1164 2560 esse
1186 2495 1238 2558 uel
1262 2495 1367 2577 potius
1389 2493 1507 2558 dudum

318 2596 485 2661 emendata
517 2599 703 2662 rectissime.
756 2617 830 2666 uam
857 2611 896 2667 ut
922 2595 1068 2666 ἀτέλοατα
1102 2619 1171 2662 esse
1207 2599 1330 2680 possint
1364 2617 1402 2660 ea
1431 2615 1507 2678 quoa

318 2699 426 2781 perlici
457 2702 546 2766 netas
575 2713 640 2782 est,
679 2703 767 2768 nulla
795 2703 926 2770 videtur
955 2723 1024 2770 esse
1055 2705 1134 2767 ratio
1163 2721 1227 2784 qua
1254 2699 1396 2786 νομίαοαι
1428 2711 1508 2764 recte

317 2803 437 2868 dictum
453 2825 523 2868 esse
548 2804 797 2870 demonstretur.
844 2827 939 2890 quam
961 2806 1003 2870 ob
1026 2827 1095 2870 rem
1117 2825 1179 2870 non
1204 2807 1368 2886 ingeniose
1390 2813 1508 2868 tentum

317 2907 375 2972 sed
398 2928 473 2971 vere
497 2909 655 2991 lleynium
679 2921 711 2974 et
732 2909 907 2976 lacobsiutn
928 2911 1096 2993 scripsisse
1116 2918 1267 2991 putamus
1287 2901 1439 2992 talpone
1458 2931 1509 2972 rc·

317 3009 435 3090 λέοοαι,
461 3011 548 3093 quod
569 3011 778 3094 depravatum
801 3025 849 3078 cst
871 3017 989 3078 erraris
1012 3033 1133 3095 genere
1154 3011 1240 3075 haud
1264 3014 1306 3076 ita
1329 3031 1414 3074 roro.
1450 3031 1508 3074 noo

318 3115 424 3178 minus
447 3125 553 3180 autem
576 3118 721 3198 proximo
735 3117 836 3182 verba
854 3117 1108 3181 emendationem
1131 3116 1304 3197 postulent,
1326 3104 1346 3179 i
1369 3111 1404 3178 il
1426 3111 1509 3200 Ζῆνα

318 3215 422 3288 ξείνιον
445 3213 605 3304 αἰδόμενος
622 3214 756 3293 Σπονδάς
777 3215 804 3285 τ’
832 3220 864 3285 to
887 3217 1003 3307 Φοβίοο
1029 3215 1080 3285 καὶ
1104 3211 1165 3285 ἅλα
1188 3219 1319 3290 Εοναῶνα
1340 3213 1510 3303 θαλάσσης,

319 3316 455 3407 lippo<
477 3319 530 3388 eal
552 3324 696 3408 ποταμοῖς
721 3318 817 3409 νίψοο’
844 3317 944 3400 ἀεικὲς
965 3321 1045 3397 ἔπος.
1093 3342 1167 3387 nam
1196 3323 1295 3386 salem
1322 3323 1511 3405 participem

319 3425 371 3487 vel
393 3437 572 3490 consortem
594 3427 657 3490 dici
681 3427 790 3506 maris,
815 3428 965 3508 quoniam
994 3426 1026 3489 id
1054 3427 1173 3491 Qum
1194 3437 1243 3490 est
1264 3427 1318 3490 vel
1339 3427 1386 3490 sal
1415 3445 1458 3490 er
1479 3445 1512 3488 ον

319 3529 470 3610 nascitur,
504 3540 537 3598 et
558 3531 950 3611 omninopracposterom
979 3539 1027 3594 est
1057 3541 1089 3593 et
1113 3529 1266 3612 trigidum
1293 3531 1326 3592 in
1355 3530 1415 3592 boc
1444 3549 1513 3593 car·

318 3633 416 3711 mine,
442 3631 497 3697 ubi
521 3634 618 3696 maris
641 3633 893 3698 commemoratio
915 3633 1011 3696 etiam
1033 3634 1140 3716 aptius
1162 3633 1246 3696 lacta
1269 3633 1392 3700 inutilis
1415 3643 1510 3696 essct.

318 3734 493 3800 rectissime
517 3737 695 3801 lleinelrius
724 3747 757 3800 et
779 3735 967 3802 mendosum
992 3738 1116 3817 putavit
1138 3737 1332 3824 versiculum
1361 3747 1393 3799 et
1424 3735 1513 3800 iotile

318 3837 486 3920 tegrandii
517 3852 728 3908 commentum
758 3841 900 3922 sprevit,
938 3833 1097 3923 αἰδόμενος
1118 3875 1161 3888 ·-
1185 3833 1246 3904 ἅλα
1274 3839 1420 3920 icterico,
1450 3839 1513 3904 ba-

316 3933 417 4026 idcep
437 3936 563 4027 νμήνανς
585 3938 637 4008 καὶ
657 3943 801 4026 ποταμοῖς
823 3936 920 4028 otte?
938 3937 1038 4015 most<
1060 3939 1141 4016 ἔπος.
1181 3942 1267 4025 quod
1290 3945 1360 4008 itus
1376 3945 1422 4008 ait
1437 3944 1513 4008 adeo

317 4063 381 4108 nou
411 4046 627 4110 commendari
657 4045 700 4112 ab
728 4048 883 4128 elegantia
911 4057 947 4111 ut
975 4066 1017 4110 ne
1045 4065 1063 4109 a
1092 4047 1232 4129 pessimo
1261 4046 1392 4129 quidem
1422 4059 1512 4132 poeta

316 4146 414 4210 scribi
445 4149 601 4229 potuerit:
635 4151 799 4231 placuerat
828 4151 954 4216 inflecte
984 4151 1084 4215 oratio
1106 4152 1251 4214 Passovio
1279 4161 1311 4214 et
1335 4151 1514 4215 Schneide-

274 4251 414 4312 towino.
462 4263 581 4332 quanto
609 4253 723 4316 melius
745 4243 931 4319 Brunekius¹
961 4253 1170 4318 scribendum
1192 4273 1264 4316 esse
1293 4254 1429 4318 coniecit
1457 4247 1514 4322 ὅλα

315 4353 445 4424 ξονεῶνα
473 4353 641 4440 τραπέζης,
679 4367 716 4420 ut
744 4375 839 4438 saepe
870 4357 990 4422 dieitur
1022 4348 1094 4430 ἅλις
1122 4351 1182 4420 ναὶ7
1202 4350 1347 4443 τράπεζα,
1379 4356 1425 4422 de
1454 4379 1513 4441 quo

314 4467 444 4537 praeter
466 4459 660 4522 Brunckium
683 4459 842 4524 lacobsius
865 4459 1051 4542 disputavit.
1100 4459 1158 4523 sed
1181 4462 1265 4526 hene
1283 4463 1510 4542 coniecturam,

314 4579 377 4641 qua
399 4571 429 4622 et
454 4561 650 4638 Leprandius
674 4561 750 4626 illud
774 4564 910 4628 alterum
935 4565 1101 4628 inventum
1127 4585 1219 4628 suum
1242 4569 1456 4646 compensavit
1483 4577 1512 4629 et
