3186 5108
313 437 384 510 100
602 452 692 514 lnam
715 469 881 516 ιιειιοιιιιι
903 467 1088 514 armannus
1109 450 1202 514 t855.

307 659 377 703 esse
400 639 529 704 videtur
549 638 659 704 mendi
682 643 832 723 suspicio.
879 638 938 703 sed
960 650 1083 704 certum
1106 649 1154 702 εει
1176 640 1492 722 poetam‘elcgantiae

306 755 338 806 et
367 743 463 807 fucati
492 742 572 806 adeo
601 745 713 808 nitoris
742 743 918 808 studiosum
952 763 1015 806 non
1043 745 1184 826 potuime
1214 743 1356 807 scribere
1394 741 1492 806 debile

306 845 386 910 illud
408 843 488 920 εἶδος
509 837 642 934 ἄριστον,
668 846 753 930 quod
776 866 839 910 non
862 847 960 910 multo
983 831 1151 910 nervosius
1166 856 1214 910 εει
1236 867 1331 929 quam
1354 847 1382 908 si
1399 844 1492 908 dixis·

304 961 354 1014 set
376 945 504 1036 ἀγαθόν.
551 961 674 1035 poterat
696 951 804 1015 dicere
829 943 969 1036 ἀγοστόν,
1001 947 1060 1012 sed
1089 949 1170 1012 lacta
1199 951 1372 1014 mutatione
1404 950 1491 1013 etiam

303 1054 424 1118 leniore
447 1054 618 1119 scribimus
646 1049 763 1141 θάμβει
785 1048 814 1118 δ’
842 1050 922 1127 εἶδος
944 1044 1078 1118 ἄπιστον.
1125 1055 1274 1116 similiter
1303 1053 1427 1118 dictum
1453 1061 1492 1116 εει

304 1160 336 1220 in
360 1159 587 1240 epigrammate
610 1158 653 1222 ab
674 1158 813 1221 lacobsio
842 1159 875 1220 in
901 1157 1114 1239 adpendicem
1143 1157 1340 1240 anthologiae
1370 1166 1492 1238 recepto

303 1280 455 1324 ccxxxxvii
486 1282 517 1324 v.
543 1264 582 1324 λβ
615 1255 727 1334 κάλλος
757 1255 784 1324 δ’
812 1251 950 1346 adpetit
979 1260 1086 1347 μοῖραν
1115 1253 1274 1345 Ἀμαζόνος
1302 1257 1393 1348 ἔσχεν
1426 1251 1492 1325 ἔσι-

303 1387 384 1443 στον,
409 1376 441 1428 ει
463 1384 481 1428 a
502 1366 595 1428 Paulo
617 1365 792 1428 silentiario
816 1366 848 1428 in
876 1365 1092 1446 descriptione
1115 1363 1204 1426 aedis
1226 1364 1362 1445 Sophiae
1385 1384 1420 1427 v.
1439 1364 1491 1427 llo

301 1462 392 1533 arcillos
419 1463 579 1554 νόστησον,
610 1461 720 1552 ἀοιδή,
751 1461 873 1556 Θάμβος
895 1460 956 1555 ὅπῃ
984 1462 1168 1532 aestimarat
1198 1465 1284 1546 ἰδεῖν,
1314 1461 1492 1532 condecorat

260 1586 287 1632 ιι
302 1565 442 1636 ἀκοῦσαι.
488 1571 756 1654 persuadebimus
783 1574 865 1635 hanc
894 1559 1158 1636 emendationem¹
1186 1572 1233 1633 eis
1269 1571 1324 1652 qui
1354 1573 1490 1653 poeticae

302 1678 453 1738 orationis
480 1694 573 1740 usum
595 1675 716 1740 habent
738 1687 770 1739 et
792 1679 954 1740 Musaeum
976 1675 1162 1757 similesque
1185 1684 1296 1756 poetas
1317 1675 1420 1756 pmbe
1443 1694 1492 1736 no-

303 1788 390 1840 runt.
443 1778 540 1842 alium
573 1779 717 1843 eiusdem
752 1789 863 1862 poetae
896 1780 1091 1844 versiculum
1125 1777 1334 1842 emendamus
1367 1797 1431 1840 non
1462 1787 1491 1839 ut

302 1882 434 1963 pulchra
458 1881 511 1944 liat
532 1883 642 1962 oratio,
667 1882 724 1946 sed
747 1893 783 1946 ιιι
806 1893 902 1947 ιεειε.
942 1880 1126 1964 adloquitur
1147 1884 1235 1944 enim
1257 1880 1402 1944 Leander
1420 1883 1493 1944 llero

302 1984 386 2048 inter
408 1984 469 2048 alia
493 1985 543 2047 his
564 1985 674 2048 verbis
697 2007 728 2048 v.
749 1987 822 2066 tta,

430 2083 482 2152 σὸν
506 2081 536 2151 δ’
563 2087 663 2174 ἱκέτην
686 2113 723 2175 με
745 2083 851 2175 κόμιζε
874 2085 925 2154 tol
947 2081 986 2173 ἢν
1008 2087 1119 2175 lotape
1140 2087 1340 2177 nepotali-qs,

429 2183 480 2253 τόν
503 2213 551 2254 σοι
565 2182 667 2278 Ἕριος
689 2183 834 2279 ipsuum
855 2191 917 2266 ἑοῖς
939 2191 1075 2279 βελέεσσι
1097 2189 1238 2281 κιχήσας.

301 2292 460 2374 supplicat
488 2313 565 2357 sane
594 2295 739 2359 Leander
774 2297 915 2379 puellae,
954 2295 1013 2360 scd
1042 2316 1149 2379 neque
1180 2298 1271 2380 quasi
1303 2305 1489 2378 perpetuum

301 2396 477 2476 supplicem
500 2417 535 2460 se
558 2399 587 2461 ei
611 2398 718 2480 tradit,
745 2399 830 2481 quod
854 2399 1025 2464 ridiculum
1044 2399 1136 2482 forat,
1162 2420 1269 2482 neque
1291 2397 1384 2461 laoile
1406 2400 1489 2480 qnis-

301 2517 397 2579 quam
425 2500 603 2581 supplicem
636 2521 745 2566 secum
775 2502 923 2583 abducit,
963 2503 1020 2567 sed
1050 2524 1178 2568 servum
1210 2514 1243 2567 et
1268 2502 1488 2585 pedisequum.
1582 2509 1583 2527 ¹

300 2603 388 2684 atqui
414 2603 471 2664 hoc
494 2604 599 2685 ipsum
622 2607 768 2670 llusaeus
791 2606 883 2686 dixit,
908 2602 960 2670 σὸν
984 2601 1013 2670 δ’
1040 2605 1147 2693 ἐπέιην
1171 2629 1208 2691 με
1230 2599 1347 2691 κόμιζε.
1395 2605 1492 2668 ιιιιίιιε

302 2715 351 2768 εει
374 2705 574 2786 vocabulum,
600 2708 658 2771 sed
681 2720 715 2773 ιιι
738 2720 829 2791 ροειε
854 2711 1031 2774 ιεειίεείιιιε
1055 2731 1092 2774 eo
1115 2712 1161 2775 uti
1183 2711 1334 2792 potuerit.
1382 2707 1492 2772 Pinda-

303 2827 358 2870 rus
389 2809 479 2872 initio
502 2812 652 2874 carminis
676 2813 777 2895 Pythii
800 2814 904 2894 quinti
921 2807 957 2878 Ὁ
978 2815 1104 2887 πλοῦτος
1126 2808 1309 2900 εὐρυσθενής
1316 2861 1328 2892 ,
1356 2805 1428 2879 ὅταν
1452 2835 1492 2883 τις

301 2906 378 2997 ὀργᾷ
399 2912 584 3000 κεκραμένον
614 2915 739 3003 καθαρᾷ
765 2912 922 3005 βροτήσιος
951 2912 1028 3004 ἀνὴρ
1055 2911 1169 3002 πότμου
1191 2911 1377 3004 παραδόντος
1406 2911 1491 2982 αὐτὸν

301 3007 401 3100 ἀνάγῃ
424 3010 589 3104 πολύφιλον
619 3018 737 3085 ἑπέταν.
785 3022 960 3104 Hesychius
987 3019 1103 3099 ἑπέται,
1134 3016 1312 3100 ἀκόλουθοι,
1342 3015 1490 3108 θεράπον-

301 3141 360 3190 τες.
408 3116 562 3184 lominino
589 3125 718 3187 nomine
747 3143 825 3188 usus
854 3135 900 3186 est
930 3125 1115 3206 Apollonius
1137 3125 1278 3188 Rhodius
1301 3145 1335 3187 ιιι
1359 3125 1417 3185 dol
1441 3118 1491 3206 rip

302 3221 336 3284 δέ
358 3244 402 3294 τις
430 3213 517 3310 ἄφνω
540 3222 722 3313 Μορομένην
752 3222 903 3312 μεσσηγὺς
931 3223 1163 3314 ἐπιπρομολοῦσ’
1198 3223 1322 3313 ἐνόησεν
1345 3221 1489 3310 apator,

300 3318 320 3410 ἥ
345 3325 372 3388 ol
396 3325 493 3401 ἑπέτις
514 3329 587 3394 πέλε
610 3328 802 3416 κουρίζουσα.
