3240 5094
401 325 489 386 λποεκ
512 344 678 388 ιαττιοπνι
701 345 878 388 instrunt!
905 325 997 387 tuto.
1218 311 1292 382 425

105 516 205 579 δοκῶν
233 519 276 601 τῷ
306 511 497 599 διδασκάλῳ·
532 507 584 577 καί
609 510 667 600 ηάρ
697 508 713 578 ἁ
740 510 829 587 ίππος
856 509 905 578 τόν
934 514 1043 582 ἑαυτοῦ
1069 513 1151 602 φιλεῖ
1178 513 1294 601 πατέρα

105 613 237 683 δάκνειν.
287 621 365 682 haeo
386 618 433 680 sio
456 615 523 680 iore
546 619 717 700 scripserat
740 617 913 698 Helladins,

308 716 511 806 Ἀριστοτέλης
533 715 549 784 ὃ
571 724 624 786 τού
645 709 808 807 περιπάτου
829 716 996 808 προστάτης

313 819 370 888 ἀπὸ
393 820 554 896 Πλάτωνος
575 821 663 898 ίππος
685 819 907 910 ἐπωνομάζετο,

315 927 524 992 ἐναντιοῦσθαι
545 929 587 1015 τῷ
610 923 783 1016 διδασκάλῳ
806 930 921 994 δοκῶν·

314 1027 401 1104 ἵππος
424 1029 457 1095 δὲ
478 1027 528 1096 τόν
551 1031 659 1098 ἑαυτοῦ
682 1033 763 1119 φιλεῖ
783 1031 899 1120 πατέρα
921 1027 1051 1098 δάκνειν.

102 1137 212 1220 paullo
241 1137 336 1199 aliter
363 1137 421 1198 hoo
450 1145 598 1199 narratur
627 1157 644 1198 a
667 1139 805 1218 Diogene
829 1141 950 1200 Laertio
974 1157 991 1197 v
1016 1137 1027 1198 t
1057 1139 1093 1216 2,
1125 1131 1237 1220 ἀπέστη
1261 1133 1294 1200 δὲ

103 1237 272 1312 Πλάτωνος
300 1237 345 1304 ἔτι
372 1231 539 1325 περιόντος,
577 1230 653 1304 ὥστε
681 1235 771 1326 φασίν
800 1239 912 1305 ἐκεῖνον
941 1239 1033 1304 εἰπεῖν
1066 1235 1295 1326 “Ἀριοτοτέλης

101 1340 185 1431 ἡμᾶς
215 1339 397 1408 ἀπελάκτισε
424 1340 589 1429 καθαπερεί
622 1339 659 1406 τὰ
688 1337 828 1430 πωλάρια
854 1343 1036 1429 γεννηθέντα
1062 1338 1116 1428 τὴν
1147 1342 1293 1430 μητέρα.”

102 1449 192 1531 quod
215 1449 328 1512 soitius
352 1449 515 1510 inventum
539 1459 597 1510 ast.

194 1553 323 1614 Photius
345 1571 377 1632 p.
397 1545 480 1612 533⁶
501 1551 540 1611 ἀί
564 1541 611 1615 ότι
631 1548 664 1614 τὸ
686 1551 865 1614 ποτνιᾶσθαι
885 1547 1064 1636 κυριώτερον
1086 1546 1135 1615 tot
1156 1546 1295 1636 γυναικὸς

101 1651 263 1732 τάττεται,
293 1651 402 1740 φησίν,
433 1645 503 1717 όταν
532 1649 623 1718 κακόν
651 1677 679 1718 τι
707 1649 810 1740 πάσχῃ
840 1650 890 1718 καί
914 1649 1039 1738 θήλειαν
1064 1649 1179 1740 ἱκετεύῃ
1202 1649 1292 1719 θεόν·
1371 1734 1378 1748 ·

100 1753 309 1842 ποτνιώμενον
347 1755 380 1820 δὲ
414 1747 510 1842 ἀνδρα
544 1747 579 1820 ἀν
612 1781 655 1828 τις
688 1753 774 1843 εἴπῃ,
814 1751 989 1844 ἁμαρτάνει.
1047 1759 1295 1840 Etymologioum

102 1883 260 1946 magnum
284 1863 316 1924 in
337 1855 443 1926 πότνια
466 1871 497 1922 ot
519 1859 697 1924 ποτνιᾶσθαι
726 1882 758 1942 p.
785 1863 846 1923 685
870 1862 910 1922 53
934 1858 1113 1946 κυριώτερον
1137 1857 1166 1924 δ’
1193 1853 1229 1926 ἀν
1251 1886 1295 1935 τις

101 1962 233 2053 φήσειεν
257 1961 305 2027 ἐπί
327 1967 494 2047 γυναικῶν·
522 1955 593 2028 όταν
616 1959 690 2048 ηυνή
714 1958 806 2028 κακόν
828 1983 857 2028 τι
877 1958 981 2050 πάσχῃ
1003 1961 1056 2028 καί
1078 1960 1205 2050 θήλειαν
1229 1966 1296 2030 ἱκε-

100 2065 175 2156 τεύῃ
209 2063 298 2146 θεόν,
330 2059 355 2129 ώ
383 2062 488 2132 πότνια
518 2064 610 2151 λέγει.
664 2066 842 2132 ποτνιᾶσθαι
873 2065 905 2130 δὲ
935 2059 1007 2132 όταν
1029 2063 1098 2154 εἴπῃ
1121 2091 1165 2141 τις
1187 2059 1295 2156 ἀνδρα,

101 2175 282 2260 περιφανῶς
304 2166 479 2258 ἁμαρτάνει.
519 2162 612 2242 ούτως
628 2166 812 2253 Βησαντῖνος
835 2171 866 2234 ἐν
888 2175 931 2257 τῷ
952 2166 1019 2257 περὶ
1040 2170 1293 2258 χρηστομαθείας.

94 2269 201 2364 Ὦρος.
251 2278 400 2338 omissum
425 2285 474 2338 est
488 2266 577 2360 Ὦρος
600 2276 633 2336 in
651 2276 872 2356 Etymotogiois
887 2276 1036 2338 Vossiano
1059 2285 1090 2338 et
1106 2277 1294 2356 Florentino,

102 2382 277 2462 desumpta
300 2390 404 2442 autern
436 2380 486 2440 itta
516 2398 586 2441 esse
610 2398 650 2438 ox
672 2378 798 2440 Orionis
820 2379 1031 2460 Etymologioo
1054 2400 1086 2461 p.
1114 2381 1173 2441 ⁴35
1197 2383 1215 2440 3
1240 2379 1298 2442 ad-

103 2486 230 2548 notavit
254 2482 460 2546 Gaisiordius.
508 2500 619 2544 vorsus
642 2481 776 2544 Helladii
801 2484 969 2544 restituero
993 2481 1084 2545 taoile
1107 2493 1166 2564 est,

317 2580 350 2649 τὸ
372 2584 550 2650 ποτνιᾶσθαι
572 2578 751 2670 κυριώτερόν
773 2609 817 2656 τις
840 2577 875 2648 ᾶν

319 2683 442 2773 φήσειεν
464 2685 513 2752 ἐπὶ
537 2682 687 2773 γυναικός.
734 2679 805 2752 όταν
828 2683 902 2773 ηυνὴ
928 2685 1020 2754 κακόν

318 2785 421 2877 πάσχῃ
444 2815 473 2855 τι
494 2787 544 2854 καί
567 2787 691 2876 θήλειαν
716 2788 833 2876 ἱκετεύῃ
856 2789 941 2869 θεόν,

250 2919 258 2928 ·
320 2885 345 2956 oi
367 2889 472 2958 πότνια
495 2894 592 2980 λέγει·
617 2889 816 2978 ποτνιώμενον
839 2890 866 2958 δ’
893 2887 964 2960 όταν

318 2993 387 3083 εἴπῃ
409 3021 453 3070 τις
476 2989 587 3085 ἄνδρα,
612 3003 784 3084 περιφανῶς
807 2993 982 3085 ἁμαρτάνει.

197 3103 328 3166 Photius
356 3122 388 3183 p.
418 3103 500 3164 tat·
522 3104 561 3164 θλ
591 3094 637 3166 ’ότι
667 3102 830 3186 μυθολογεῖ
860 3093 955 3189 ἀνδρα
987 3099 1053 3168 τινά
1086 3098 1322 3186 ώνομαομένοντ

96 3201 177 3293 Ὤην
200 3210 256 3291 τῆς
279 3205 408 3291 ἐρυθρᾶς
431 3200 586 3290 θαλάσσης
609 3200 764 3285 ἀνελθεῖν,
796 3198 893 3272 τᾶλλα
915 3205 968 3292 μὲν
990 3211 1049 3272 τῶν
1072 3208 1170 3291 μελῶν
1195 3199 1300 3292 ἰχθύος

103 3311 240 3399 ἔχοντα,
272 3304 407 3395 κεφαλὴν
438 3307 471 3374 δὲ
498 3305 547 3373 καὶ
569 3304 663 3382 πόδας
685 3306 736 3374 καί
758 3309 863 3396 χεῖρας
892 3305 1018 3396 ἀνδρός,
1048 3306 1100 3374 καί
1129 3307 1301 3380 καταδεῖξαι

103 3415 160 3502 τήν
184 3439 221 3479 τε
243 3409 442 3498 ἀστρονομίαν
473 3411 524 3477 καί
551 3409 589 3478 τά
610 3409 782 3499 γράμματα.
830 3411 860 3478 οἳ
881 3412 915 3478 δὲ
937 3409 1026 3479 αύτόν
1048 3414 1083 3479 tx
1104 3417 1157 3478 τοῦ
1178 3436 1300 3498 πρωτο-

103 3515 202 3604 γόνου
230 3516 398 3603 πεφηνέναι
425 3516 560 3602 λέγουσιν
591 3512 671 3602 ᾠοῦ,
701 3515 753 3581 καί
776 3517 934 3604 μαρτυρεῖν
964 3508 1110 3601 τούνομα·
1142 3508 1300 3602 ἄνθρωπον

105 3621 140 3688 δὲ
170 3613 247 3686 ὄντα
275 3615 314 3685 τά
339 3615 436 3685 πάντα
465 3615 553 3708 ἰχθύν
584 3614 668 3692 δόξαι
696 3615 772 3686 διότι
797 3643 854 3706 περ
881 3615 1026 3707 ἠμφίεστο
1049 3612 1171 3706 κητώδη
1195 3617 1299 3707 δοράν.

106 3729 209 3790 nnius
232 3745 346 3788 versus
368 3727 572 3808 particulam,
605 3719 751 3810 ἠμφίεστο
780 3719 901 3809 κητώδη
925 3719 1036 3810 δοράν,
1067 3725 1218 3806 adgnovit
1239 3725 1302 3786 Na-

106 3831 228 3894 berus:
264 3831 478 3910 reciperamus
501 3829 640 3909 integros
662 3848 792 3906 vorsus,
818 3823 932 3911 partim
956 3839 1059 3908 oerto,
1091 3829 1205 3910 partim
1228 3847 1303 3910 pro-

107 3934 277 4012 habiliter,

319 4030 472 4120 Ἐρυθρᾶς
495 4030 571 4120 ἀνὴρ
586 4025 661 4118 Ὤης
682 4058 725 4108 τις
748 4029 959 4119 ὠνομασμένος
990 4031 992 4037 ⁴

324 4133 456 4223 ἀνῆλθε,
479 4128 576 4203 τᾶλλα
597 4142 656 4203 τῶν
679 4139 778 4222 μελῶν
802 4132 908 4224 ἰχθύος
930 4135 1024 4224 ἔχων,

325 4236 432 4327 ἀνδρός
454 4265 486 4306 τε
508 4237 644 4328 κεφαλὴν
667 4237 718 4306 καί
739 4234 834 4313 πόδας
855 4265 888 4306 τε
910 4237 960 4305 καί
981 4241 1092 4329 χέρας·

322 4345 472 4418 κατέδειξε
488 4343 521 4410 δί
535 4339 589 4430 τήν
604 4340 629 4410 τ’
649 4341 846 4432 ἀστρονομίαν
861 4338 899 4410 τά
912 4369 945 4411 τε
959 4341 1132 4433 γράμματα.

323 4447 354 4514 οἳ
375 4444 402 4511 δ’
431 4444 519 4514 αὐτόν
542 4449 577 4512 ἐκ
598 4452 651 4513 τού
672 4443 863 4534 πρωτογόνου
884 4451 1051 4536 πεφηνέναι
