3186 5108
355 381 427 454 178
648 397 738 459 lrnrx
759 417 923 462 irminam
945 413 1124 460 rrsrrram
1142 397 1235 458 4869.

350 582 507 666 adparere
528 584 658 648 videtur
679 605 785 668 nequa
808 587 896 650 lusus
919 589 979 650 iste
1008 584 1095 650 eliud
1123 585 1215 667 sequi
1239 584 1419 665 exemplum
1439 595 1516 662 qnam

343 680 610 752 indumentorum
633 690 738 770 qualia
764 689 879 752 cotidie
909 689 1029 753 fiebant
1049 687 1325 752 consuetudinem.
1371 687 1427 766 qui
1446 685 1517 746 lusus

349 792 409 854 atti
431 809 495 854 non
511 790 680 856 admodum
704 792 822 856 iacetus
843 802 903 872 est,
929 803 1034 855 tamen
1057 811 1129 855 cum
1151 801 1183 855 et
1197 799 1354 854 vetustate
1377 803 1518 852 commea-

349 893 431 974 dnri,
456 897 503 958 eis
525 905 612 958 certa
634 897 690 976 qui
713 915 754 959 ne
778 898 907 976 exiguas
922 894 1053 976 quidem
1075 897 1167 976 quasi
1190 893 1310 958 assulas
1332 912 1373 955 ex
1390 893 1519 971 antiqua-

349 1015 421 1062 rum
444 1015 551 1062 rerum
575 998 737 1080 naufragio
766 1000 891 1062 relictas
920 995 1135 1080 neglegendas
1156 1015 1226 1060 esse
1253 997 1367 1058 merito
1394 1001 1518 1067 oensem,

348 1111 381 1164 at
409 1120 473 1164 non
502 1092 588 1163 nulla
615 1100 693 1164 inde
722 1103 801 1165 disci
831 1119 922 1184 posse
952 1100 1151 1180 viderentur,
1189 1097 1333 1162 dieculas
1360 1099 1474 1180 aliquot
1496 1103 1520 1155 et

348 1221 465 1286 paucas
493 1205 656 1287 pariturae
687 1206 814 1268 chartae
843 1205 982 1286 pagellas
1004 1205 1037 1266 in
1067 1223 1104 1266 eo
1132 1201 1332 1266 emandando
1360 1211 1456 1282 atque
1475 1215 1522 1260 ex·

348 1306 494 1389 plicando
530 1327 716 1372 consumere
744 1309 912 1372 voluimus.
959 1309 993 1370 in
1016 1325 1079 1389 qua
1101 1325 1137 1369 re
1158 1307 1208 1370 usi
1238 1323 1349 1368 sumus
1376 1304 1456 1366 libro
1475 1319 1522 1364 va·

347 1420 442 1490 unu,
475 1410 561 1491 quali
589 1421 660 1492 post
687 1413 906 1476 Brassicanum
929 1421 961 1473 et
986 1409 1164 1472 Fabricium
1193 1427 1286 1473 nemo
1308 1407 1438 1472 videtur
1464 1423 1522 1468 csse

347 1532 437 1577 usna.
489 1531 562 1576 nam
596 1513 670 1576 libri
700 1515 745 1576 illi
775 1515 975 1595 angustinus
1010 1523 1042 1578 at
1070 1511 1292 1576 ldemlebensis
1326 1519 1381 1574 aut
1416 1508 1523 1573 dudum

348 1618 514 1699 perierunt
531 1627 586 1680 aut
602 1617 701 1680 latent
711 1617 827 1680 alicubi
843 1619 876 1679 in
889 1615 1153 1680 bibliothecarum
1168 1616 1310 1698 angulis:
1336 1615 1427 1677 latuit
1444 1613 1523 1675 etiam

349 1738 386 1783 ea
409 1719 526 1784 scheda
548 1721 639 1783 onius
666 1722 882 1802 apographum
912 1718 1084 1802 diligenter
1110 1719 1226 1782 iactum
1252 1719 1445 1800 accepimus.
1487 1723 1526 1776 est

348 1842 385 1887 aa
415 1822 531 1886 scheda
559 1823 730 1886 centesima
754 1824 903 1885 vicesima
938 1824 1037 1886 altera
1072 1822 1189 1886 codicis
1219 1821 1405 1885 Parisieasis
1436 1817 1524 1882 Latini

348 1927 444 2007 3⁰88,
476 1928 531 2009 qui
560 1927 633 1988 olim
660 1937 728 1988 erat
757 1925 958 1988 Colbertinns
980 1927 1076 2007 3079,
1112 1928 1220 2008 regius
1243 1925 1339 1990 tait.
1391 1941 1455 1986 non
1482 1941 1525 1982 co-

348 2029 459 2092 haeret
481 2048 552 2091 cum
575 2030 708 2110 reliquis
731 2027 848 2092 codicis
869 2047 910 2091 ex
932 2027 1069 2094 diversis
1090 2028 1237 2110 partibus
1258 2029 1412 2108 conpositi
1436 2043 1525 2088 men·

348 2131 469 2212 branis,
495 2130 553 2194 sed
575 2133 746 2213 singularis
768 2143 827 2195 est.
873 2133 1014 2195 continet
1035 2143 1141 2196 autem
1164 2132 1197 2192 in
1219 2149 1333 2192 aversa
1353 2139 1446 2211 parte
1467 2137 1526 2210 post

347 2235 474 2298 ultimos
496 2236 676 2298 tastamenti
698 2254 812 2298 versus
834 2236 1012 2298 litterarum
1034 2237 1134 2298 series
1156 2237 1261 2297 varias
1282 2233 1408 2314 aliaque
1425 2231 1526 2296 calami

348 2337 539 2420 experiundi
559 2357 653 2402 causa
675 2341 803 2420 scripta,
829 2338 862 2400 in
883 2340 991 2421 priore
1013 2349 1104 2420 parte
1127 2337 1323 2422 adscriptum
1342 2346 1401 2418 est,
1428 2353 1525 2413 manu,

348 2450 385 2506 ut
417 2441 550 2505 idoneus
582 2451 691 2504 auctor
719 2441 849 2504 Carolus
878 2440 1070 2506 Benedictus
1099 2444 1212 2505 Hosius
1245 2440 1409 2520 adfirmat,
1454 2437 1528 2502 Petri

348 2543 480 2624 Pithoei,
505 2547 558 2606 Em
578 2543 719 2607 autea.
745 2547 779 2608 ld
798 2543 949 2626 (reliquae
972 2546 1110 2608 nominis
1132 2545 1257 2608 litterae
1279 2555 1365 2607 certo
1387 2545 1450 2626 lagi
1472 2559 1526 2605 non

348 2647 506 2728 possunt).
559 2649 696 2712 Merrioit
717 2650 755 2708 D.
780 2648 993 2729 Hieronymus.
1044 2649 1174 2730 porcelli
1202 2657 1428 2711 testamentum
1455 2645 1528 2709 sori-

349 2760 439 2832 ptum
467 2760 516 2814 est
541 2769 604 2814 non
627 2749 795 2812 undecimo
818 2752 953 2830 saeculo,
985 2753 1076 2813 utin
1099 2752 1237 2833 catalogo
1258 2749 1441 2828 mss.,bilrl.
1465 2768 1525 2828 reg.

348 2853 417 2917 Par.
435 2863 459 2916 t.
476 2871 511 2917 ιιι
527 2874 561 2936 p.
575 2857 638 2916 369
661 2863 820 2934 narratur,
846 2853 915 2934 sed,
940 2864 976 2917 ut
991 2854 1104 2917 llasius
1118 2854 1298 2934 adseverat,
1323 2871 1416 2917 nono.
1455 2853 1528 2915 hanc

348 2955 499 3021 schedam
521 2959 543 3018 P
564 2958 669 3020 littera
691 2958 885 3037 notavimus,
910 2957 1140 3046 examplapium
1162 2959 1274 3022 Veneti
1297 2967 1330 3020 et
1349 2975 1368 3020 a
1391 2955 1527 3020 Luscinio

347 3060 530 3124 Brassicano
551 3060 693 3124 Fabricio
716 3051 873 3126 editorum
894 3062 990 3124 VLBF
1012 3063 1102 3142 signa
1123 3049 1278 3124 lecimus.¹

322 3263 338 3308 e
543 3247 715 3313 INCLPI'I'
738 3247 1079 3314 TESTAlrOENTUM
1100 3247 1335 3313 PORCELLI.

506 3372 546 3433 ll.
578 3369 742 3432 Grunnius
781 3369 942 3433 Gorocotta
983 3371 1140 3452 porcellus
1181 3379 1405 3433 testamentum
1445 3367 1522 3430 lecit.

433 3587 524 3628 racrrrr
541 3587 722 3628 τιιιιιιιιιτνιι
741 3587 864 3630 »ematur
881 3577 917 3628 P:
951 3578 1112 3640 reliquorum
1138 3577 1330 3641 cenapum
1352 3577 1523 3639 torm

346 3675 429 3726 supro
446 3663 571 3714 decimus.
670 3669 694 3714 t.
714 3663 749 3714 ll.
770 3663 830 3714 BF.-
849 3665 955 3715 Marcus
973 3662 1047 3716 ΡΠ..
1131 3663 1273 3714 comeatu
1291 3663 1373 3716 ter:
1392 3661 1522 3714 coracem

350 3747 377 3810 V,
397 3761 462 3799 coro
480 3752 556 3799 cocta
575 3755 699 3813 strupra
715 3751 876 3812 ademptum
893 3748 959 3799 nilla
979 3749 1007 3799 P.
1027 3750 1059 3799 de
1076 3753 1206 3800 corocotlo
1222 3748 1263 3800 vel
1280 3753 1402 3808 αοωιω,
1426 3744 1524 3798 salonii

345 3833 433 3884 lodice
449 3834 491 3884 cal
508 3835 662 3899 Aethiopico,
688 3837 813 3886 &aarum
831 3835 976 3886 Salmasius
994 3848 1080 3887 exarc.
1108 3835 1175 3884 run.
1193 3847 1221 3896 p.
1236 3835 1285 3883 999
1303 3846 1326 3883 a.
1342 3838 1402 3896 799,
1428 3833 1523 3884 Solari-

344 3919 424 3970 uem
441 3925 465 3972 ot
484 3919 613 3971 leandrius
630 3923 692 3971 oda.
711 3921 747 3972 cd
758 3922 859 3972 Aeliani
875 3922 907 3971 de
924 3925 979 3971 aot.
992 3933 1035 3971 aa.
1044 3933 1080 3970 ιιι
1094 3923 1136 3972 99.
1155 3917 1294 3991 κροκόττας
1311 3931 1371 3970 cum
1388 3919 1450 3970 olibi
1464 3917 1523 3967 rcri-

345 4005 423 4068 tue,
447 4011 503 4057 tuor
524 4008 553 4056 ta
573 4009 723 4069 pauimento
742 4007 918 4068 humano,
942 4009 1017 4058 cutus
1035 4005 1131 4057 Παιᾶνι
1146 4007 1263 4058 mana
1284 4007 1313 4058 ta
1334 4005 1456 4057 umaro
1471 4001 1523 4054 sa·

341 4092 425 4156 piosa·
441 4097 459 4143 t.
474 4105 501 4142 ιι
515 4105 543 4154 p.
560 4096 637 4154 4999,
655 4095 816 4156 adscriptum
833 4095 923 4144 estod
940 4093 1051 4158 mom
1067 4093 1204 4144 samolo:
1227 4089 1385 4162 mutuae
1403 4096 1442 4143 ert
1461 4087 1521 4151 aad

343 4177 481 4229 Aaronom
498 4183 523 4229 ct
540 4181 611 4242 opud
630 4179 803 4244 septenum
820 4181 852 4231 dc
869 4181 935 4232 ctat.
950 4193 978 4230 ιιι
992 4183 1017 4242 t,
1034 4180 1166 4242 parmen
1183 4181 1335 4230 corocottas
1351 4181 1381 4230 is
1397 4173 1522 4240 capud&

343 4264 473 4316 Antoniae
493 4265 538 4315 Plo
556 4279 612 4328 cop.
630 4269 660 4314 to
680 4265 746 4316 liter
763 4266 901 4317 Polotlocr
918 4266 1001 4327 habel,
1022 4266 1092 4328 opud
1111 4265 1271 4328 Xipltilc'aum
1289 4277 1363 4316 auur
1382 4269 1391 4314 t
1413 4263 1519 4314 wmar-

343 4352 412 4401 tiour
428 4347 571 4419 κοροιιότας
588 4351 719 4401 scribitur.
758 4351 858 4402 Plinius
876 4357 930 4403 not.
945 4351 1003 4401 laist.
1019 4363 1064 4402 ιιιι
1077 4355 1109 4400 tt
1125 4351 1175 4414 (ta)
1197 4365 1231 4401 ce
1248 4351 1365 4414 lacem
1378 4352 1444 4402 edla
1459 4348 1519 4397 trar-

342 4449 406 4486 acm
423 4437 460 4486 ott
484 4439 511 4486 tn
529 4435 662 4498 Aethiopia
683 4449 779 4499 parere
796 4442 935 4489 aaronem
957 4438 998 4488 cel
1015 4441 1171 4488 cwocattom
1191 4435 1299 4499 (inemo
1317 4441 1356 4486 ert
1379 4438 1444 4487 calm
1459 4433 1517 4481 rcri-

340 4521 430 4583 pum)
453 4523 573 4573 muare
588 4535 663 4572 vocar
679 4524 822 4574 emmaum
845 4525 978 4574 awanam
999 4535 1187 4586 pacaturam·
1209 4525 1238 4573 ia
1256 4523 1345 4574 eum
1361 4535 1392 4572 ra
1408 4520 1517 4572 daim
