3204 5104
375 362 463 424 laum
486 381 652 424 nscrrouvn
674 383 857 426 nissamnvn
876 367 968 427 l866.
1059 413 1074 426 ,,
1191 352 1260 424 341

209 550 351 611 Custodes
374 552 492 630 coium,
518 570 654 614 nonnose
672 553 853 634 propupiois
876 571 1000 634 coquum.

95 665 154 708 nam
168 661 201 712 ut
217 652 421 734 maudroeque
439 653 597 716 scribatur
612 674 719 735 neque
741 655 839 716 oratio
861 674 967 734 neque
984 675 1095 718 versus
1117 659 1263 736 postulet.

167 753 297 818 Ovidius
320 758 470 818 Tristium
494 777 515 819 u
540 757 600 819 lli
624 778 668 820 ss.
700 767 801 819 artem
831 759 1012 819 amatoriarn
1037 778 1126 822 suam
1149 760 1264 823 Tibulli

94 857 223 937 exemplo
245 856 401 937 defendit,

231 961 355 1024 credere
378 965 497 1026 iuranti
516 964 629 1026 datram
649 971 739 1045 putat
760 983 824 1026 esse
851 963 996 1037 Tibullus,

283 1067 327 1127 sic
350 1069 439 1128 etiam
461 1067 498 1128 de
520 1085 552 1129 se
574 1067 652 1147 quod
674 1075 759 1150 uepet
780 1067 836 1129 itta
858 1067 944 1127 viro:

228 1166 341 1247 follere
363 1169 513 1232 custodem
535 1171 655 1231 demtum
676 1169 813 1232 docuisse
832 1168 949 1249 fatetur

282 1289 372 1353 seque
394 1291 452 1333 suo
474 1277 618 1335 miserum
641 1291 722 1333 nuuc
744 1273 788 1333 ait
809 1280 876 1334 orte
895 1275 1005 1353 prouti.

91 1372 181 1451 pergit
208 1371 326 1435 deinde
357 1375 389 1447 in
413 1375 662 1438 Tibullianorum
691 1393 841 1436 versuum
870 1378 1020 1436 memoria
1049 1381 1191 1440 suaviter
1213 1399 1266 1440 re-

92 1473 227 1550 petenda.
274 1476 331 1538 sed
361 1477 426 1538 illie
454 1479 571 1540 demum
602 1481 707 1541 minus
733 1487 842 1558 aptum
865 1487 929 1555 est,
961 1489 1068 1541 contra
1091 1499 1264 1560 pronomen

92 1577 272 1655 requirimus
294 1589 402 1660 utpote
433 1581 465 1642 in
495 1599 558 1660 quo
581 1582 629 1641 vis
652 1582 691 1642 sit
715 1583 903 1642 sententiae.
952 1602 1046 1662 quam
1069 1583 1110 1644 ob
1133 1604 1199 1645 rem
1224 1605 1264 1646 ne
1304 1587 1307 1592 '

91 1678 142 1757 ipsi
163 1681 291 1760 quidem
315 1683 457 1744 Bentleio
480 1703 549 1746 eum
574 1685 724 1744 custodem
746 1685 859 1744 durum
885 1684 1089 1747 scribendum
1113 1705 1182 1748 esse
1205 1687 1266 1748 ali-

90 1783 204 1860 quando
236 1787 360 1865 putavit
394 1785 473 1848 illud
507 1775 578 1848 sese
612 1787 725 1849 obtulit
759 1785 844 1867 quod
878 1789 1014 1849 maxime
1047 1787 1261 1851 desideratur.

89 1887 241 1966 scripsisse
264 1889 370 1968 potius
392 1888 520 1952 videtur
543 1888 677 1950 Ovidius

227 1988 340 2069 saltere
362 1993 513 2053 custodem
535 2011 624 2054 sunm
647 1993 782 2055 docuisse
802 1991 919 2072 fatetur

283 2111 371 2174 seque
392 2112 452 2156 suo
473 2098 618 2158 miserum
640 2115 722 2158 amoc
744 2097 789 2156 oit
810 2103 876 2156 orte
895 2099 1006 2176 premi.

87 2194 127 2253 sie
152 2194 299 2257 adcurate
328 2197 405 2258 haee
434 2208 612 2278 congruunt
638 2197 1048 2276 constantissimus,
1080 2201 1144 2281 ipse
1172 2203 1265 2264 miser

87 2294 167 2358 docui
196 2317 252 2380 qsto
283 2309 386 2381 posset
419 2301 523 2362 tudere
550 2309 637 2382 pacto
669 2301 830 2363 Custodes:
864 2299 921 2361 ltus
949 2300 1006 2362 teu
1034 2321 1116 2364 nuuc
1138 2323 1266 2385 premor

87 2408 148 2461 arte
167 2420 242 2464 meo.

166 2506 326 2586 Pergimus
348 2507 389 2568 ad
407 2509 587 2570 Manilium:
614 2527 686 2570 nam
709 2505 863 2569 utendum
888 2517 937 2568 est
959 2508 1051 2569 nobis
1074 2528 1266 2591 quamquam

89 2606 187 2670 invitis
209 2607 286 2671 falsa
309 2609 367 2672 sed
390 2611 541 2673 tralaticia
565 2610 775 2692 adpellatione
797 2618 908 2691 poetae
933 2611 1023 2672 cuius
1041 2629 1157 2675 nomen
1174 2633 1265 2676 nemo

89 2715 246 2774 memoriae
276 2713 425 2792 tradidit,
456 2716 518 2776 nisi
550 2715 629 2776 torte
658 2715 734 2776 latet
763 2711 880 2774 alicubi
908 2712 993 2792 apud
1023 2713 1184 2778 Ovidium.
1233 2719 1290 2780 in·

87 2815 193 2875 eximio
221 2816 319 2896 igitur
341 2815 415 2877 libri
438 2817 532 2896 primi
556 2817 674 2879 Manilii
698 2815 828 2878 exordio
858 2814 932 2878 inde
955 2835 972 2877 a
995 2835 1026 2877 v.
1054 2815 1093 2878 ts
1119 2819 1195 2882 haec
1217 2821 1265 2882 le-

88 2926 208 2997 guntur,
333 2929 334 2934 ’

231 3023 285 3084 sed
306 3041 373 3085 uem
397 3024 486 3104 leupo
508 3023 571 3084 dies
594 3024 676 3086 uestit
697 3023 840 3086 mortalia
861 3023 956 3084 corda

232 3133 259 3186 et
280 3125 368 3188 tabor
390 3127 542 3208 inuentum
564 3127 685 3188 miseris
708 3127 788 3188 dedu
811 3135 844 3210 et
859 3145 918 3188 suu
939 3116 1087 3209 qumque*

231 3229 403 3311 adcipitore
425 3227 484 3290 sibi
504 3230 594 3294 iussit
612 3228 739 3309 fortuna
758 3230 934 3309 premendo,

231 3332 355 3394 seducto
377 3332 409 3392 iu
431 3333 539 3394 varios
561 3339 719 3394 certarunt
740 3339 862 3412 pectore
884 3351 977 3396 curus

232 3443 259 3498 et
280 3435 483 3516 quodcumque
504 3453 612 3517 sapam
630 3437 799 3516 temptando
822 3438 957 3516 repperit
977 3454 1052 3498 usus

232 3539 263 3598 iu
285 3556 439 3599 commuue
461 3536 570 3600 bouum
592 3546 787 3600 commeatum
810 3539 890 3600 lueto
912 3539 1070 3602 dederuut.

85 3638 192 3700 accidit
215 3641 265 3702 hie
286 3649 321 3703 ut
337 3640 516 3704 Fridericus
532 3638 661 3703 lacobus
676 3640 874 3721 probabilem
898 3641 1016 3704 iaceret
1031 3644 1261 3706 coniecturam:

87 3744 201 3818 putavit
229 3745 313 3806 enim
342 3742 547 3806 scribendum
577 3761 646 3806 esse
674 3761 736 3805 non
766 3745 907 3820 seducto,
939 3744 996 3807 sed
1026 3746 1160 3808 diducto.
1208 3747 1265 3808 sed

86 3843 164 3906 idem
194 3865 254 3908 non
285 3857 370 3910 recte
399 3846 564 3927 adquievit
594 3847 625 3907 iu
648 3847 779 3908 molesta
801 3849 952 3927 postremi
977 3867 1089 3912 versus
1111 3852 1262 3928 oratione,

87 3947 115 4006 in
138 3967 196 4028 quo
218 3957 413 4012 commentum
443 3951 598 4012 inutiliter
628 3948 771 4011 additum
795 3960 854 4011 est.
901 3951 1000 4012 sensit
1023 3951 1081 4013 hoc
1103 3953 1266 4015 Bentleius

89 4048 172 4129 (quid
200 4063 307 4115 eutem
336 4053 388 4114 ille
418 4071 481 4114 non
509 4053 659 4134 sensit‘ll:
696 4051 753 4114 sed
783 4051 867 4132 quod
897 4053 1024 4132 scripsit
1053 4057 1083 4116 iu
1112 4073 1266 4118 commuue

85 4171 188 4216 atavum
202 4163 397 4219 commeatum
413 4157 494 4218 lueto
509 4155 665 4232 dederuut,
693 4173 729 4216 eo
752 4155 864 4216 melior
887 4155 921 4218 fit
935 4158 1044 4236 oratio,
1071 4156 1152 4219 hone
1170 4168 1266 4238 atque

86 4257 205 4340 elegans
227 4278 290 4322 non
314 4259 358 4322 tit.
407 4258 441 4320 tit
464 4267 569 4321 autem
592 4259 618 4319 si
642 4257 811 4321 scribimus

233 4364 264 4425 io
287 4380 441 4424 commuue
463 4361 572 4422 bouum
595 4380 745 4424 censuum
769 4363 850 4424 loeta
872 4361 1030 4426 dederuut.

87 4461 164 4528 haud
198 4485 268 4530 raro
302 4465 377 4528 inde
411 4483 429 4526 a
459 4465 605 4528 Sallustio
639 4475 671 4526 et
699 4463 835 4546 Vergilio
868 4466 941 4528 laeti
971 4465 1159 4530 vocabulum
1193 4487 1264 4531 cum
