3186 5108
381 381 470 444 Ιιωιι
491 397 655 444 enarrem
680 397 861 442 κιιιιιιιιτι
881 379 975 442 tatto.
1199 363 1268 436 187

99 567 169 651 λέγω
195 565 229 634 δὲ
255 563 289 634 τὸ
315 563 380 632 κατ’
414 562 508 652 αὐτην
535 561 588 652 την
617 565 726 652 τέχνην
754 566 903 651 βέλτιστον
932 561 1121 651 γιγνόμινον·
1157 589 1209 632 του
1238 565 1272 631 δέ

98 674 128 756 τῇ
148 665 232 738 πόλιν
252 695 285 735 τε
307 667 358 735 καὶ
381 665 470 736 adadu
494 665 575 758 αὑτῷ
590 669 740 756 βελτίστου
762 662 845 742 όντος
866 665 1013 736 τὰπολλὰ
1032 664 1270 756 διημαρτηκότα,

98 767 153 852 ότι,
177 772 273 859 οἶμαι,
298 765 369 840 ἄνευ
391 778 444 840 νοῦ
466 769 536 860 δόὲρ
558 769 783 842 πεπιστευκότα.
828 777 935 855 itaque
958 793 1021 837 non
1043 774 1140 838 debet
1162 775 1272 854 negari

97 879 276 960 Aeschylum
299 879 394 942 etiam
417 879 502 945 nulla
525 878 673 944 versiculi
703 881 891 942 necessitate
914 889 1055 942 coactum
1084 879 1192 942 dicere
1216 897 1293 958 po-v

96 983 184 1046 tuisse
210 977 284 1068 πρὸς
311 975 400 1054 αὐτὸς
430 975 520 1046 αὑτοῦ
547 975 736 1067 κενοφρόνων
765 974 994 1067 βουλευμάτων,
1029 983 1124 1044 immo
1153 980 1272 1044 dixisse

97 1105 161 1148 eum
177 1087 218 1146 ita
239 1085 436 1148 credendum
451 1094 499 1148 est
520 1085 637 1166 optimo
660 1086 753 1165 libro,
779 1087 811 1148 in
827 1084 1013 1166 vulgaribus
1033 1093 1140 1150 autem
1162 1103 1273 1146 exem·

97 1188 230 1268 pleribus
251 1188 396 1252 ordinem
418 1188 589 1252 verborum
613 1191 718 1252 minus
738 1191 888 1252 usitatum
917 1189 950 1251 in
973 1189 1128 1250 tritiorem
1151 1197 1271 1250 temere

96 1302 240 1356 mutatum
263 1311 333 1356 esse
358 1291 578 1372 iudicabimus,
603 1290 868 1372 quemadmodum
885 1291 1076 1354 Philemonis
1095 1291 1272 1354 versiculus

95 1415 182 1475 quem
204 1415 303 1477 supra
325 1395 552 1476 adscripsimus
575 1397 607 1457 in
630 1395 722 1457 libris
743 1396 862 1476 aliquot
880 1395 1034 1474 neglectis
1055 1393 1135 1457 adeo
1157 1413 1272 1456 nume-

95 1500 134 1561 ris
160 1499 203 1560 ita
232 1499 369 1580 scriptus
400 1509 465 1578 est,
500 1496 568 1570 τοὺς
598 1493 689 1564 αὑτοῦ
717 1492 805 1569 αὐτὸς
834 1491 950 1582 βοόλελλ
983 1491 1124 1581 ὑγιαίνειν
1154 1493 1269 1582 φίλους.

94 1621 190 1682 neque
214 1620 296 1682 quae
319 1602 526 1664 consimiliter
547 1611 657 1682 poetae
680 1601 833 1664 dixerunt
860 1600 901 1663 ad
923 1602 1018 1664 solam
1042 1600 1136 1662 metri
1159 1619 1273 1663 noces-

94 1706 208 1767 sitalem
234 1704 409 1767 referemus
430 1715 484 1766 aut
505 1703 694 1784 Aeschylum
724 1725 793 1768 cum
818 1703 958 1786 Chocph.
984 1724 1015 1764 v.
1034 1705 1096 1765 834
1120 1703 1163 1764 ita
1186 1703 1273 1764 locu·

93 1818 138 1870 tus
158 1819 224 1888 est,
256 1802 427 1891 ἠκούσαμεν
451 1807 516 1891 μέν,
547 1800 698 1871 πυνθάνου
728 1804 761 1870 δέ
789 1811 848 1871 τῶν
876 1806 965 1878 ξένων
988 1797 1076 1870 ’Eoos
1097 1797 1270 1890 παριλθιόν.

92 1905 171 1976 οὐδὲν
206 1906 341 1995 ἀγγέλων
375 1909 500 1987 σθένος,
529 1903 580 1982 Ὡς
614 1903 702 1974 αὐτὸν
732 1904 830 1975 αὐτῶν
864 1901 959 1995 ἄνδρα
990 1903 1159 1974 esttecum
1189 1901 1273 1993 πάρα

98 2013 171 2094 [uam
194 2016 238 2078 ita
260 2033 333 2078 eum
356 2015 494 2077 locutum
517 2033 586 2076 esse
608 2032 670 2076 non
687 2013 894 2098 dubitamus),
919 2014 1068 2077 versiculi
1085 2015 1189 2094 potius
1211 2031 1274 2076 nu-

93 2137 188 2182 meros
211 2137 339 2182 curasse
362 2115 614 2180 existimabimus
636 2137 731 2198 quam
759 2119 944 2197 gravitatem
967 2127 1062 2198 atque
1085 2116 1272 2196 elegantiam

94 2223 248 2284 orationis.
824 2277 828 2282 .

170 2327 359 2390 Continetur
387 2333 493 2388 autem
522 2324 575 2386 illa
603 2342 697 2404 quam
726 2323 978 2405 adgnoscendam
1007 2343 1078 2386 esse
1107 2343 1274 2388 censemus

90 2431 235 2492 orationis
257 2429 413 2510 elegantia
436 2447 473 2490 eo
496 2427 580 2508 quod
612 2427 755 2490 eiusdem
777 2426 922 2490 vocabuli
951 2427 1070 2490 lormae
1099 2428 1186 2490 iuxta
1208 2426 1274 2489 col-

89 2533 199 2596 locatae
223 2542 298 2598 sunt
322 2532 471 2612 nulloque
502 2531 665 2594 intervallo
688 2529 820 2592 divisae.
867 2531 896 2592 ci
926 2531 972 2592 rei
996 2541 1192 2613 quantopere
1214 2549 1273 2592 ve-

90 2645 168 2700 teres
196 2646 230 2700 et
259 2645 369 2716 poetae
403 2645 434 2698 et
467 2635 637 2715 scriptores
666 2633 849 2698 studuerint
881 2633 1029 2698 omnibus
1062 2642 1170 2696 notum
1204 2642 1269 2696 est:

89 2739 277 2804 studuerunt
305 2747 412 2802 autem
439 2738 482 2800 ita
512 2747 547 2802 ut
575 2747 743 2818 propterea
771 2757 836 2810 non
863 2755 1035 2818 numquam
1062 2735 1161 2799 verba
1190 2735 1273 2798 libe-

91 2843 151 2906 rius
173 2845 357 2908 traicerent.
404 2861 423 2904 a
452 2860 516 2921 qua
544 2840 691 2904 libertate
721 2860 761 2904 ne
790 2841 1044 2922 simplicissimus
1066 2839 1197 2920 quidem
1220 2840 1272 2902 ille

89 2964 185 3008 sermo
217 2947 402 3008 Homericus
434 2943 600 3008 abhorret:
638 2945 758 3026 qnippe
792 2944 926 3008 licenter
958 2945 1034 3006 satis
1071 2942 1191 3006 dictum
1225 2951 1273 3004 est

89 3048 161 3112 illud
194 3049 228 3110 in
258 3047 418 3130 Odysseae
451 3067 469 3109 v
498 3048 557 3110 tel
592 3041 656 3110 ἀλλ’
694 3037 714 3131 ἦ
749 3069 796 3111 τοι
824 3039 931 3118 νόκτας
965 3043 1018 3129 μέν
1053 3039 1190 3112 dedecus
1223 3040 1274 3108 καὶ

89 3145 198 3238 ἀνάγκη
218 3146 276 3216 Ἐν
305 3149 411 3216 σπέσσι
431 3150 611 3236 γλαφυροῖσι
638 3143 706 3235 παρ’
740 3144 794 3214 oie
823 3148 938 3214 ἐθέλων
966 3145 1135 3234 έθιλοόση,
1166 3167 1273 3228 neque

90 3256 238 3318 consimili
269 3255 442 3318 verborum
473 3255 657 3318 traiectione
687 3263 775 3318 caret
803 3253 889 3334 quod
917 3263 1025 3336 postea
1048 3271 1078 3314 v.
1099 3254 1161 3316 iil
1192 3251 1273 3332 legi-

89 3377 153 3422 mus
175 3353 250 3442 μετὰ
278 3353 330 3421 καὶ
355 3351 424 3422 τάδε
451 3356 528 3422 τοῖσι
555 3355 698 3440 γινέσθω.
746 3356 894 3420 addimus
920 3357 981 3420 alia
1003 3357 1136 3420 aliorum
1159 3375 1270 3419 exem-

89 3461 152 3541 pla,
192 3481 233 3524 ne
272 3461 324 3524 illa
358 3459 489 3542 quidem
523 3458 683 3524 recondita
720 3469 774 3522 aut
809 3461 955 3540 neglecta
990 3479 1009 3522 a
1046 3459 1270 3539 grammaticis.

88 3561 257 3647 Aeschylus
291 3566 391 3628 Prom.
423 3583 455 3626 v.
481 3563 543 3626 278
572 3558 645 3648 πρὸς
678 3553 774 3627 ἄλλοτ’
808 3553 900 3628 ἄλλον
933 3557 1053 3646 πημονὴ
1086 3555 1270 3647 προσιζάνει.

88 3669 228 3730 similiter
258 3666 413 3730 Pindarus
441 3668 573 3750 Pytha
605 3667 644 3728 53
679 3664 835 3750 ἐγκωμίων
868 3661 926 3751 γὰρ
955 3655 1049 3737 ἄωτος
1077 3655 1176 3749 ὕμνων
1201 3658 1268 3728 Ἐπ’

90 3761 178 3836 ἄλλοτ’
212 3761 304 3834 ἄλλον
333 3762 391 3834 ὧτε
421 3769 549 3854 μέλισσα
577 3763 662 3836 beves
690 3763 789 3853 λόγον.
837 3770 1022 3832 Theocritus
1051 3789 1099 3832 κνι
1129 3770 1146 3829 l
1177 3758 1273 3851 όιμμις

89 3870 118 3935 δέ
139 3872 249 3960 βροτοί,
274 3874 303 3937 oi
326 3872 359 3938 δὲ
382 3868 503 3960 βροτοὺς
526 3868 625 3960 βροτοὶ
646 3867 788 3938 ἀείδοντι.
834 3891 1001 3954 possumus
1022 3890 1140 3954 augere
1163 3889 1274 3934 exem-

88 3977 208 4056 plorum
237 3997 424 4056 numerum,
456 3976 514 4040 sed
544 3997 606 4058 quo
635 3977 740 4038 minus
770 3977 933 4040 materiem
964 3975 1189 4038 exhauriamus
1215 3992 1275 4035 ne-

90 4081 221 4142 cessaria
243 4081 338 4146 huius
359 4081 542 4161 scriptionis
571 4079 727 4142 brevitate
751 4079 953 4160 impedimur.
1001 4097 1100 4159 quare
1123 4079 1182 4140 hoc
1204 4087 1275 4140 tan-

90 4190 150 4244 tum
183 4183 356 4263 adicimus,
398 4185 429 4246 in
465 4184 515 4246 his
549 4201 675 4265 quoque
713 4181 933 4264 similibusque
968 4180 1096 4244 dicendi
1132 4179 1275 4242 lorumlis

89 4285 224 4348 animum
257 4306 319 4349 non
355 4289 451 4350 nimis
485 4285 718 4350 advertendum
748 4305 817 4348 esse
849 4284 890 4346 ad
925 4294 1100 4348 metrorum
1133 4283 1276 4345 necessi·

90 4395 197 4468 tatem,
236 4391 326 4470 quasi
355 4389 430 4453 boni
463 4399 573 4472 poetae
603 4391 791 4470 elegantiam
827 4406 978 4453 versuum
1009 4406 1081 4450 cum
1111 4371 1274 4450 sermonis¹

89 4489 239 4571 elegantia
261 4493 452 4574 coniungere
475 4495 671 4558 nesciverint
696 4503 750 4556 aut
776 4492 945 4574 scriptores
968 4499 1099 4572 propter
1120 4489 1295 4556 orationist
