3268 5108
372 351 460 411 lunen
484 369 651 414 cocrronmr
674 369 852 412 nnsrrvrnvu
879 351 973 412 teat.
1222 331 1270 404 33

101 538 317 618 exemplaribus
340 540 456 620 legitur
477 539 651 602 absurdum
675 541 774 622 est*).
814 538 891 620 sed,
917 548 952 602 ut
974 537 1133 616 diximus,
1159 537 1272 597 borum

101 638 200 702 Aetnae
213 661 368 706 versuum
392 641 646 705 emendationem
669 640 711 704 ab
733 643 804 704 eliis
827 653 1042 725 expectamus.
1083 641 1202 702 certius
1224 648 1273 701 est

100 742 133 803 do
153 747 300 824 proximis
322 744 488 825 iudicium,

208 850 328 933 purpite
354 851 513 912 Trinacrio
535 852 709 912 morientem
732 851 869 931 Iuppiter
891 845 987 911 Aetna

209 951 311 1014 obruit
333 951 515 1030 Enceladon,
540 961 626 1014 vasto
648 954 701 1034 qui
718 953 852 1034 pondere
874 954 982 1014 nwntls

211 1063 331 1117 aestuat
353 1065 381 1118 et
399 1057 516 1137 patratis
539 1058 667 1137 capient
685 1055 827 1137 [comens
850 1057 940 1138 ienis.

98 1158 131 1216 ita
152 1159 232 1218 euim
256 1159 334 1220 baec
357 1157 527 1220 scribenda
549 1167 635 1220 sunt.
682 1178 854 1222 eucnemon
878 1158 1164 1240 Cantabrigiensis:
1199 1156 1276 1217 reli-

98 1261 144 1338 qui
165 1261 359 1324 Enceladum.
406 1271 473 1323 tum
496 1281 589 1324 vasso
613 1281 663 1334 cvr
694 1273 779 1326 recte
810 1262 1072 1325 Helmstadiensis
1102 1271 1132 1324 et
1154 1259 1275 1322 Rebdi-

98 1381 219 1440 gcranus
250 1375 281 1426 et
309 1362 460 1427 Aldinum
492 1365 673 1446 exemplar,
706 1375 850 1448 vastoque
875 1365 1160 1446 Cantabrigiensis,
1201 1363 1274 1424 olim

99 1467 220 1548 inpressi
244 1477 331 1530 vasta
353 1486 479 1550 pompeo.
519 1467 637 1530 deinde
661 1468 735 1531 libri
755 1471 898 1551 petolans
921 1479 953 1531 et
974 1471 1067 1550 peius
1083 1469 1176 1530 etiam
1194 1465 1276 1527 Ceu-

97 1569 289 1651 tabrigiensis
309 1573 414 1654 petala
436 1573 520 1632 inse:
552 1571 610 1634 sed
631 1571 838 1654 petulantiam
870 1583 902 1635 et
927 1573 1150 1654 procaeitatem
1173 1571 1276 1631 Ence-

97 1671 150 1734 ladi
172 1675 285 1737 iniecte
308 1674 429 1736 Aetnae
453 1675 534 1737 mole
558 1695 761 1756 conpressam
784 1695 854 1738 esse
877 1675 1037 1739 oredimus
1056 1674 1277 1738 verissimum-

98 1794 151 1854 que
172 1788 218 1838 est
242 1797 372 1858 saronis,
405 1776 490 1859 quod
521 1779 576 1858 qui
606 1780 730 1870 primus
760 1781 918 1842 invenerit
947 1779 1145 1860 ignoramuS,
1181 1775 1276 1837 habet

98 1889 191 1940 autem
215 1879 301 1942 liber
321 1879 467 1942 Aldiuus.
514 1891 666 1944 secuntur
687 1881 728 1943 ad
751 1882 879 1945 modum
901 1884 1025 1960 vitiosa,

215 1984 290 2046 boec
312 1993 355 2046 cst
377 1984 539 2046 mendosae
560 1986 687 2068 culpato
710 1967 832 2048 licentio
850 1985 965 2068 samoe.

214 2087 336 2150 vatibus
359 2090 513 2171 inpertiam
535 2096 599 2165 cst‚·
622 2089 691 2151 belec
714 2089 801 2151 ocidit
822 2089 919 2152 nobile
941 2107 1076 2151 carmen.
1127 2121 1130 2130 Δ

210 2191 351 2272 plurima
370 2210 448 2274 pars
471 2209 579 2254 scenae
601 2211 706 2254 rernm
728 2201 772 2255 est
791 2193 933 2274 fallacia.

172 2294 233 2355 ism
255 2295 308 2356 hio
340 2293 516 2357 subsistere
545 2296 698 2376 cogimur.
745 2313 818 2356 uem
852 2295 930 2376 quid
964 2294 1091 2358 tandem
1125 2294 1183 2355 hoc
1216 2301 1275 2372 est,

97 2413 192 2458 rernm
216 2397 369 2478 saliano?
405 2417 511 2478 neque
540 2401 646 2460 miuus
675 2397 815 2460 absurde
845 2417 924 2480 pars
952 2417 1059 2462 scenae
1087 2416 1192 2459 rernm
1220 2415 1278 2476 pro

99 2501 189 2578 ipsius
211 2519 326 2564 scenae
355 2511 444 2582 parte
467 2500 642 2564 diceretur.
690 2521 802 2564 verum
831 2503 884 2562 hic
905 2501 1038 2583 quidem
1061 2511 1147 2564 certa
1169 2519 1280 2562 emcn-

97 2601 171 2664 datio
195 2605 226 2666 in
251 2615 400 2686 promptu
424 2616 488 2667 est:
523 2625 628 2686 neque
652 2607 738 2666 enim
762 2604 944 2668 dubitamus
967 2607 1045 2685 quin
1070 2606 1111 2666 ita
1133 2601 1280 2665 scriben-

98 2703 164 2766 dum
186 2707 244 2787 sit,
280 2707 417 2769 Pinnem
443 2727 522 2790 pars
546 2727 653 2770 scenae
676 2727 771 2770 varon
794 2716 839 2771 est
857 2708 997 2790 foliacia.
1053 2705 1165 2770 eodem
1189 2705 1280 2768 modo

97 2807 207 2872 dictum
239 2821 287 2872 est
310 2821 401 2873 anteo
424 2830 456 2872 v.
475 2813 515 2874 29
539 2831 664 2894 nemnem
686 2813 789 2893 capiat
813 2811 944 2893 foliacia
965 2819 1081 2873 vatum.
1128 2809 1281 2871 evincunt

96 2923 191 2974 autem
215 2913 447 2976 emendationis
469 2916 635 2978 veritatem
660 2933 696 2977 ea
719 2933 800 2994 quac
823 2925 986 2994 secuntur,

761 3026 845 3080 vates

217 3121 273 3183 sub
295 3123 389 3184 terris
411 3123 516 3204 nipros
539 3121 684 3183 viderunt
702 3123 839 3184 carmine
860 3139 966 3183 mones

218 3233 307 3306 atpm
329 3227 410 3287 inter
431 3227 547 3287 cineres
570 3226 648 3287 Ditis
670 3225 818 3306 pollentio
839 3243 955 3308 repam·

218 3331 336 3392 mentiti
356 3337 441 3392 votes
464 3329 586 3412 Stypios
608 3328 766 3412 undasque
787 3346 945 3410 canesque.

97 3429 147 3490 sed
170 3432 202 3492 hi
226 3450 353 3513 quoque
375 3450 490 3494 versus
512 3433 599 3513 gravi
623 3433 773 3494 orationis
791 3432 867 3493 vitio
890 3429 1045 3510 laborant,
1071 3428 1156 3511 quod
1178 3429 1282 3491 bomi-

98 3549 149 3594 nes
170 3532 253 3595 docti
276 3534 399 3597 dudum
429 3535 685 3598 animadvertere
708 3533 881 3598 debebant.
928 3554 1001 3597 nam
1023 3533 1143 3596 vidisse
1171 3549 1283 3593 manes

98 3635 236 3718 Ditisque
266 3657 383 3719 regna,
410 3639 431 3698 i.
451 3657 480 3700 e.
506 3640 674 3700 commenti
705 3659 775 3701 csse
805 3659 842 3701 eo
871 3656 952 3719 quae
982 3657 1074 3701 nemo
1103 3636 1184 3698 elius
1210 3654 1284 3697 um-

98 3757 185 3820 quam
216 3741 310 3820 vidit,
343 3751 455 3822 poetae
484 3750 569 3804 recte
598 3741 760 3820 dicuntur,
792 3743 991 3822 ineptissime
1020 3753 1125 3803 autem
1148 3740 1285 3802 carmine

100 3842 146 3904 illa
174 3863 238 3906 uon
265 3846 414 3924 linxisse,
446 3843 503 3906 sed
524 3842 658 3906 vidisse.
706 3864 812 3926 neque
840 3857 946 3906 tamen
971 3845 1133 3925 finmeront
1160 3851 1284 3924 poetam

98 3948 258 4029 scripsisse
288 3950 524 4024 existimamus,
563 3947 621 4010 sed
654 3949 714 4009 hac
746 3947 960 4029 probabiliore
996 3948 1167 4010 mutatione
1200 3946 1286 4008 bunc

99 4067 220 4112 uersum
253 4052 422 4113 restituere
452 4049 544 4112 nobis
572 4050 731 4129 videmur,
763 4059 848 4114 votes
876 4050 939 4112 Sub
962 4053 1054 4114 terris
1081 4069 1171 4113 mano
1200 4049 1287 4111 vide-

99 4161 169 4216 runt
188 4173 297 4218 saurus
319 4173 436 4216 mones.
483 4156 611 4234 nigrum
635 4157 775 4216 manium
795 4171 909 4236 agmen
932 4154 1080 4216 similiter
1095 4152 1215 4216 dictum
1238 4161 1287 4214 est

163 4396 187 4456 'l
208 4391 278 4460 [Cir.
292 4399 342 4446 itt
362 4397 415 4448 alte
434 4396 547 4462 suspicit
564 4393 599 4444 ud
617 4395 682 4446 celsi
703 4397 830 4446 nictantia
849 4394 938 4446 sidera
959 4373 1074 4455 mundi(
1093 4395 1166 4446 Acta.
1181 4395 1213 4442 tt
1233 4395 1288 4442 adt-

101 4483 138 4528 ltn
154 4487 191 4530 cst
208 4483 293 4544 oceano
309 4487 336 4532 in
357 4483 565 4546 Centobripicnsi
583 4483 648 4532 libro
666 4483 762 4545 lepitar
779 4495 855 4532 croco
872 4483 1034 4544 praeposito.
1038 4479 1053 4548 J

150 4579 266 4632 lisuptii
279 4581 390 4633 Opusculs
405 4581 433 4623 Il.
1067 4585 1081 4635 3
