<?xml version="1.0" encoding="UTF-8"?>
<!DOCTYPE html PUBLIC "-//W3C//DTD XHTML 1.0 Transitional//EN"
    "http://www.w3.org/TR/xhtml1/DTD/xhtml1-transitional.dtd">
<html xmlns="http://www.w3.org/1999/xhtml" xml:lang="en" lang="en">
 <head>
  <title>
</title>
<meta http-equiv="Content-Type" content="text/html;charset=utf-8" />
  <meta name='ocr-system' content='tesseract 3.04.00' />
  <meta name='ocr-capabilities' content='ocr_page ocr_carea ocr_par ocr_line ocrx_word'/>
</head>
<body>
  <div class='ocr_page' id='page_1' title='image "./mavriciihavptii00haupgoog/mavriciihavptii00haupgoog_0182.png"; bbox 0 0 3186 5108; ppageno 0'>
   <div class='ocr_carea' id='block_1_1' title="bbox 377 401 1275 476">
    <p class='ocr_par' dir='ltr' id='par_1_1' title="bbox 377 401 1275 476">
     <span class='ocr_line' id='line_1_1' title="bbox 377 401 1275 476; baseline 0.006 -9"><span class='ocrx_word' id='word_1_1' title='bbox 377 407 467 468; x_wconf 81' lang='lat' dir='ltr'><strong>lnortx</strong></span> <span class='ocrx_word' id='word_1_2' title='bbox 489 426 653 471; x_wconf 75' lang='lat' dir='ltr'><strong>ascalonus</strong></span> <span class='ocrx_word' id='word_1_3' title='bbox 676 429 863 474; x_wconf 76' lang='lat' dir='ltr'><strong>susanam</strong></span> <span class='ocrx_word' id='word_1_4' title='bbox 881 412 974 476; x_wconf 80' lang='lat' dir='ltr'><strong>ists.</strong></span> <span class='ocrx_word' id='word_1_5' title='bbox 1204 401 1275 473; x_wconf 81' lang='lat'><strong>169</strong></span> 
     </span>
    </p>
   </div>
   <div class='ocr_carea' id='block_1_2' title="bbox 76 594 1279 3476">
    <p class='ocr_par' dir='ltr' id='par_1_2' title="bbox 76 594 1279 2439">
     <span class='ocr_line' id='line_1_2' title="bbox 95 594 1276 681; baseline 0.009 -27"><span class='ocrx_word' id='word_1_6' title='bbox 95 603 189 655; x_wconf 82' lang='lat' dir='ltr'><strong>autent</strong></span> <span class='ocrx_word' id='word_1_7' title='bbox 216 594 350 658; x_wconf 86' lang='lat' dir='ltr'><strong>Palladis</strong></span> <span class='ocrx_word' id='word_1_8' title='bbox 380 595 524 660; x_wconf 76' lang='lat' dir='ltr'>vocabuli</span> <span class='ocrx_word' id='word_1_9' title='bbox 555 617 646 662; x_wconf 91' lang='lat' dir='ltr'><strong>usum</strong></span> <span class='ocrx_word' id='word_1_10' title='bbox 676 597 717 661; x_wconf 89' lang='lat' dir='ltr'><strong>de</strong></span> <span class='ocrx_word' id='word_1_11' title='bbox 753 619 816 681; x_wconf 94' lang='lat' dir='ltr'><strong>quo</strong></span> <span class='ocrx_word' id='word_1_12' title='bbox 845 599 986 666; x_wconf 81' lang='lat' dir='ltr'>diximus</span> <span class='ocrx_word' id='word_1_13' title='bbox 1022 605 1055 666; x_wconf 88' lang='lat' dir='ltr'><strong>in</strong></span> <span class='ocrx_word' id='word_1_14' title='bbox 1085 603 1276 668; x_wconf 88' lang='lat' dir='ltr'><strong>Graecorum</strong></span> 
     </span>
     <span class='ocr_line' id='line_1_3' title="bbox 94 699 1277 789; baseline 0.01 -31"><span class='ocrx_word' id='word_1_15' title='bbox 94 706 246 777; x_wconf 85' lang='lat' dir='ltr'><strong>poetarum</strong></span> <span class='ocrx_word' id='word_1_16' title='bbox 273 699 469 763; x_wconf 73' lang='lat' dir='ltr'><strong>carminibus</strong></span> <span class='ocrx_word' id='word_1_17' title='bbox 499 699 616 765; x_wconf 89' lang='lat' dir='ltr'><strong>lruslra</strong></span> <span class='ocrx_word' id='word_1_18' title='bbox 646 721 798 784; x_wconf 78' lang='lat' dir='ltr'><strong>quaeras:</strong></span> <span class='ocrx_word' id='word_1_19' title='bbox 832 723 1025 787; x_wconf 90' lang='lat' dir='ltr'><strong>quamquam</strong></span> <span class='ocrx_word' id='word_1_20' title='bbox 1054 707 1168 770; x_wconf 88' lang='lat' dir='ltr'><strong>similis</strong></span> <span class='ocrx_word' id='word_1_21' title='bbox 1197 726 1277 789; x_wconf 91' lang='lat' dir='ltr'><strong>quo-</strong></span> 
     </span>
     <span class='ocr_line' id='line_1_4' title="bbox 93 798 1277 890; baseline 0.012 -30"><span class='ocrx_word' id='word_1_22' title='bbox 93 798 248 864; x_wconf 84' lang='lat' dir='ltr'><strong>dammodo</strong></span> <span class='ocrx_word' id='word_1_23' title='bbox 270 812 319 865; x_wconf 86' lang='lat' dir='ltr'><strong>est</strong></span> <span class='ocrx_word' id='word_1_24' title='bbox 341 805 499 866; x_wconf 88' lang='lat' dir='ltr'><strong>sententia</strong></span> <span class='ocrx_word' id='word_1_25' title='bbox 523 805 761 887; x_wconf 77' lang='lat' dir='ltr'><strong>epigrammatis</strong></span> <span class='ocrx_word' id='word_1_26' title='bbox 782 808 870 870; x_wconf 90' lang='lat' dir='ltr'><strong>anth.</strong></span> <span class='ocrx_word' id='word_1_27' title='bbox 897 809 959 870; x_wconf 88' lang='lat' dir='ltr'><strong>Pal.</strong></span> <span class='ocrx_word' id='word_1_28' title='bbox 984 829 1014 870; x_wconf 85' lang='lat' dir='ltr'><strong>nt</strong></span> <span class='ocrx_word' id='word_1_29' title='bbox 1039 810 1116 890; x_wconf 96' lang='grc'><strong>430,</strong></span> <span class='ocrx_word' id='word_1_30' title='bbox 1149 803 1277 874; x_wconf 80' lang='grc' dir='ltr'>Παλλά-</span> 
     </span>
     <span class='ocr_line' id='line_1_5' title="bbox 93 900 1276 1000; baseline 0.013 -36"><span class='ocrx_word' id='word_1_31' title='bbox 93 902 136 974; x_wconf 76' lang='grc' dir='ltr'><strong>δος</strong></span> <span class='ocrx_word' id='word_1_32' title='bbox 157 901 216 988; x_wconf 79' lang='lat' dir='ltr'><strong>cipi</strong></span> <span class='ocrx_word' id='word_1_33' title='bbox 239 900 350 990; x_wconf 80' lang='grc' dir='ltr'>φυτόν·</span> <span class='ocrx_word' id='word_1_34' title='bbox 376 901 510 992; x_wconf 77' lang='grc' dir='ltr'><strong>Βρομίου</strong></span> <span class='ocrx_word' id='word_1_35' title='bbox 532 905 560 972; x_wconf 79' lang='grc'><strong>44</strong></span> <span class='ocrx_word' id='word_1_36' title='bbox 582 931 619 992; x_wconf 80' lang='lat' dir='ltr'><strong>pc</strong></span> <span class='ocrx_word' id='word_1_37' title='bbox 635 907 754 995; x_wconf 77' lang='grc' dir='ltr'><strong>044βετε</strong></span> <span class='ocrx_word' id='word_1_38' title='bbox 776 913 904 989; x_wconf 57' lang='lat' dir='ltr'><strong>aldam</strong></span> <span class='ocrx_word' id='word_1_39' title='bbox 925 901 1032 998; x_wconf 78' lang='grc' dir='ltr'><strong>Ἄρατε</strong></span> <span class='ocrx_word' id='word_1_40' title='bbox 1046 908 1114 986; x_wconf 81' lang='grc' dir='ltr'><strong>τοὺς</strong></span> <span class='ocrx_word' id='word_1_41' title='bbox 1130 907 1276 1000; x_wconf 80' lang='grc' dir='ltr'>βότρυας·</span> 
     </span>
     <span class='ocr_line' id='line_1_6' title="bbox 91 1004 1278 1094; baseline 0.009 -26"><span class='ocrx_word' id='word_1_42' title='bbox 91 1006 229 1090; x_wconf 76' lang='grc' dir='ltr'><strong>παρθένος</strong></span> <span class='ocrx_word' id='word_1_43' title='bbox 252 1004 288 1073; x_wconf 80' lang='grc' dir='ltr'><strong>οὐ</strong></span> <span class='ocrx_word' id='word_1_44' title='bbox 310 1004 432 1094; x_wconf 72' lang='lat' dir='ltr'><strong>pallio:</strong></span> <span class='ocrx_word' id='word_1_45' title='bbox 465 1012 497 1072; x_wconf 92' lang='lat' dir='ltr'><strong>in</strong></span> <span class='ocrx_word' id='word_1_46' title='bbox 521 1013 655 1094; x_wconf 78' lang='lat' dir='ltr'><strong>virginis</strong></span> <span class='ocrx_word' id='word_1_47' title='bbox 677 1015 762 1076; x_wconf 88' lang='lat' dir='ltr'><strong>enim</strong></span> <span class='ocrx_word' id='word_1_48' title='bbox 786 1016 914 1078; x_wconf 90' lang='lat' dir='ltr'><strong>nomine</strong></span> <span class='ocrx_word' id='word_1_49' title='bbox 937 1015 1017 1079; x_wconf 82' lang='lat' dir='ltr'><strong>desc</strong></span> <span class='ocrx_word' id='word_1_50' title='bbox 1041 1027 1073 1080; x_wconf 93' lang='lat' dir='ltr'><strong>et</strong></span> <span class='ocrx_word' id='word_1_51' title='bbox 1094 1018 1196 1081; x_wconf 82' lang='lat' dir='ltr'><strong>olivae</strong></span> <span class='ocrx_word' id='word_1_52' title='bbox 1219 1037 1278 1080; x_wconf 93' lang='lat' dir='ltr'><strong>no-</strong></span> 
     </span>
     <span class='ocr_line' id='line_1_7' title="bbox 93 1111 1279 1202; baseline 0.011 -31"><span class='ocrx_word' id='word_1_53' title='bbox 93 1111 185 1176; x_wconf 78' lang='lat' dir='ltr'><strong>tiones</strong></span> <span class='ocrx_word' id='word_1_54' title='bbox 206 1114 398 1177; x_wconf 88' lang='lat' dir='ltr'><strong>coalescunt.</strong></span> <span class='ocrx_word' id='word_1_55' title='bbox 445 1115 519 1196; x_wconf 86' lang='lat' dir='ltr'><strong>scd,</strong></span> <span class='ocrx_word' id='word_1_56' title='bbox 550 1126 585 1179; x_wconf 94' lang='lat' dir='ltr'><strong>ut</strong></span> <span class='ocrx_word' id='word_1_57' title='bbox 607 1117 685 1179; x_wconf 88' lang='lat' dir='ltr'><strong>alias</strong></span> <span class='ocrx_word' id='word_1_58' title='bbox 707 1117 866 1198; x_wconf 84' lang='lat' dir='ltr'><strong>diximus,</strong></span> <span class='ocrx_word' id='word_1_59' title='bbox 892 1120 1018 1182; x_wconf 88' lang='lat' dir='ltr'><strong>Latinos</strong></span> <span class='ocrx_word' id='word_1_60' title='bbox 1040 1130 1149 1202; x_wconf 88' lang='lat' dir='ltr'><strong>poetas</strong></span> <span class='ocrx_word' id='word_1_61' title='bbox 1171 1120 1204 1182; x_wconf 95' lang='lat' dir='ltr'><strong>in</strong></span> <span class='ocrx_word' id='word_1_62' title='bbox 1228 1120 1279 1184; x_wconf 90' lang='lat' dir='ltr'><strong>bis</strong></span> 
     </span>
     <span class='ocr_line' id='line_1_8' title="bbox 92 1212 1278 1299; baseline 0.01 -25"><span class='ocrx_word' id='word_1_63' title='bbox 92 1212 209 1278; x_wconf 85' lang='lat' dir='ltr'><strong>dicendi</strong></span> <span class='ocrx_word' id='word_1_64' title='bbox 233 1216 345 1298; x_wconf 77' lang='lat' dir='ltr'><strong>figuris</strong></span> <span class='ocrx_word' id='word_1_65' title='bbox 375 1219 503 1280; x_wconf 91' lang='lat' dir='ltr'><strong>omnino</strong></span> <span class='ocrx_word' id='word_1_66' title='bbox 532 1218 699 1299; x_wconf 83' lang='lat' dir='ltr'><strong>probabile</strong></span> <span class='ocrx_word' id='word_1_67' title='bbox 729 1230 778 1284; x_wconf 89' lang='lat' dir='ltr'><strong>cst</strong></span> <span class='ocrx_word' id='word_1_68' title='bbox 807 1241 870 1284; x_wconf 91' lang='lat' dir='ltr'><strong>non</strong></span> <span class='ocrx_word' id='word_1_69' title='bbox 900 1224 997 1286; x_wconf 88' lang='lat' dir='ltr'><strong>multa</strong></span> <span class='ocrx_word' id='word_1_70' title='bbox 1019 1235 1112 1288; x_wconf 89' lang='lat' dir='ltr'><strong>aulea</strong></span> <span class='ocrx_word' id='word_1_71' title='bbox 1136 1222 1278 1287; x_wconf 86' lang='lat' dir='ltr'><strong>inaudita</strong></span> 
     </span>
     <span class='ocr_line' id='line_1_9' title="bbox 92 1319 1277 1407; baseline 0.01 -29"><span class='ocrx_word' id='word_1_72' title='bbox 92 1337 154 1380; x_wconf 89' lang='lat' dir='ltr'><strong>esse</strong></span> <span class='ocrx_word' id='word_1_73' title='bbox 174 1337 278 1400; x_wconf 87' lang='lat' dir='ltr'><strong>auses,</strong></span> <span class='ocrx_word' id='word_1_74' title='bbox 305 1319 362 1384; x_wconf 91' lang='lat' dir='ltr'><strong>sed</strong></span> <span class='ocrx_word' id='word_1_75' title='bbox 385 1322 539 1403; x_wconf 89' lang='lat' dir='ltr'><strong>pleraque</strong></span> <span class='ocrx_word' id='word_1_76' title='bbox 562 1341 580 1384; x_wconf 90' lang='lat' dir='ltr'><strong>a</strong></span> <span class='ocrx_word' id='word_1_77' title='bbox 600 1322 794 1388; x_wconf 75' lang='lat' dir='ltr'><strong>doctioribus</strong></span> <span class='ocrx_word' id='word_1_78' title='bbox 815 1328 918 1407; x_wconf 89' lang='lat' dir='ltr'><strong>poetis</strong></span> <span class='ocrx_word' id='word_1_79' title='bbox 933 1326 1063 1390; x_wconf 87' lang='lat' dir='ltr'><strong>Graecis</strong></span> <span class='ocrx_word' id='word_1_80' title='bbox 1086 1337 1118 1390; x_wconf 89' lang='lat' dir='ltr'><strong>et</strong></span> <span class='ocrx_word' id='word_1_81' title='bbox 1140 1327 1277 1390; x_wconf 76' lang='lat' dir='ltr'><strong>inanime</strong></span> 
     </span>
     <span class='ocr_line' id='line_1_10' title="bbox 90 1420 1278 1512; baseline 0.009 -29"><span class='ocrx_word' id='word_1_82' title='bbox 90 1420 126 1482; x_wconf 88' lang='lat' dir='ltr'><strong>ab</strong></span> <span class='ocrx_word' id='word_1_83' title='bbox 145 1420 371 1486; x_wconf 76' lang='lat' dir='ltr'><strong>Alexandrinis</strong></span> <span class='ocrx_word' id='word_1_84' title='bbox 398 1427 570 1506; x_wconf 84' lang='lat' dir='ltr'><strong>accepisse.</strong></span> <span class='ocrx_word' id='word_1_85' title='bbox 617 1445 716 1509; x_wconf 91' lang='lat' dir='ltr'><strong>pauca</strong></span> <span class='ocrx_word' id='word_1_86' title='bbox 746 1429 832 1490; x_wconf 88' lang='lat' dir='ltr'><strong>enirn</strong></span> <span class='ocrx_word' id='word_1_87' title='bbox 857 1431 889 1492; x_wconf 90' lang='lat' dir='ltr'><strong>in</strong></span> <span class='ocrx_word' id='word_1_88' title='bbox 913 1430 972 1493; x_wconf 92' lang='lat' dir='ltr'><strong>boc</strong></span> <span class='ocrx_word' id='word_1_89' title='bbox 993 1449 1112 1512; x_wconf 79' lang='lat' dir='ltr'><strong>genere</strong></span> <span class='ocrx_word' id='word_1_90' title='bbox 1135 1431 1278 1512; x_wconf 88' lang='lat' dir='ltr'><strong>protule-</strong></span> 
     </span>
     <span class='ocr_line' id='line_1_11' title="bbox 92 1526 1277 1616; baseline 0.008 -30"><span class='ocrx_word' id='word_1_91' title='bbox 92 1535 157 1586; x_wconf 88' lang='lat' dir='ltr'><strong>runt</strong></span> <span class='ocrx_word' id='word_1_92' title='bbox 179 1527 257 1607; x_wconf 93' lang='lat' dir='ltr'><strong>quin</strong></span> <span class='ocrx_word' id='word_1_93' title='bbox 279 1526 398 1590; x_wconf 87' lang='lat' dir='ltr'><strong>Graeca</strong></span> <span class='ocrx_word' id='word_1_94' title='bbox 422 1529 617 1610; x_wconf 84' lang='lat' dir='ltr'><strong>exemplaria</strong></span> <span class='ocrx_word' id='word_1_95' title='bbox 640 1549 694 1593; x_wconf 92' lang='lat' dir='ltr'><strong>ecs</strong></span> <span class='ocrx_word' id='word_1_96' title='bbox 724 1541 849 1595; x_wconf 90' lang='lat' dir='ltr'><strong>secutos</strong></span> <span class='ocrx_word' id='word_1_97' title='bbox 872 1553 942 1598; x_wconf 88' lang='lat' dir='ltr'><strong>esse</strong></span> <span class='ocrx_word' id='word_1_98' title='bbox 964 1533 1121 1616; x_wconf 89' lang='lat' dir='ltr'><strong>possimus</strong></span> <span class='ocrx_word' id='word_1_99' title='bbox 1144 1534 1277 1597; x_wconf 88' lang='lat' dir='ltr'><strong>demon-</strong></span> 
     </span>
     <span class='ocr_line' id='line_1_12' title="bbox 90 1629 1278 1718; baseline 0.01 -30"><span class='ocrx_word' id='word_1_100' title='bbox 90 1637 193 1690; x_wconf 87' lang='lat' dir='ltr'><strong>strare.</strong></span> <span class='ocrx_word' id='word_1_101' title='bbox 241 1631 341 1693; x_wconf 87' lang='lat' dir='ltr'><strong>veluti</strong></span> <span class='ocrx_word' id='word_1_102' title='bbox 376 1629 519 1694; x_wconf 88' lang='lat' dir='ltr'><strong>Thetidis</strong></span> <span class='ocrx_word' id='word_1_103' title='bbox 553 1634 681 1696; x_wconf 87' lang='lat' dir='ltr'><strong>nomine</strong></span> <span class='ocrx_word' id='word_1_104' title='bbox 714 1634 800 1698; x_wconf 89' lang='lat' dir='ltr'><strong>baud</strong></span> <span class='ocrx_word' id='word_1_105' title='bbox 834 1655 905 1699; x_wconf 90' lang='lat' dir='ltr'><strong>raro</strong></span> <span class='ocrx_word' id='word_1_106' title='bbox 940 1657 1026 1700; x_wconf 87' lang='lat' dir='ltr'><strong>mare</strong></span> <span class='ocrx_word' id='word_1_107' title='bbox 1057 1637 1278 1718; x_wconf 78' lang='lat' dir='ltr'><strong>significarunt</strong></span> 
     </span>
     <span class='ocr_line' id='line_1_13' title="bbox 76 1724 1277 1820; baseline 0.009 -29"><span class='ocrx_word' id='word_1_108' title='bbox 76 1724 256 1820; x_wconf 48' lang='lat' dir='ltr'><strong>(Vergilius</strong></span> <span class='ocrx_word' id='word_1_109' title='bbox 279 1732 353 1797; x_wconf 89' lang='lat' dir='ltr'><strong>buc.</strong></span> <span class='ocrx_word' id='word_1_110' title='bbox 374 1736 391 1796; x_wconf 86' lang='grc'><strong>4</strong></span> <span class='ocrx_word' id='word_1_111' title='bbox 415 1735 468 1814; x_wconf 77' lang='lat'><strong>32,</strong></span> <span class='ocrx_word' id='word_1_112' title='bbox 501 1735 651 1799; x_wconf 87' lang='lat' dir='ltr'><strong>llartialis</strong></span> <span class='ocrx_word' id='word_1_113' title='bbox 674 1758 690 1798; x_wconf 88' lang='lat' dir='ltr'><strong>v</strong></span> <span class='ocrx_word' id='word_1_114' title='bbox 716 1739 727 1798; x_wconf 93' lang='grc'><strong>4</strong></span> <span class='ocrx_word' id='word_1_115' title='bbox 758 1740 788 1818; x_wconf 75' lang='grc'><strong>2,</strong></span> <span class='ocrx_word' id='word_1_116' title='bbox 815 1759 832 1801; x_wconf 86' lang='grc' dir='ltr'><strong>ιι</strong></span> <span class='ocrx_word' id='word_1_117' title='bbox 855 1739 895 1801; x_wconf 89' lang='grc'><strong>30</strong></span> <span class='ocrx_word' id='word_1_118' title='bbox 922 1741 972 1820; x_wconf 92' lang='grc'><strong>44,</strong></span> <span class='ocrx_word' id='word_1_119' title='bbox 1005 1741 1122 1803; x_wconf 80' lang='lat' dir='ltr'><strong>Statius</strong></span> <span class='ocrx_word' id='word_1_120' title='bbox 1145 1741 1216 1802; x_wconf 91' lang='lat' dir='ltr'><strong>silv.</strong></span> <span class='ocrx_word' id='word_1_121' title='bbox 1243 1761 1277 1802; x_wconf 90' lang='lat' dir='ltr'><strong>m</strong></span> 
     </span>
     <span class='ocr_line' id='line_1_14' title="bbox 91 1834 1274 1925; baseline 0.008 -29"><span class='ocrx_word' id='word_1_122' title='bbox 91 1834 177 1915; x_wconf 83' lang='grc'><strong>444,</strong></span> <span class='ocrx_word' id='word_1_123' title='bbox 202 1855 232 1898; x_wconf 79' lang='lat' dir='ltr'><strong>tv</strong></span> <span class='ocrx_word' id='word_1_124' title='bbox 254 1839 273 1898; x_wconf 89' lang='grc'><strong>44</strong></span> <span class='ocrx_word' id='word_1_125' title='bbox 299 1839 350 1918; x_wconf 92' lang='grc'><strong>48,</strong></span> <span class='ocrx_word' id='word_1_126' title='bbox 376 1837 477 1900; x_wconf 79' lang='lat' dir='ltr'><strong>Theb.</strong></span> <span class='ocrx_word' id='word_1_127' title='bbox 498 1858 507 1901; x_wconf 91' lang='grc' dir='ltr'>ι</span> <span class='ocrx_word' id='word_1_128' title='bbox 531 1841 584 1920; x_wconf 90' lang='grc'><strong>38,</strong></span> <span class='ocrx_word' id='word_1_129' title='bbox 610 1860 627 1902; x_wconf 81' lang='lat' dir='ltr'><strong>v</strong></span> <span class='ocrx_word' id='word_1_130' title='bbox 650 1839 724 1918; x_wconf 83' lang='grc'><strong>709,</strong></span> <span class='ocrx_word' id='word_1_131' title='bbox 749 1839 892 1905; x_wconf 84' lang='lat' dir='ltr'><strong>Avienus</strong></span> <span class='ocrx_word' id='word_1_132' title='bbox 913 1841 969 1905; x_wconf 77' lang='lat' dir='ltr'><strong>Ar.</strong></span> <span class='ocrx_word' id='word_1_133' title='bbox 988 1845 1041 1924; x_wconf 89' lang='grc'><strong>04,</strong></span> <span class='ocrx_word' id='word_1_134' title='bbox 1066 1861 1178 1925; x_wconf 81' lang='lat' dir='ltr'><strong>progn.</strong></span> <span class='ocrx_word' id='word_1_135' title='bbox 1200 1845 1274 1924; x_wconf 86' lang='grc'><strong>403,</strong></span> 
     </span>
     <span class='ocr_line' id='line_1_15' title="bbox 90 1938 1277 2032; baseline 0.01 -34"><span class='ocrx_word' id='word_1_136' title='bbox 90 1958 153 2018; x_wconf 89' lang='lat' dir='ltr'><strong>pcr.</strong></span> <span class='ocrx_word' id='word_1_137' title='bbox 169 1938 221 2020; x_wconf 85' lang='grc'><strong>37,</strong></span> <span class='ocrx_word' id='word_1_138' title='bbox 248 1941 326 2020; x_wconf 71' lang='grc'><strong>444,</strong></span> <span class='ocrx_word' id='word_1_139' title='bbox 352 1961 399 2003; x_wconf 91' lang='lat' dir='ltr'><strong>or.</strong></span> <span class='ocrx_word' id='word_1_140' title='bbox 421 1941 496 2022; x_wconf 75' lang='lat'><strong>526,</strong></span> <span class='ocrx_word' id='word_1_141' title='bbox 528 1942 721 2007; x_wconf 88' lang='lat' dir='ltr'><strong>Claudianus</strong></span> <span class='ocrx_word' id='word_1_142' title='bbox 743 1947 783 2007; x_wconf 89' lang='grc'><strong>33</strong></span> <span class='ocrx_word' id='word_1_143' title='bbox 810 1940 906 2032; x_wconf 80' lang='lat' dir='ltr'><strong>its),</strong></span> <span class='ocrx_word' id='word_1_144' title='bbox 939 1965 1014 2026; x_wconf 90' lang='lat' dir='ltr'><strong>nos,</strong></span> <span class='ocrx_word' id='word_1_145' title='bbox 1047 1967 1118 2010; x_wconf 90' lang='lat' dir='ltr'><strong>cum</strong></span> <span class='ocrx_word' id='word_1_146' title='bbox 1141 1948 1277 2010; x_wconf 80' lang='lat' dir='ltr'><strong>maxime</strong></span> 
     </span>
     <span class='ocr_line' id='line_1_16' title="bbox 90 2043 1278 2132; baseline 0.008 -29"><span class='ocrx_word' id='word_1_147' title='bbox 90 2059 156 2121; x_wconf 88' lang='lat' dir='ltr'><strong>pars</strong></span> <span class='ocrx_word' id='word_1_148' title='bbox 178 2043 369 2108; x_wconf 87' lang='lat' dir='ltr'><strong>Graecorum</strong></span> <span class='ocrx_word' id='word_1_149' title='bbox 391 2056 573 2127; x_wconf 88' lang='lat' dir='ltr'><strong>poematum</strong></span> <span class='ocrx_word' id='word_1_150' title='bbox 603 2049 810 2128; x_wconf 83' lang='lat' dir='ltr'><strong>exquisitiore</strong></span> <span class='ocrx_word' id='word_1_151' title='bbox 839 2049 981 2112; x_wconf 87' lang='lat' dir='ltr'><strong>oratione</strong></span> <span class='ocrx_word' id='word_1_152' title='bbox 1006 2053 1195 2132; x_wconf 90' lang='lat' dir='ltr'><strong>scriptorum</strong></span> <span class='ocrx_word' id='word_1_153' title='bbox 1218 2069 1278 2131; x_wconf 89' lang='lat' dir='ltr'><strong>pe-</strong></span> 
     </span>
     <span class='ocr_line' id='line_1_17' title="bbox 89 2145 1278 2234; baseline 0.01 -30"><span class='ocrx_word' id='word_1_154' title='bbox 89 2145 188 2226; x_wconf 87' lang='lat' dir='ltr'><strong>rierit,</strong></span> <span class='ocrx_word' id='word_1_155' title='bbox 220 2157 327 2210; x_wconf 84' lang='lat' dir='ltr'><strong>tamen</strong></span> <span class='ocrx_word' id='word_1_156' title='bbox 350 2167 450 2212; x_wconf 90' lang='lat' dir='ltr'><strong>unum</strong></span> <span class='ocrx_word' id='word_1_157' title='bbox 473 2159 561 2214; x_wconf 88' lang='lat' dir='ltr'><strong>certe</strong></span> <span class='ocrx_word' id='word_1_158' title='bbox 589 2161 621 2214; x_wconf 89' lang='lat' dir='ltr'><strong>el</strong></span> <span class='ocrx_word' id='word_1_159' title='bbox 643 2149 895 2215; x_wconf 79' lang='lat' dir='ltr'><strong>Alexandrinum</strong></span> <span class='ocrx_word' id='word_1_160' title='bbox 926 2155 996 2217; x_wconf 91' lang='lat' dir='ltr'><strong>eius</strong></span> <span class='ocrx_word' id='word_1_161' title='bbox 1023 2153 1144 2234; x_wconf 78' lang='lat' dir='ltr'><strong>figurae</strong></span> <span class='ocrx_word' id='word_1_162' title='bbox 1166 2173 1278 2216; x_wconf 83' lang='lat' dir='ltr'><strong>exem-</strong></span> 
     </span>
     <span class='ocr_line' id='line_1_18' title="bbox 89 2248 1278 2338; baseline 0.01 -30"><span class='ocrx_word' id='word_1_163' title='bbox 89 2248 168 2328; x_wconf 89' lang='lat' dir='ltr'><strong>plum</strong></span> <span class='ocrx_word' id='word_1_164' title='bbox 183 2249 312 2314; x_wconf 78' lang='lat' dir='ltr'><strong>adferre</strong></span> <span class='ocrx_word' id='word_1_165' title='bbox 329 2273 513 2334; x_wconf 90' lang='lat' dir='ltr'><strong>possumus:</strong></span> <span class='ocrx_word' id='word_1_166' title='bbox 540 2253 701 2336; x_wconf 82' lang='lat' dir='ltr'><strong>Lycophro</strong></span> <span class='ocrx_word' id='word_1_167' title='bbox 718 2255 805 2318; x_wconf 88' lang='lat' dir='ltr'><strong>enim</strong></span> <span class='ocrx_word' id='word_1_168' title='bbox 827 2275 859 2316; x_wconf 91' lang='lat' dir='ltr'><strong>v.</strong></span> <span class='ocrx_word' id='word_1_169' title='bbox 879 2255 920 2320; x_wconf 72' lang='grc'><strong>22</strong></span> <span class='ocrx_word' id='word_1_170' title='bbox 936 2257 1176 2338; x_wconf 85' lang='lat' dir='ltr'><strong>Hellespontum</strong></span> <span class='ocrx_word' id='word_1_171' title='bbox 1195 2256 1278 2320; x_wconf 81' lang='lat' dir='ltr'><strong>dixit</strong></span> 
     </span>
     <span class='ocr_line' id='line_1_19' title="bbox 89 2349 479 2439; baseline 0.018 -27"><span class='ocrx_word' id='word_1_172' title='bbox 89 2349 319 2438; x_wconf 76' lang='lat' dir='ltr'><strong>ccpbetoxco&#39;tot</strong></span> <span class='ocrx_word' id='word_1_173' title='bbox 342 2352 440 2420; x_wconf 81' lang='grc' dir='ltr'>Θέτιν.</span> <span class='ocrx_word' id='word_1_174' title='bbox 452 2355 479 2439; x_wconf 83' lang='lat'><strong>*)</strong></span> 
     </span>
    </p>

    <p class='ocr_par' dir='ltr' id='par_1_3' title="bbox 85 2455 1279 3476">
     <span class='ocr_line' id='line_1_20' title="bbox 164 2455 1276 2546; baseline 0.006 -26"><span class='ocrx_word' id='word_1_175' title='bbox 164 2455 214 2519; x_wconf 80' lang='lat' dir='ltr'><strong>ta</strong></span> <span class='ocrx_word' id='word_1_176' title='bbox 238 2459 297 2522; x_wconf 91' lang='lat' dir='ltr'><strong>boc</strong></span> <span class='ocrx_word' id='word_1_177' title='bbox 325 2470 432 2523; x_wconf 88' lang='lat' dir='ltr'><strong>autem</strong></span> <span class='ocrx_word' id='word_1_178' title='bbox 460 2461 653 2544; x_wconf 83' lang='lat' dir='ltr'><strong>simpliciore</strong></span> <span class='ocrx_word' id='word_1_179' title='bbox 676 2462 941 2544; x_wconf 79' lang='lat' dir='ltr'><strong>metonymiarum</strong></span> <span class='ocrx_word' id='word_1_180' title='bbox 964 2481 1100 2544; x_wconf 78' lang='lat' dir='ltr'><strong>genere,</strong></span> <span class='ocrx_word' id='word_1_181' title='bbox 1134 2464 1219 2546; x_wconf 91' lang='lat' dir='ltr'><strong>quod</strong></span> <span class='ocrx_word' id='word_1_182' title='bbox 1244 2466 1276 2528; x_wconf 87' lang='lat' dir='ltr'><strong>ln</strong></span> 
     </span>
     <span class='ocr_line' id='line_1_21' title="bbox 88 2562 1277 2647; baseline 0.008 -27"><span class='ocrx_word' id='word_1_183' title='bbox 88 2579 143 2622; x_wconf 92' lang='lat' dir='ltr'><strong>non</strong></span> <span class='ocrx_word' id='word_1_184' title='bbox 173 2562 270 2625; x_wconf 89' lang='lat' dir='ltr'><strong>nullis</strong></span> <span class='ocrx_word' id='word_1_185' title='bbox 300 2562 484 2626; x_wconf 88' lang='lat' dir='ltr'><strong>nominibus</strong></span> <span class='ocrx_word' id='word_1_186' title='bbox 511 2573 574 2627; x_wconf 88' lang='lat' dir='ltr'><strong>tam</strong></span> <span class='ocrx_word' id='word_1_187' title='bbox 604 2563 758 2647; x_wconf 75' lang='lat' dir='ltr'><strong>frequens</strong></span> <span class='ocrx_word' id='word_1_188' title='bbox 791 2575 888 2647; x_wconf 86' lang='lat' dir='ltr'><strong>atque</strong></span> <span class='ocrx_word' id='word_1_189' title='bbox 918 2566 1069 2630; x_wconf 88' lang='lat' dir='ltr'><strong>usitatum</strong></span> <span class='ocrx_word' id='word_1_190' title='bbox 1099 2577 1168 2630; x_wconf 84' lang='lat' dir='ltr'><strong>erat</strong></span> <span class='ocrx_word' id='word_1_191' title='bbox 1198 2577 1277 2631; x_wconf 89' lang='lat' dir='ltr'><strong>uta</strong></span> 
     </span>
     <span class='ocr_line' id='line_1_22' title="bbox 86 2654 1274 2750; baseline 0.008 -26"><span class='ocrx_word' id='word_1_192' title='bbox 86 2663 270 2742; x_wconf 89' lang='lat' dir='ltr'><strong>quibusdam</strong></span> <span class='ocrx_word' id='word_1_193' title='bbox 288 2666 437 2732; x_wconf 90' lang='lat' dir='ltr'><strong>dictionis</strong></span> <span class='ocrx_word' id='word_1_194' title='bbox 454 2665 598 2731; x_wconf 82' lang='lat' dir='ltr'><strong>formulis</strong></span> <span class='ocrx_word' id='word_1_195' title='bbox 621 2685 660 2732; x_wconf 88' lang='lat' dir='ltr'><strong>ne</strong></span> <span class='ocrx_word' id='word_1_196' title='bbox 682 2688 776 2750; x_wconf 91' lang='lat' dir='ltr'><strong>prosa</strong></span> <span class='ocrx_word' id='word_1_197' title='bbox 799 2668 931 2749; x_wconf 87' lang='lat' dir='ltr'><strong>quidem</strong></span> <span class='ocrx_word' id='word_1_198' title='bbox 954 2670 1053 2734; x_wconf 91' lang='lat' dir='ltr'><strong>oratio</strong></span> <span class='ocrx_word' id='word_1_199' title='bbox 1075 2654 1274 2750; x_wconf 88' lang='lat' dir='ltr'><strong>abborreret,</strong></span> 
     </span>
     <span class='ocr_line' id='line_1_23' title="bbox 88 2765 1274 2857; baseline 0.008 -31"><span class='ocrx_word' id='word_1_200' title='bbox 88 2765 134 2828; x_wconf 87' lang='lat' dir='ltr'><strong>illa</strong></span> <span class='ocrx_word' id='word_1_201' title='bbox 163 2769 242 2831; x_wconf 84' lang='lat' dir='ltr'><strong>ratio</strong></span> <span class='ocrx_word' id='word_1_202' title='bbox 272 2770 370 2834; x_wconf 88' lang='lat' dir='ltr'><strong>distat</strong></span> <span class='ocrx_word' id='word_1_203' title='bbox 400 2790 462 2853; x_wconf 86' lang='lat' dir='ltr'><strong>que</strong></span> <span class='ocrx_word' id='word_1_204' title='bbox 491 2773 524 2834; x_wconf 94' lang='lat' dir='ltr'><strong>in</strong></span> <span class='ocrx_word' id='word_1_205' title='bbox 555 2769 656 2835; x_wconf 84' lang='lat' dir='ltr'><strong>Aetna</strong></span> <span class='ocrx_word' id='word_1_206' title='bbox 686 2771 827 2835; x_wconf 86' lang='lat' dir='ltr'><strong>Bacchus</strong></span> <span class='ocrx_word' id='word_1_207' title='bbox 855 2793 912 2836; x_wconf 92' lang='lat' dir='ltr'><strong>suo</strong></span> <span class='ocrx_word' id='word_1_208' title='bbox 941 2774 1010 2855; x_wconf 89' lang='lat' dir='ltr'><strong>ipse</strong></span> <span class='ocrx_word' id='word_1_209' title='bbox 1044 2773 1128 2857; x_wconf 86' lang='lat' dir='ltr'><strong>pede</strong></span> <span class='ocrx_word' id='word_1_210' title='bbox 1161 2774 1274 2852; x_wconf 85' lang='lat' dir='ltr'><strong>fluere,</strong></span> 
     </span>
     <span class='ocr_line' id='line_1_24' title="bbox 87 2873 1277 2958; baseline 0.006 -26"><span class='ocrx_word' id='word_1_211' title='bbox 87 2873 213 2938; x_wconf 87' lang='lat' dir='ltr'><strong>Veneris</strong></span> <span class='ocrx_word' id='word_1_212' title='bbox 243 2875 348 2957; x_wconf 89' lang='lat' dir='ltr'><strong>capilli</strong></span> <span class='ocrx_word' id='word_1_213' title='bbox 379 2884 469 2957; x_wconf 88' lang='lat' dir='ltr'><strong>patre</strong></span> <span class='ocrx_word' id='word_1_214' title='bbox 499 2895 607 2939; x_wconf 88' lang='lat' dir='ltr'><strong>rorare</strong></span> <span class='ocrx_word' id='word_1_215' title='bbox 637 2875 799 2940; x_wconf 91' lang='lat' dir='ltr'><strong>dicuntur.</strong></span> <span class='ocrx_word' id='word_1_216' title='bbox 858 2895 931 2939; x_wconf 91' lang='lat' dir='ltr'><strong>nam</strong></span> <span class='ocrx_word' id='word_1_217' title='bbox 960 2877 1147 2958; x_wconf 78' lang='lat' dir='ltr'><strong>pervulgata</strong></span> <span class='ocrx_word' id='word_1_218' title='bbox 1176 2877 1277 2958; x_wconf 74' lang='lat' dir='ltr'><strong>ligura</strong></span> 
     </span>
     <span class='ocr_line' id='line_1_25' title="bbox 86 2979 1277 3062; baseline 0.002 -23"><span class='ocrx_word' id='word_1_219' title='bbox 86 2997 143 3057; x_wconf 88' lang='lat' dir='ltr'><strong>qua</strong></span> <span class='ocrx_word' id='word_1_220' title='bbox 165 2980 305 3042; x_wconf 83' lang='lat' dir='ltr'><strong>Bacchus</strong></span> <span class='ocrx_word' id='word_1_221' title='bbox 328 2998 386 3060; x_wconf 90' lang='lat' dir='ltr'><strong>pro</strong></span> <span class='ocrx_word' id='word_1_222' title='bbox 410 2980 501 3060; x_wconf 84' lang='lat' dir='ltr'><strong>vino,</strong></span> <span class='ocrx_word' id='word_1_223' title='bbox 527 2982 608 3043; x_wconf 87' lang='lat' dir='ltr'><strong>llars</strong></span> <span class='ocrx_word' id='word_1_224' title='bbox 631 2999 689 3061; x_wconf 93' lang='lat' dir='ltr'><strong>pro</strong></span> <span class='ocrx_word' id='word_1_225' title='bbox 711 2979 812 3059; x_wconf 88' lang='lat' dir='ltr'><strong>bello,</strong></span> <span class='ocrx_word' id='word_1_226' title='bbox 841 2979 1001 3043; x_wconf 81' lang='lat' dir='ltr'><strong>Vulcanus</strong></span> <span class='ocrx_word' id='word_1_227' title='bbox 1023 2999 1081 3061; x_wconf 95' lang='lat' dir='ltr'><strong>pro</strong></span> <span class='ocrx_word' id='word_1_228' title='bbox 1104 2980 1170 3062; x_wconf 79' lang='lat' dir='ltr'><strong>igni</strong></span> <span class='ocrx_word' id='word_1_229' title='bbox 1193 2980 1277 3042; x_wconf 89' lang='lat' dir='ltr'><strong>mul-</strong></span> 
     </span>
     <span class='ocr_line' id='line_1_26' title="bbox 85 3082 1277 3165; baseline 0.003 -25"><span class='ocrx_word' id='word_1_230' title='bbox 85 3089 175 3161; x_wconf 87' lang='lat' dir='ltr'><strong>laque</strong></span> <span class='ocrx_word' id='word_1_231' title='bbox 201 3084 263 3145; x_wconf 86' lang='lat' dir='ltr'><strong>alia</strong></span> <span class='ocrx_word' id='word_1_232' title='bbox 290 3083 441 3145; x_wconf 91' lang='lat' dir='ltr'><strong>similiter</strong></span> <span class='ocrx_word' id='word_1_233' title='bbox 469 3082 622 3146; x_wconf 87' lang='lat' dir='ltr'><strong>dicuutur</strong></span> <span class='ocrx_word' id='word_1_234' title='bbox 648 3102 802 3165; x_wconf 86' lang='lat' dir='ltr'><strong>personae</strong></span> <span class='ocrx_word' id='word_1_235' title='bbox 832 3084 961 3145; x_wconf 90' lang='lat' dir='ltr'><strong>nomine</strong></span> <span class='ocrx_word' id='word_1_236' title='bbox 992 3092 1114 3146; x_wconf 86' lang='lat' dir='ltr'><strong>constat</strong></span> <span class='ocrx_word' id='word_1_237' title='bbox 1144 3083 1185 3145; x_wconf 94' lang='lat' dir='ltr'><strong>ad</strong></span> <span class='ocrx_word' id='word_1_238' title='bbox 1210 3103 1277 3144; x_wconf 91' lang='lat' dir='ltr'><strong>rem</strong></span> 
     </span>
     <span class='ocr_line' id='line_1_27' title="bbox 86 3184 1276 3269; baseline 0.003 -26"><span class='ocrx_word' id='word_1_239' title='bbox 86 3184 124 3246; x_wconf 85' lang='lat' dir='ltr'><strong>ita</strong></span> <span class='ocrx_word' id='word_1_240' title='bbox 149 3187 301 3250; x_wconf 86' lang='lat' dir='ltr'><strong>translato</strong></span> <span class='ocrx_word' id='word_1_241' title='bbox 330 3195 366 3249; x_wconf 92' lang='lat' dir='ltr'><strong>ut</strong></span> <span class='ocrx_word' id='word_1_242' title='bbox 393 3186 474 3248; x_wconf 87' lang='lat' dir='ltr'><strong>nihil</strong></span> <span class='ocrx_word' id='word_1_243' title='bbox 501 3188 542 3248; x_wconf 91' lang='lat' dir='ltr'><strong>sit</strong></span> <span class='ocrx_word' id='word_1_244' title='bbox 570 3187 746 3250; x_wconf 81' lang='lat' dir='ltr'><strong>admixtum</strong></span> <span class='ocrx_word' id='word_1_245' title='bbox 770 3187 855 3268; x_wconf 91' lang='lat' dir='ltr'><strong>quod</strong></span> <span class='ocrx_word' id='word_1_246' title='bbox 878 3185 920 3249; x_wconf 90' lang='lat' dir='ltr'><strong>ad</strong></span> <span class='ocrx_word' id='word_1_247' title='bbox 950 3205 1117 3269; x_wconf 83' lang='lat' dir='ltr'><strong>personam</strong></span> <span class='ocrx_word' id='word_1_248' title='bbox 1147 3187 1276 3267; x_wconf 88' lang='lat' dir='ltr'><strong>proprie</strong></span> 
     </span>
     <span class='ocr_line' id='line_1_28' title="bbox 86 3286 1279 3372; baseline 0.001 -22"><span class='ocrx_word' id='word_1_249' title='bbox 86 3291 254 3368; x_wconf 85' lang='lat' dir='ltr'><strong>pertineat:</strong></span> <span class='ocrx_word' id='word_1_250' title='bbox 288 3299 380 3371; x_wconf 89' lang='lat' dir='ltr'><strong>pocta</strong></span> <span class='ocrx_word' id='word_1_251' title='bbox 409 3288 465 3370; x_wconf 90' lang='lat' dir='ltr'><strong>qui</strong></span> <span class='ocrx_word' id='word_1_252' title='bbox 487 3286 622 3351; x_wconf 78' lang='lat' dir='ltr'><strong>Aetnam</strong></span> <span class='ocrx_word' id='word_1_253' title='bbox 652 3289 780 3372; x_wconf 85' lang='lat' dir='ltr'><strong>scripsit</strong></span> <span class='ocrx_word' id='word_1_254' title='bbox 809 3291 841 3352; x_wconf 92' lang='lat' dir='ltr'><strong>in</strong></span> <span class='ocrx_word' id='word_1_255' title='bbox 870 3290 983 3352; x_wconf 85' lang='lat' dir='ltr'><strong>Bacchi</strong></span> <span class='ocrx_word' id='word_1_256' title='bbox 1014 3289 1142 3352; x_wconf 88' lang='lat' dir='ltr'><strong>nomine</strong></span> <span class='ocrx_word' id='word_1_257' title='bbox 1170 3287 1222 3352; x_wconf 88' lang='lat' dir='ltr'><strong>dei</strong></span> <span class='ocrx_word' id='word_1_258' title='bbox 1246 3299 1279 3351; x_wconf 91' lang='lat' dir='ltr'><strong>et</strong></span> 
     </span>
     <span class='ocr_line' id='line_1_29' title="bbox 86 3391 1278 3476; baseline 0.003 -25"><span class='ocrx_word' id='word_1_259' title='bbox 86 3392 146 3454; x_wconf 87' lang='lat' dir='ltr'><strong>vini</strong></span> <span class='ocrx_word' id='word_1_260' title='bbox 169 3393 432 3476; x_wconf 78' lang='lat' dir='ltr'><strong>significationem</strong></span> <span class='ocrx_word' id='word_1_261' title='bbox 455 3391 635 3474; x_wconf 83' lang='lat' dir='ltr'><strong>coniunxit,</strong></span> <span class='ocrx_word' id='word_1_262' title='bbox 669 3403 794 3457; x_wconf 90' lang='lat' dir='ltr'><strong>etcum</strong></span> <span class='ocrx_word' id='word_1_263' title='bbox 819 3393 926 3456; x_wconf 89' lang='lat' dir='ltr'><strong>dicere</strong></span> <span class='ocrx_word' id='word_1_264' title='bbox 950 3392 1046 3456; x_wconf 84' lang='lat' dir='ltr'><strong>vellet</strong></span> <span class='ocrx_word' id='word_1_265' title='bbox 1067 3391 1202 3454; x_wconf 85' lang='lat' dir='ltr'><strong>Veneris</strong></span> <span class='ocrx_word' id='word_1_266' title='bbox 1225 3411 1278 3455; x_wconf 89' lang='lat' dir='ltr'><strong>ca-</strong></span> 
     </span>
    </p>
   </div>
   <div class='ocr_carea' id='block_1_3' title="bbox 83 3675 1280 4608">
    <p class='ocr_par' dir='ltr' id='par_1_4' title="bbox 83 3675 1280 4608">
     <span class='ocr_line' id='line_1_30' title="bbox 166 3675 1277 3746; baseline -0.005 -16"><span class='ocrx_word' id='word_1_267' title='bbox 166 3676 191 3741; x_wconf 77' lang='lat' dir='ltr'><strong>&#39;l</strong></span> <span class='ocrx_word' id='word_1_268' title='bbox 209 3675 298 3746; x_wconf 72' lang='lat' dir='ltr'><strong>&lt;Apud</strong></span> <span class='ocrx_word' id='word_1_269' title='bbox 318 3677 452 3729; x_wconf 77' lang='lat' dir='ltr'><strong>Romsnm</strong></span> <span class='ocrx_word' id='word_1_270' title='bbox 471 3679 574 3729; x_wconf 87' lang='lat' dir='ltr'><strong>tentum</strong></span> <span class='ocrx_word' id='word_1_271' title='bbox 594 3678 708 3728; x_wconf 85' lang='lat' dir='ltr'><strong>inventri</strong></span> <span class='ocrx_word' id='word_1_272' title='bbox 727 3677 853 3728; x_wconf 86' lang='lat' dir='ltr'><strong>videntur</strong></span> <span class='ocrx_word' id='word_1_273' title='bbox 871 3676 991 3728; x_wconf 82' lang='lat' dir='ltr'><strong>lllnerva</strong></span> <span class='ocrx_word' id='word_1_274' title='bbox 1011 3689 1061 3742; x_wconf 83' lang='lat' dir='ltr'><strong>pro</strong></span> <span class='ocrx_word' id='word_1_275' title='bbox 1080 3675 1198 3726; x_wconf 82' lang='lat' dir='ltr'><strong>lanificio</strong></span> <span class='ocrx_word' id='word_1_276' title='bbox 1210 3677 1277 3725; x_wconf 86' lang='lat' dir='ltr'><strong>var-</strong></span> 
     </span>
     <span class='ocr_line' id='line_1_31' title="bbox 86 3761 1278 3830; baseline 0.001 -19"><span class='ocrx_word' id='word_1_277' title='bbox 86 3764 126 3822; x_wconf 68' lang='grc'><strong>444.</strong></span> <span class='ocrx_word' id='word_1_278' title='bbox 146 3765 211 3816; x_wconf 76' lang='lat' dir='ltr'><strong>Aen.</strong></span> <span class='ocrx_word' id='word_1_279' title='bbox 231 3779 277 3816; x_wconf 84' lang='lat' dir='ltr'><strong>vtn</strong></span> <span class='ocrx_word' id='word_1_280' title='bbox 297 3767 347 3814; x_wconf 87' lang='grc'><strong>444</strong></span> <span class='ocrx_word' id='word_1_281' title='bbox 367 3765 444 3830; x_wconf 84' lang='lat' dir='ltr'><strong>Prop.</strong></span> <span class='ocrx_word' id='word_1_282' title='bbox 459 3777 478 3814; x_wconf 92' lang='lat' dir='ltr'><strong>u</strong></span> <span class='ocrx_word' id='word_1_283' title='bbox 497 3768 512 3814; x_wconf 90' lang='grc'><strong>4</strong></span> <span class='ocrx_word' id='word_1_284' title='bbox 532 3767 557 3826; x_wconf 93' lang='grc'><strong>8,</strong></span> <span class='ocrx_word' id='word_1_285' title='bbox 578 3779 594 3813; x_wconf 83' lang='lat' dir='ltr'>v</span> <span class='ocrx_word' id='word_1_286' title='bbox 613 3767 628 3814; x_wconf 94' lang='grc'><strong>8</strong></span> <span class='ocrx_word' id='word_1_287' title='bbox 647 3767 691 3816; x_wconf 80' lang='lat' dir='ltr'><strong>st.</strong></span> <span class='ocrx_word' id='word_1_288' title='bbox 716 3763 751 3814; x_wconf 93' lang='lat' dir='ltr'><strong>cl.</strong></span> <span class='ocrx_word' id='word_1_289' title='bbox 766 3762 898 3814; x_wconf 76' lang='lat' dir='ltr'><strong>Araoba</strong></span> <span class='ocrx_word' id='word_1_290' title='bbox 919 3765 961 3823; x_wconf 89' lang='grc'><strong>48,</strong></span> <span class='ocrx_word' id='word_1_291' title='bbox 982 3761 1061 3813; x_wconf 85' lang='lat' dir='ltr'><strong>Vesta</strong></span> <span class='ocrx_word' id='word_1_292' title='bbox 1079 3775 1129 3826; x_wconf 86' lang='lat' dir='ltr'><strong>pro</strong></span> <span class='ocrx_word' id='word_1_293' title='bbox 1147 3762 1207 3825; x_wconf 78' lang='lat' dir='ltr'><strong>igue</strong></span> <span class='ocrx_word' id='word_1_294' title='bbox 1226 3762 1278 3812; x_wconf 87' lang='lat' dir='ltr'><strong>loci</strong></span> 
     </span>
     <span class='ocr_line' id='line_1_32' title="bbox 85 3847 1276 3916; baseline -0.001 -17"><span class='ocrx_word' id='word_1_295' title='bbox 85 3849 177 3913; x_wconf 70' lang='lat' dir='ltr'><strong>tergit.</strong></span> <span class='ocrx_word' id='word_1_296' title='bbox 193 3865 284 3916; x_wconf 72' lang='lat' dir='ltr'><strong>georg.</strong></span> <span class='ocrx_word' id='word_1_297' title='bbox 300 3866 326 3902; x_wconf 83' lang='lat' dir='ltr'><strong>tc</strong></span> <span class='ocrx_word' id='word_1_298' title='bbox 340 3853 388 3901; x_wconf 89' lang='grc'><strong>484</strong></span> <span class='ocrx_word' id='word_1_299' title='bbox 409 3851 491 3902; x_wconf 84' lang='lat' dir='ltr'><strong>Silius</strong></span> <span class='ocrx_word' id='word_1_300' title='bbox 504 3865 530 3900; x_wconf 83' lang='lat' dir='ltr'><strong>vr</strong></span> <span class='ocrx_word' id='word_1_301' title='bbox 549 3855 581 3900; x_wconf 84' lang='grc'><strong>44</strong></span> <span class='ocrx_word' id='word_1_302' title='bbox 600 3849 703 3915; x_wconf 91' lang='lat' dir='ltr'><strong>dequo</strong></span> <span class='ocrx_word' id='word_1_303' title='bbox 717 3863 767 3900; x_wconf 90' lang='lat' dir='ltr'><strong>usu</strong></span> <span class='ocrx_word' id='word_1_304' title='bbox 786 3849 907 3914; x_wconf 87' lang='lat' dir='ltr'><strong>loquitur</strong></span> <span class='ocrx_word' id='word_1_305' title='bbox 919 3847 1032 3900; x_wconf 89' lang='lat' dir='ltr'><strong>Ovidius</strong></span> <span class='ocrx_word' id='word_1_306' title='bbox 1045 3847 1103 3898; x_wconf 90' lang='lat' dir='ltr'><strong>last.</strong></span> <span class='ocrx_word' id='word_1_307' title='bbox 1118 3861 1144 3898; x_wconf 82' lang='lat' dir='ltr'><strong>vt</strong></span> <span class='ocrx_word' id='word_1_308' title='bbox 1156 3851 1203 3898; x_wconf 84' lang='grc'><strong>444</strong></span> <span class='ocrx_word' id='word_1_309' title='bbox 1217 3861 1276 3914; x_wconf 87' lang='lat' dir='ltr'><strong>sqq.</strong></span> 
     </span>
     <span class='ocr_line' id='line_1_33' title="bbox 84 3935 1278 4003; baseline 0.002 -19"><span class='ocrx_word' id='word_1_310' title='bbox 84 3935 172 3999; x_wconf 68' lang='lat' dir='ltr'><strong>Apollo</strong></span> <span class='ocrx_word' id='word_1_311' title='bbox 196 3949 244 4003; x_wconf 91' lang='lat' dir='ltr'><strong>pro</strong></span> <span class='ocrx_word' id='word_1_312' title='bbox 268 3941 351 3988; x_wconf 87' lang='lat' dir='ltr'><strong>cantu</strong></span> <span class='ocrx_word' id='word_1_313' title='bbox 377 3938 511 3988; x_wconf 74' lang='lat' dir='ltr'><strong>Ausonius</strong></span> <span class='ocrx_word' id='word_1_314' title='bbox 532 3937 617 4002; x_wconf 79' lang='lat' dir='ltr'><strong>epigr.</strong></span> <span class='ocrx_word' id='word_1_315' title='bbox 640 3941 649 3986; x_wconf 88' lang='grc'><strong>4</strong></span> <span class='ocrx_word' id='word_1_316' title='bbox 677 3939 691 3986; x_wconf 97' lang='grc'><strong>4</strong></span> <span class='ocrx_word' id='word_1_317' title='bbox 720 3937 837 3988; x_wconf 79' lang='lat' dir='ltr'><strong>Geticum</strong></span> <span class='ocrx_word' id='word_1_318' title='bbox 859 3937 1012 3988; x_wconf 68' lang='lat' dir='ltr'><strong>merctur</strong></span> <span class='ocrx_word' id='word_1_319' title='bbox 1029 3935 1146 3998; x_wconf 76' lang='lat' dir='ltr'><strong>Apolline</strong></span> <span class='ocrx_word' id='word_1_320' title='bbox 1166 3935 1278 3986; x_wconf 78' lang='lat' dir='ltr'><strong>Mortem</strong></span> 
     </span>
     <span class='ocr_line' id='line_1_34' title="bbox 83 4020 1277 4088; baseline 0.001 -18"><span class='ocrx_word' id='word_1_321' title='bbox 83 4020 241 4075; x_wconf 85' lang='lat' dir='ltr'><strong>Claudianus</strong></span> <span class='ocrx_word' id='word_1_322' title='bbox 261 4027 271 4072; x_wconf 92' lang='lat' dir='ltr'><strong>l</strong></span> <span class='ocrx_word' id='word_1_323' title='bbox 290 4027 322 4075; x_wconf 83' lang='grc'><strong>44</strong></span> <span class='ocrx_word' id='word_1_324' title='bbox 341 4025 502 4074; x_wconf 77' lang='lat' dir='ltr'><strong>oco-si-</strong></span> <span class='ocrx_word' id='word_1_325' title='bbox 512 4023 705 4088; x_wconf 66' lang='lat' dir='ltr'><strong>multifidusque</strong></span> <span class='ocrx_word' id='word_1_326' title='bbox 722 4027 785 4073; x_wconf 75' lang='lat' dir='ltr'><strong>mccl</strong></span> <span class='ocrx_word' id='word_1_327' title='bbox 802 4027 905 4074; x_wconf 83' lang='lat' dir='ltr'><strong>ceolum</strong></span> <span class='ocrx_word' id='word_1_328' title='bbox 920 4034 970 4085; x_wconf 81' lang='lat' dir='ltr'><strong>por</strong></span> <span class='ocrx_word' id='word_1_329' title='bbox 985 4025 1092 4084; x_wconf 80' lang='lat' dir='ltr'><strong>pectora</strong></span> <span class='ocrx_word' id='word_1_330' title='bbox 1112 4021 1227 4071; x_wconf 76' lang='lat' dir='ltr'><strong>Phoebus</strong></span> <span class='ocrx_word' id='word_1_331' title='bbox 1243 4025 1277 4072; x_wconf 82' lang='grc'><strong>44</strong></span> 
     </span>
     <span class='ocr_line' id='line_1_35' title="bbox 83 4107 1277 4174; baseline -0.003 -14"><span class='ocrx_word' id='word_1_332' title='bbox 83 4111 128 4160; x_wconf 80' lang='grc'><strong>448</strong></span> <span class='ocrx_word' id='word_1_333' title='bbox 146 4113 207 4174; x_wconf 71' lang='lat' dir='ltr'><strong>quis</strong></span> <span class='ocrx_word' id='word_1_334' title='bbox 223 4113 304 4162; x_wconf 78' lang='lat' dir='ltr'><strong>musis</strong></span> <span class='ocrx_word' id='word_1_335' title='bbox 322 4112 427 4174; x_wconf 79' lang='lat' dir='ltr'><strong>ipsoque</strong></span> <span class='ocrx_word' id='word_1_336' title='bbox 444 4109 502 4160; x_wconf 82' lang='lat' dir='ltr'><strong>licet</strong></span> <span class='ocrx_word' id='word_1_337' title='bbox 529 4110 632 4160; x_wconf 77' lang='lat' dir='ltr'><strong>Paeone</strong></span> <span class='ocrx_word' id='word_1_338' title='bbox 656 4113 758 4172; x_wconf 73' lang='lat' dir='ltr'><strong>recepto</strong></span> <span class='ocrx_word' id='word_1_339' title='bbox 782 4121 910 4159; x_wconf 77' lang='lat' dir='ltr'><strong>enarrare</strong></span> <span class='ocrx_word' id='word_1_340' title='bbox 933 4112 1019 4170; x_wconf 75' lang='lat' dir='ltr'><strong>queat.</strong></span> <span class='ocrx_word' id='word_1_341' title='bbox 1059 4107 1117 4158; x_wconf 86' lang='lat' dir='ltr'><strong>nnis</strong></span> <span class='ocrx_word' id='word_1_342' title='bbox 1140 4120 1189 4172; x_wconf 88' lang='lat' dir='ltr'><strong>pro</strong></span> <span class='ocrx_word' id='word_1_343' title='bbox 1207 4120 1277 4172; x_wconf 83' lang='lat' dir='ltr'><strong>aqua</strong></span> 
     </span>
     <span class='ocr_line' id='line_1_36' title="bbox 85 4193 1276 4261; baseline 0 -17"><span class='ocrx_word' id='word_1_344' title='bbox 85 4193 208 4260; x_wconf 63' lang='lat' dir='ltr'><strong>tqgsam.</strong></span> <span class='ocrx_word' id='word_1_345' title='bbox 223 4201 238 4246; x_wconf 89' lang='grc'><strong>8</strong></span> <span class='ocrx_word' id='word_1_346' title='bbox 256 4201 303 4257; x_wconf 75' lang='grc'><strong>84,</strong></span> <span class='ocrx_word' id='word_1_347' title='bbox 324 4196 373 4246; x_wconf 84' lang='grc' dir='ltr'><strong>4οά</strong></span> <span class='ocrx_word' id='word_1_348' title='bbox 392 4194 528 4261; x_wconf 77' lang='lat' dir='ltr'><strong>nymphas</strong></span> <span class='ocrx_word' id='word_1_349' title='bbox 540 4196 576 4247; x_wconf 89' lang='lat' dir='ltr'><strong>lta</strong></span> <span class='ocrx_word' id='word_1_350' title='bbox 589 4193 717 4246; x_wconf 83' lang='lat' dir='ltr'><strong>dixerunt</strong></span> <span class='ocrx_word' id='word_1_351' title='bbox 731 4193 841 4245; x_wconf 79' lang='lat' dir='ltr'><strong>livenus</strong></span> <span class='ocrx_word' id='word_1_352' title='bbox 853 4197 885 4244; x_wconf 80' lang='grc'><strong>44</strong></span> <span class='ocrx_word' id='word_1_353' title='bbox 906 4197 933 4243; x_wconf 86' lang='grc'><strong>44</strong></span> <span class='ocrx_word' id='word_1_354' title='bbox 945 4193 1045 4244; x_wconf 77' lang='lat' dir='ltr'><strong>Statius</strong></span> <span class='ocrx_word' id='word_1_355' title='bbox 1058 4205 1139 4258; x_wconf 82' lang='lat' dir='ltr'><strong>saepe</strong></span> <span class='ocrx_word' id='word_1_356' title='bbox 1153 4205 1276 4253; x_wconf 86' lang='lat' dir='ltr'><strong>nurnero,</strong></span> 
     </span>
     <span class='ocr_line' id='line_1_37' title="bbox 84 4277 1280 4344; baseline 0 -16"><span class='ocrx_word' id='word_1_357' title='bbox 84 4281 161 4332; x_wconf 80' lang='lat' dir='ltr'><strong>veluti</strong></span> <span class='ocrx_word' id='word_1_358' title='bbox 181 4285 210 4333; x_wconf 86' lang='lat' dir='ltr'><strong>in</strong></span> <span class='ocrx_word' id='word_1_359' title='bbox 228 4295 282 4334; x_wconf 91' lang='lat' dir='ltr'><strong>uno</strong></span> <span class='ocrx_word' id='word_1_360' title='bbox 300 4283 423 4334; x_wconf 83' lang='lat' dir='ltr'><strong>carmine</strong></span> <span class='ocrx_word' id='word_1_361' title='bbox 436 4281 570 4333; x_wconf 84' lang='lat' dir='ltr'><strong>Silvarum</strong></span> <span class='ocrx_word' id='word_1_362' title='bbox 590 4295 596 4330; x_wconf 94' lang='grc' dir='ltr'>ι</span> <span class='ocrx_word' id='word_1_363' title='bbox 616 4285 630 4330; x_wconf 95' lang='grc'><strong>4</strong></span> <span class='ocrx_word' id='word_1_364' title='bbox 650 4284 692 4340; x_wconf 92' lang='grc'><strong>44,</strong></span> <span class='ocrx_word' id='word_1_365' title='bbox 714 4283 755 4342; x_wconf 88' lang='grc'><strong>44,</strong></span> <span class='ocrx_word' id='word_1_366' title='bbox 777 4283 820 4340; x_wconf 89' lang='grc'><strong>44,</strong></span> <span class='ocrx_word' id='word_1_367' title='bbox 841 4293 892 4331; x_wconf 87' lang='lat' dir='ltr'><strong>nec</strong></span> <span class='ocrx_word' id='word_1_368' title='bbox 904 4277 989 4330; x_wconf 87' lang='lat' dir='ltr'><strong>multo</strong></span> <span class='ocrx_word' id='word_1_369' title='bbox 1003 4279 1085 4329; x_wconf 84' lang='lat' dir='ltr'><strong>distat</strong></span> <span class='ocrx_word' id='word_1_370' title='bbox 1103 4277 1175 4344; x_wconf 88' lang='lat' dir='ltr'><strong>apud</strong></span> <span class='ocrx_word' id='word_1_371' title='bbox 1188 4279 1280 4330; x_wconf 83' lang='lat' dir='ltr'><strong>calul-</strong></span> 
     </span>
     <span class='ocr_line' id='line_1_38' title="bbox 83 4363 1279 4433; baseline 0 -19"><span class='ocrx_word' id='word_1_372' title='bbox 83 4365 134 4417; x_wconf 85' lang='lat' dir='ltr'><strong>lum</strong></span> <span class='ocrx_word' id='word_1_373' title='bbox 152 4372 167 4418; x_wconf 91' lang='grc'><strong>8</strong></span> <span class='ocrx_word' id='word_1_374' title='bbox 187 4371 235 4419; x_wconf 74' lang='lat' dir='ltr'><strong>stit</strong></span> <span class='ocrx_word' id='word_1_375' title='bbox 256 4370 371 4433; x_wconf 68' lang='lat' dir='ltr'><strong>sumpta</strong></span> <span class='ocrx_word' id='word_1_376' title='bbox 389 4382 454 4433; x_wconf 78' lang='lat' dir='ltr'><strong>quos</strong></span> <span class='ocrx_word' id='word_1_377' title='bbox 470 4381 550 4432; x_wconf 80' lang='lat' dir='ltr'><strong>super</strong></span> <span class='ocrx_word' id='word_1_378' title='bbox 567 4370 671 4432; x_wconf 75' lang='lat' dir='ltr'><strong>orripot</strong></span> <span class='ocrx_word' id='word_1_379' title='bbox 688 4367 821 4432; x_wconf 69' lang='lat' dir='ltr'><strong>[alcmona</strong></span> <span class='ocrx_word' id='word_1_380' title='bbox 839 4369 981 4432; x_wconf 73' lang='lat' dir='ltr'><strong>Aponippe.</strong></span> <span class='ocrx_word' id='word_1_381' title='bbox 1014 4363 1150 4429; x_wconf 79' lang='lat' dir='ltr'><strong>singulare</strong></span> <span class='ocrx_word' id='word_1_382' title='bbox 1169 4365 1279 4416; x_wconf 82' lang='lat' dir='ltr'><strong>videtur</strong></span> 
     </span>
     <span class='ocr_line' id='line_1_39' title="bbox 83 4444 1278 4518; baseline 0.002 -18"><span class='ocrx_word' id='word_1_383' title='bbox 83 4453 150 4516; x_wconf 81' lang='lat' dir='ltr'><strong>opud</strong></span> <span class='ocrx_word' id='word_1_384' title='bbox 163 4454 302 4506; x_wconf 82' lang='lat' dir='ltr'><strong>lucanum</strong></span> <span class='ocrx_word' id='word_1_385' title='bbox 321 4469 347 4505; x_wconf 81' lang='lat' dir='ltr'><strong>tv</strong></span> <span class='ocrx_word' id='word_1_386' title='bbox 362 4459 411 4506; x_wconf 82' lang='grc'><strong>448</strong></span> <span class='ocrx_word' id='word_1_387' title='bbox 430 4455 514 4506; x_wconf 81' lang='lat' dir='ltr'><strong>civilis</strong></span> <span class='ocrx_word' id='word_1_388' title='bbox 528 4453 633 4516; x_wconf 73' lang='lat' dir='ltr'><strong>licinus,</strong></span> <span class='ocrx_word' id='word_1_389' title='bbox 654 4451 703 4504; x_wconf 87' lang='lat' dir='ltr'><strong>scd</strong></span> <span class='ocrx_word' id='word_1_390' title='bbox 719 4444 803 4506; x_wconf 74' lang='grc' dir='ltr'><strong>Ἐνυώ</strong></span> <span class='ocrx_word' id='word_1_391' title='bbox 821 4465 870 4518; x_wconf 88' lang='lat' dir='ltr'><strong>pro</strong></span> <span class='ocrx_word' id='word_1_392' title='bbox 888 4451 960 4504; x_wconf 92' lang='lat' dir='ltr'><strong>bello</strong></span> <span class='ocrx_word' id='word_1_393' title='bbox 978 4455 1021 4504; x_wconf 86' lang='lat' dir='ltr'><strong>est</strong></span> <span class='ocrx_word' id='word_1_394' title='bbox 1038 4449 1110 4516; x_wconf 86' lang='lat' dir='ltr'><strong>apud</strong></span> <span class='ocrx_word' id='word_1_395' title='bbox 1126 4451 1278 4517; x_wconf 86' lang='lat' dir='ltr'><strong>Oppianum</strong></span> 
     </span>
     <span class='ocr_line' id='line_1_40' title="bbox 83 4533 1210 4608; baseline -0.002 -20"><span class='ocrx_word' id='word_1_396' title='bbox 83 4551 99 4588; x_wconf 89' lang='lat' dir='ltr'><strong>u</strong></span> <span class='ocrx_word' id='word_1_397' title='bbox 116 4541 174 4602; x_wconf 84' lang='grc'><strong>444,</strong></span> <span class='ocrx_word' id='word_1_398' title='bbox 195 4553 223 4592; x_wconf 83' lang='lat' dir='ltr'><strong>tv</strong></span> <span class='ocrx_word' id='word_1_399' title='bbox 243 4543 303 4604; x_wconf 90' lang='grc'><strong>484,</strong></span> <span class='ocrx_word' id='word_1_400' title='bbox 322 4541 349 4592; x_wconf 89' lang='lat' dir='ltr'><strong>ln</strong></span> <span class='ocrx_word' id='word_1_401' title='bbox 368 4539 534 4608; x_wconf 74' lang='lat' dir='ltr'><strong>cynegeticis</strong></span> <span class='ocrx_word' id='word_1_402' title='bbox 553 4553 560 4590; x_wconf 91' lang='lat' dir='ltr'><strong>t</strong></span> <span class='ocrx_word' id='word_1_403' title='bbox 581 4542 639 4602; x_wconf 88' lang='grc'><strong>444,</strong></span> <span class='ocrx_word' id='word_1_404' title='bbox 661 4553 678 4590; x_wconf 92' lang='grc' dir='ltr'><strong>ιι</strong></span> <span class='ocrx_word' id='word_1_405' title='bbox 697 4543 729 4590; x_wconf 87' lang='grc'><strong>44</strong></span> <span class='ocrx_word' id='word_1_406' title='bbox 751 4539 779 4590; x_wconf 88' lang='lat' dir='ltr'><strong>et</strong></span> <span class='ocrx_word' id='word_1_407' title='bbox 796 4538 955 4605; x_wconf 75' lang='lat' dir='ltr'><strong>saepissime</strong></span> <span class='ocrx_word' id='word_1_408' title='bbox 974 4537 1045 4605; x_wconf 83' lang='lat' dir='ltr'><strong>sped</strong></span> <span class='ocrx_word' id='word_1_409' title='bbox 1063 4533 1210 4604; x_wconf 81' lang='lat' dir='ltr'><strong>Noenum.)</strong></span> 
     </span>
    </p>
   </div>
   <div class='ocr_carea' id='block_1_4' title="bbox 0 0 1598 5108">
    <p class='ocr_par' dir='ltr' id='par_1_5' title="bbox 0 0 1598 5108">
     <span class='ocr_line' id='line_1_41' title="bbox 0 0 1598 5108; baseline 0 2"><span class='ocrx_word' id='word_1_410' title='bbox 0 0 1598 5108; x_wconf 95' lang='lat' dir='ltr'><strong> </strong></span> 
     </span>
    </p>
   </div>
  </div>
 </body>
</html>
