3204 5104
381 378 468 440 lunas
491 397 655 442 tncrrouru
678 397 863 443 eisarnam
880 380 973 440 4866.
1198 363 1270 436 339

92 561 219 628 hinnulis
242 566 397 647 scriptum
426 577 473 629 est
496 586 604 629 errore
631 577 686 630 aut
714 569 814 648 ipsius
836 569 926 630 Nonii
949 579 1003 630 aut
1026 567 1148 630 librarii
1170 568 1275 648 potius

93 667 218 732 alieuius
242 670 297 750 qui
320 669 480 750 hinnulos,
505 671 700 753 adscriptum
722 681 758 734 ut
779 670 888 734 hinnos
910 671 995 753 quod
1014 675 1160 753 sequitur
1174 673 1275 732 corri-

94 781 232 852 geretur,
260 773 293 835 in
315 773 452 836 hinnulis
474 775 607 837 mutavit
629 775 795 855 alienoque
818 776 883 837 loco
903 775 1019 838 intulit.
1066 793 1139 837 nam
1163 784 1194 837 et
1216 793 1276 856 per

94 893 122 936 se
143 875 287 956 ineptum
304 887 352 940 est
367 877 446 942 illud
460 877 597 940 hinnulis
613 889 644 940 et
658 879 808 940 Varronis
825 879 902 940 haee
918 889 992 942 sunt
1007 878 1048 941 tle
1064 898 1099 941 re
1120 881 1236 940 rustica
1252 897 1274 939 rr

94 978 155 1058 ill,
180 999 255 1042 παπ
276 982 354 1044 muli
374 981 511 1044 ethiani
531 980 666 1064 hiqeneri
685 990 774 1064 atth
796 984 936 1061 insiticii,
961 1002 1021 1044 non
1043 991 1145 1064 suopte
1166 1001 1275 1066 qenere

95 1081 126 1142 oh
146 1083 321 1146 radicibus:
348 1103 391 1147 em
412 1104 489 1168 equa
510 1087 589 1148 enim
611 1093 638 1148 cl
660 1087 747 1148 asino
766 1086 801 1166 fil
815 1087 931 1161 mulus,
957 1075 1069 1148 contra¹
1093 1105 1135 1148 ern
1153 1105 1226 1169 equo
1248 1096 1297 1153 ett

95 1189 178 1254 nino
198 1187 356 1251 hinnulus.
403 1190 563 1270 conspirat
586 1189 705 1250 Plinius
727 1191 796 1251 Nat.
823 1190 896 1252 hist.
921 1208 974 1250 uu
997 1188 1014 1272 ξ
1040 1189 1115 1268 472,
1148 1207 1220 1272 equo
1249 1199 1277 1252 et

95 1293 178 1353 asino
204 1293 319 1375 qenitos
346 1295 444 1354 moris
473 1292 615 1354 hinnulos
643 1294 763 1373 antiqui
788 1292 952 1372 vocabam,
988 1301 1151 1376 contraque
1179 1293 1275 1356 mulos

94 1411 160 1473 quos
188 1396 272 1458 asini
298 1401 326 1457 el
353 1413 445 1476 equae
473 1404 666 1478 qenerarent.
714 1395 936 1459 Columellam
960 1395 1000 1458 37
1024 1398 1043 1456 5
1066 1398 1120 1478 qui
1140 1415 1182 1458 aa
1204 1415 1276 1477 equo

93 1505 118 1558 el
138 1500 226 1560 asino
248 1501 382 1579 concepti
407 1505 609 1582 qeneranlur,
640 1502 779 1581 moravis
806 1519 827 1560 a
851 1507 942 1580 patre
969 1517 1075 1560 nomen
1105 1501 1273 1576 tra-‘cerina

95 1601 166 1679 quod
192 1601 282 1664 hinni
308 1610 474 1678 vocantur,
506 1603 601 1664 matri
621 1620 677 1683 per·
699 1604 801 1664 omnia
829 1605 927 1685 rnaqis
949 1603 1062 1664 similes
1084 1611 1166 1666 sunl.
1215 1603 1276 1684 Cy-

98 1703 180 1766 rillus
199 1697 323 1788 ἡμίονος
345 1703 375 1775 lh
396 1699 487 1767 ἵππου
502 1701 628 1788 θηλείας
643 1701 695 1767 καὶ
717 1695 788 1768 ὄνου
807 1705 922 1782 mulus,
948 1704 1055 1766 horda.
1102 1699 1225 1789 ἡμίονος
1247 1703 1277 1776 ἐξ

95 1800 178 1870 'innoc
200 1803 251 1872 nol
273 1797 344 1871 ὄνου
359 1805 484 1891 θηλείας
498 1808 628 1888 honnus,
653 1807 810 1871 hinnulus.
858 1810 964 1888 itaque
981 1809 1113 1886 Nonius,
1140 1810 1166 1870 si
1190 1817 1276 1870 recte

96 1919 124 1970 et
144 1911 312 1992 perspicue
334 1911 457 1973 loeutus
480 1921 544 1990 est,
570 1911 698 1990 scripsit
719 1930 762 1972 eoo
776 1913 859 1992 equis
875 1919 903 1973 el
916 1911 1063 1974 asinabus
1079 1913 1132 1992 qui
1144 1930 1278 1974 amoun-

96 2019 154 2072 tnr.
198 2024 341 2076 ceterum
372 2013 456 2075 idem
485 2013 565 2076 illud
596 2013 719 2075 hinnuli
747 2013 934 2077 vocabulum
963 2014 1209 2096 Oudendorpius
1239 2033 1277 2076 ex

97 2115 186 2176 simili
208 2115 324 2180 mendo
346 2118 513 2179 verissime
536 2118 619 2178 eruit
642 2118 674 2178 in
698 2115 845 2179 versibus
860 2118 1048 2180 Maecenatis
1070 2136 1149 2198 quos
1164 2120 1278 2181 Sueto-

96 2218 165 2279 nius
186 2219 218 2280 in
240 2222 305 2282 vita
328 2220 445 2282 Horatii
473 2219 586 2298 hebet,
618 2221 653 2280 ni
682 2226 709 2280 le
730 2219 896 2282 visceribus
925 2223 1014 2296 mers,
1046 2221 1172 2299 Horati,
1206 2221 1278 2282 Plus

98 2321 155 2382 rant
169 2321 276 2405 diliqo,
303 2330 335 2384 lu
350 2331 434 2386 mum
450 2323 582 2385 sodalem
596 2323 732 2384 llinnnlo
747 2323 852 2384 videos
870 2325 1095 2406 slriqosioreno:
1119 2324 1277 2405 ineptiunt

97 2425 178 2486 enim
200 2427 254 2506 qui
279 2427 310 2487 in
333 2425 425 2488 nimio
448 2425 670 2505 similibusque
694 2425 847 2488 librorum
864 2427 951 2488 vitiis
967 2427 1117 2489 Ninnium
1139 2427 1277 2507 aliquem

98 2525 191 2588 latere
212 2528 393 2608 opinantur.
441 2531 473 2590 in
496 2529 604 2590 Titinii
627 2537 732 2594 autem
762 2529 861 2590 altero
885 2547 979 2591 versu
1002 2530 1082 2590 nihil
1105 2531 1199 2610 plane
1221 2527 1280 2590 ad-

98 2627 233 2692 dendum
256 2641 321 2707 est,
351 2649 458 2712 neque
482 2630 721 2712 reprehendent
743 2630 1000 2694 inmodulatiores
1023 2633 1143 2694 scilicet
1165 2651 1280 2694 uume-

100 2749 200 2794 rorum
222 2735 305 2796 ictus
327 2735 389 2796 nisi
413 2733 552 2796 delicati.

178 2835 270 2918 Apud
295 2835 449 2900 Isidorum
472 2839 638 2919 Originum
660 2857 690 2898 vr
714 2839 732 2897 9
756 2837 834 2900 haec
855 2837 1007 2918 legimuS,
1041 2856 1129 2900 cerae
1157 2839 1280 2900 littera-

98 2957 164 3000 ruat
184 2941 343 3020 mmeries,
365 2941 570 3022 parandorum
592 2941 737 3003 nutrices.
784 2941 868 3020 ipsae
891 2941 966 3003 dant
988 2941 1140 3024 inqeninrn
1161 2941 1278 3021 pueris,

97 3043 263 3119 primordia
291 3062 410 3107 sensus.
457 3062 589 3126 piarum
610 3044 744 3106 studium
770 3045 867 3124 primi
889 3044 1001 3106 Graeci
1021 3043 1185 3106 tradidisse
1204 3062 1281 3123 pro-

98 3143 217 3208 duntur.
267 3147 378 3208 &aeci
399 3154 498 3208 autern
513 3155 540 3210 et
558 3149 647 3209 Tusci
664 3148 800 3227 primurn
813 3145 900 3227 saro
923 3148 955 3208 in
977 3146 1055 3208 ceris
1078 3147 1278 3227 scripserunt.

96 3255 196 3326 posteo
209 3249 338 3312 Romani
358 3250 515 3311 iusserunt
536 3269 573 3311 ne
594 3249 757 3332 prophiurn
776 3248 914 3329 fornoum
937 3250 1004 3329 quis
1022 3247 1154 3310 haberet.
1201 3249 1282 3310 unde

99 3357 125 3410 et
144 3351 225 3431 opud
246 3351 365 3414 scrohos
387 3351 543 3414 dicebatur
569 3353 687 3414 ‘ceram
712 3351 799 3432 ferro
828 3370 866 3412 ne
888 3351 1023 3413 camin!
1066 3359 1172 3432 postea
1194 3353 1282 3413 insti-

99 3459 189 3516 tutum
215 3463 261 3517 est
281 3463 316 3517 ul
336 3457 369 3516 in
391 3473 463 3518 cero
485 3455 602 3518 assaltus
624 3455 806 3528 scriberent,
836 3454 915 3516 sicul
937 3453 1052 3515 indicat
1073 3451 1144 3517 Alta
1165 3456 1198 3516 in
1222 3455 1283 3515 So-

99 3557 158 3617 lira
178 3556 279 3620 diceros
299 3559 470 3620 ‘vertamus
485 3577 634 3619 ermonem
653 3560 685 3619 in
708 3575 809 3618 cerain
825 3575 1023 3638 mucroneque
1038 3575 1162 3618 oremus
1177 3558 1281 3619 osseo.'

99 3677 240 3722 cerarum
262 3659 389 3722 laudem
405 3659 542 3723 Grialius
558 3660 638 3722 vidit
661 3661 777 3741 partim
800 3669 956 3739 sumptam
981 3679 1051 3722 esse
1070 3679 1087 3720 a
1104 3660 1279 3721 Dracontio.

102 3761 133 3821 in
147 3763 233 3825 euius
248 3763 386 3842 elegiaco
402 3765 542 3825 carmine
564 3764 620 3824 hoc
637 3773 684 3826 est
699 3762 855 3824 distichon
873 3760 1003 3844 [Salisf.
1022 3759 1111 3844 ⁶5·]s
1137 3780 1209 3824 cera
1231 3762 1285 3822 dal

100 3865 246 3944 inqeniunr
258 3867 376 3947 pueris,
399 3867 572 3946 primordia
587 3884 715 3928 sensus:
740 3864 815 3925 Inde
827 3865 861 3944 fil
875 3871 909 3925 ul
928 3866 1027 3946 prosit
1042 3864 1143 3927 littera
1166 3866 1214 3927 vel
1228 3884 1284 3926 no-

99 3975 172 4029 ceat.
216 3968 308 4030 Attae
324 3967 422 4030 verba
446 3966 506 4030 luit
529 3969 583 4048 qui
602 3987 696 4030 versu
718 3968 877 4029 octonario
900 3967 1194 4047 conprehenderet,
1221 3985 1284 4028 nou

100 4069 352 4133 aniumdvcrtens
367 4071 421 4132 ille
438 4090 472 4132 se
488 4091 621 4151 peecare
639 4073 671 4132 in
691 4069 917 4150 quartopede,
943 4069 983 4131 de
1000 4089 1062 4151 quo
1078 4069 1173 4151 pede,
1199 4068 1284 4150 quod

100 4169 140 4232 ad
161 4191 313 4236 summam
337 4174 383 4236 rei
406 4174 535 4252 attinet,
561 4173 726 4234 verissima
743 4182 818 4234 sunt
833 4181 1001 4253 praerepta
1018 4171 1187 4234 Godofredi
1205 4174 1286 4234 ller-

100 4275 215 4338 manni.
262 4275 433 4338 ridiculum
457 4285 506 4337 est
528 4285 632 4339 autem
656 4275 739 4355 quod
764 4276 797 4337 iu
814 4276 1010 4337 Comicorum
1027 4277 1207 4337 Latinorum
1232 4293 1285 4336 re-

102 4377 240 4458 liquiisl
269 4399 307 4460 p.
330 4379 389 4440 ⁴39
413 4379 563 4458 legimuS,
589 4379 694 4439 minus
717 4397 811 4458 quam
836 4397 918 4459 quae
943 4377 985 4438 ibi
1010 4387 1170 4458 tamquam
1194 4377 1284 4440 Attae

101 4481 195 4542 verba
223 4466 444 4562 proponuntur
473 4481 550 4542 haec
580 4499 649 4542 osse
680 4482 852 4562 placitura,
889 4481 1046 4542 aerlrimns
1076 4499 1223 4543 tremerem
1254 4485 1284 4542 in

1024 4601 1077 4652 22*
