3184 5108
394 390 482 448 lunux
506 407 671 450 aucrrouvu
695 407 872 450 resrrmnvu
899 389 992 449 teet.
1213 375 1288 447 293

112 595 212 636 rursus
241 577 371 657 praehet
402 595 497 656 quem
521 577 697 640 lleinekius
724 576 828 638 adlert
858 589 892 639 ut
915 580 999 661 λῆμα
1026 579 1119 640 etiam
1142 579 1288 640 volunta-

111 688 165 739 tem
188 697 254 740 esse
276 678 432 741 ostendat.

185 783 297 844 Verum
328 781 369 844 de
400 781 547 864 Aeschyli
579 783 631 843 illo
659 784 798 844 carmine
828 782 932 864 paullo
963 783 1151 864 explicatius
1180 783 1288 846 dicere

110 884 254 946 volumus.
302 885 436 966 legimus
460 886 491 946 iu
514 885 662 948 Thebana
686 885 847 967 tragoedia
876 883 915 966 (v.
935 888 1055 948 caess.
1078 885 1197 970 Herm.)

158 979 333 1050 verleent
354 986 552 1072 παρέστακεν·
577 985 642 1052 ἐπεί
664 983 794 1066 κλύδων,
819 985 951 1072 λήματος
973 981 1010 1050 ἂν
1032 986 1160 1073 τροπαία
1180 988 1289 1074 χρονίᾳ

1023 1089 1239 1176 ρεταλλαατός,

249 1188 320 1266 ἴσως
343 1186 380 1256 ἂν
402 1191 490 1257 ἔλθοι
510 1193 717 1280 χαλαρωτίρφ
738 1190 902 1279 πνεύματι·
933 1198 983 1257 νῦν
1007 1188 1037 1256 δ’
1064 1191 1109 1257 ἔτι
1131 1193 1187 1264 ζεῖ.

104 1295 174 1355 libri
202 1315 262 1357 non
285 1291 402 1361 κλάδων
427 1297 555 1375 habent,
585 1297 641 1358 sed
665 1295 791 1381 δαίμων.
840 1297 920 1361 illud
945 1299 1051 1379 posuit
1073 1299 1283 1376 hermannno,

102 1399 316 1461 emendatione
338 1419 400 1462 non
424 1409 521 1479 certa,
551 1419 663 1462 verum
687 1404 814 1481 egregia
837 1410 869 1464 et
890 1403 960 1463 veri
983 1399 1153 1463 admodum
1176 1403 1283 1464 simili.

104 1501 182 1562 idem
211 1497 326 1566 κλύδων
359 1505 578 1566 lleimsoethus
609 1505 791 1565 scholiastes
820 1503 972 1585 quosdam
996 1505 1137 1565 novicios
1171 1505 1285 1584 legisse

102 1604 252 1685 opinatur,
279 1625 414 1686 quorum
437 1625 521 1668 unus
544 1607 622 1668 haec
644 1605 824 1686 adscripsit,
851 1602 884 1670 τὸ
909 1605 1022 1690 δαίμων
1046 1599 1065 1690 ἢ
1088 1602 1137 1668 ἐπὶ
1159 1609 1211 1690 τῆς
1233 1600 1286 1670 τί·

101 1729 156 1791 yyy<
177 1707 295 1791 νοητέον
326 1701 345 1792 ἢ
369 1705 492 1772 dulcuit
515 1707 624 1791 θοροῦ,
654 1699 689 1772 iu
713 1703 780 1772 κατ’
814 1703 954 1793 ἀλλήλων
982 1700 1074 1795 ἄμφω
1095 1704 1138 1771 roi
1161 1703 1286 1795 ἀδελφοί

101 1807 226 1895 ἔχουσιν,
260 1813 342 1874 alius
371 1813 518 1874 similiter
547 1813 785 1892 interpretatur,
817 1807 881 1875 ἐπεί
911 1806 928 1876 ‘o
956 1807 1052 1896 θυμὸς
1079 1808 1207 1897 χρονίως
1235 1807 1286 1876 καί

101 1913 231 1996 βραδέως
251 1911 323 1978 ποτὲ
345 1909 417 1985 ἴσως
436 1907 472 1977 ἂν
488 1912 583 1994 ἔλθοι,
611 1935 692 1995 quae
715 1915 768 1976 ille
791 1935 852 1976 non
876 1915 915 1977 ad
940 1913 1067 1998 δαίμων,
1092 1915 1177 2000 quod
1200 1935 1285 1978 nunc

101 2017 322 2097 scriptumest,
348 2018 404 2080 sed
428 2017 468 2080 ad
491 2012 608 2084 κλύδων
631 2019 704 2078 olim
729 2019 921 2098 pertinuisse
944 2029 1043 2100 putat.
1090 2036 1147 2079 nos
1169 2037 1210 2080 ne
1234 2017 1284 2080 hic

100 2119 224 2198 quidem
259 2121 299 2181 ad
334 2123 568 2183 recentissimos
605 2121 788 2182 scholiastes
821 2131 990 2203 propagata
1020 2139 1089 2182 esse
1123 2120 1284 2184 credimus

101 2241 230 2302 quorum
254 2225 286 2284 in
310 2225 530 2303 antiquissimo
554 2223 634 2284 libro
656 2224 781 2285 nullum
804 2233 851 2285 est
873 2225 1054 2301 vestigium.
1101 2224 1196 2284 immo
1221 2225 1284 2286 illis

100 2323 209 2408 δαίμων
232 2325 402 2388 videbatur
425 2327 487 2388 diei
511 2345 603 2407 posse
620 2327 755 2387 Eteoelis
778 2335 809 2386 et
832 2325 985 2407 Polynicis
1007 2327 1142 2406 animuS,
1168 2345 1283 2407 quem-

97 2427 261 2491 admodum
290 2429 453 2490 Eustathio
482 2433 522 2509 (p.
549 2428 609 2490 775
634 2429 684 2510 30}
713 2427 819 2490 lliadis
842 2447 872 2489 rx
896 2429 957 2488 600
988 2425 1103 2512 δαίμων
1134 2428 1217 2491 idem
1247 2449 1284 2491 ae

98 2525 177 2616 ψυχή
206 2531 337 2594 fortasse
367 2551 437 2592 esse
466 2533 553 2594 visus
578 2542 636 2611 est,
669 2525 746 2593 κατὰ
767 2525 835 2602 τοὺς
857 2523 978 2616 ὕστερον
1002 2525 1132 2616 σοφούς,
1163 2529 1193 2595 οἳ
1215 2529 1283 2594 δαί·
1340 2543 1344 2558 ·

99 2656 172 2714 pecu
193 2628 245 2718 rip
268 2634 300 2696 ἑν
324 2629 441 2719 ἑκάστῳ
464 2627 614 2719 ἀνθρώπῳ
643 2629 741 2719 ψοχήν
764 2631 878 2716 ἔλεγον.
926 2632 983 2695 sed
1014 2644 1182 2714 propterea
1210 2631 1283 2698 ultri-

99 2735 154 2799 δων
182 2737 347 2817 probabile
377 2749 425 2800 est
454 2738 538 2818 quod
569 2736 684 2821 δαίμων
714 2734 912 2798 tolerabilem
940 2737 1180 2817 explicationem
1218 2755 1281 2799 uon

97 2839 231 2901 admittit
258 2859 436 2921 versusque
464 2841 711 2921 antistrophicus
747 2860 810 2902 uon
844 2841 920 2901 sinit
945 2858 1003 2900 nos
1026 2839 1174 2901 dubitare
1202 2841 1280 2920 quin

97 2941 266 3024 Aeschylus
294 2963 352 3024 pro
379 2963 434 3005 sua
459 2943 739 3025 exaequandorum
762 2943 937 3005 carminum
966 2952 1034 3004 arte
1063 2941 1196 3004 iambico
1225 2961 1282 3004 vo-

98 3045 204 3108 cabulo
227 3065 304 3108 usus
328 3049 377 3124 sit,
410 3039 527 3109 κλύδων
550 3058 655 3108 autem
678 3047 876 3127 aptissimum
899 3055 948 3107 est
970 3045 1281 3126 pulcherrimamque

99 3148 227 3228 praebet
250 3151 433 3230 imaginem.
481 3149 566 3229 quod
590 3151 674 3210 euim
697 3143 814 3212 κλύδων
838 3147 956 3210 dicitur
978 3145 1109 3210 tortasse
1127 3157 1283 3210 venturus

98 3271 164 3312 esse
190 3251 397 3337 χαλαρωτέρῳ
425 3244 590 3333 πνεύματι,
626 3254 754 3332 ineptus
783 3261 867 3312 esset
895 3251 996 3330 siquis
1026 3241 1150 3333 paripate
1178 3251 1283 3332 potius

98 3352 263 3416 dicendum
294 3353 391 3417 luisse
421 3353 583 3416 crederet:
625 3373 696 3414 nam
727 3354 853 3434 egregie
884 3353 1059 3433 Aeschylus
1088 3349 1282 3434 audaciaque

98 3465 127 3517 et
148 3475 204 3519 sua
228 3465 259 3518 et
281 3459 397 3518 Graeca
421 3467 528 3520 aestus
550 3468 582 3518 et
605 3457 741 3518 llaminis
764 3457 1091 3518 commemorationem
1113 3474 1177 3516 una
1204 3456 1284 3516 ima-

97 3561 166 3639 gine
194 3561 374 3636 coniunxit,
414 3570 445 3621 et
476 3561 594 3621 lenitur
622 3559 752 3621 audacia
783 3559 949 3621 interiecta
979 3551 1112 3640 λήματος
1141 3555 1282 3642 τροπαίᾳ,

98 3661 135 3724 de
165 3683 228 3744 quo
259 3661 410 3724 vocabulo
440 3661 615 3724 Lobeckius
641 3661 721 3724 dixit
751 3662 850 3742 paral.
876 3660 930 3722 Gr.
956 3679 1004 3740 gr.
1030 3679 1062 3740 p.
1080 3661 1155 3720 etl.
1208 3660 1283 3722 libri

97 3759 273 3849 ἀντροπαίορε
314 3765 370 3826 sed
402 3765 611 3845 probabiliter
640 3769 839 3827 llermannus
869 3765 901 3827 in
931 3764 1132 3827 adnotatione
1163 3783 1195 3844 p.
1220 3764 1283 3824 328

97 3859 130 3928 ἂν
157 3866 285 3952 τροπαία
314 3867 519 3930 scribendum
551 3887 619 3929 esse
649 3869 799 3944 coniecit,
831 3867 956 3948 luitque
988 3868 1099 3930 eadem
1125 3867 1283 3929 sententia

97 3969 227 4034 liobraei
250 3969 331 4031 Adv.
351 3990 372 4032 u
397 3991 428 4052 p.
450 3972 500 4031 tu.
558 3981 624 4032 tum
657 3972 687 4031 in
719 3970 850 4033 Medicei
886 3970 959 4032 libri
996 3971 1172 4051 scriptura,
1203 3987 1284 4049 quae

99 4073 222 4136 lituram
257 4073 362 4154 prodit
399 4074 648 4154 recentiorisque
679 4093 791 4135 manus
820 4075 958 4154 aliquam
995 4073 1281 4154 interpolationem,

98 4178 173 4239 aihil
200 4187 307 4238 tamen
337 4175 424 4238 aliud
454 4177 552 4238 latere
579 4175 708 4238 videtur
739 4195 834 4255 quarn
863 4177 948 4256 quod
978 4195 1063 4239 nune
1091 4177 1208 4238 lactum
1237 4186 1285 4236 est

98 4283 256 4361 ceterique
277 4277 350 4341 libri
375 4278 491 4340 habent
518 4277 728 4364 θολερωτέριρ.
760 4279 816 4341 sed
840 4281 1032 4342 contrarium
1054 4281 1148 4359 plane
1173 4276 1285 4339 dieen-

98 4380 170 4444 dum
202 4383 299 4445 luisse
324 4383 523 4444 Hermannus
548 4383 713 4444 verissime
743 4382 910 4443 intellexit.
965 4383 1184 4444 Heimsoethus
1212 4399 1283 4442 cum

99 4495 185 4548 antea
208 4483 416 4572 χαλαρωτίρῳ
440 4485 610 4546 llermanni
634 4483 799 4566 probasset
821 4493 928 4566 postea
952 4483 1176 4570 ραλακωτίρνρ,
1200 4481 1285 4565 quod
