3186 5108
359 336 445 398 lnoax
469 352 634 398 tacrrosvn
656 353 834 398 rrsrrvravu
861 333 954 394 ⁴856.
1185 319 1255 392 105

81 542 151 604 quae
167 525 255 604 vulgo
278 524 429 604 leguntur
452 523 594 605 intellegi
618 535 751 606 possunt
773 535 804 586 et
826 543 902 586 vera
918 524 1033 602 videri,
1059 524 1256 605 Propertium

80 636 171 688 autern
204 627 295 707 longe
323 627 417 698 aliter
450 628 616 709 scripsisse
644 628 786 709 neglecta
816 626 921 692 adbuc
949 627 1083 708 vestigia
1112 645 1194 708 quae
1223 629 1255 690 in

79 727 226 792 codicibus
247 731 358 794 insunt
380 729 546 794 manilesto
569 730 683 796 docent
705 750 938 812 possumusque
962 730 1083 812 egregii
1107 730 1258 793 carminis

79 832 243 896 nitidiorem
266 835 440 900 orationem
460 835 651 916 reciperare.
691 855 763 897 nam
787 835 914 916 egregia
931 832 1070 915 proiecto
1094 843 1142 898 est
1156 833 1257 916 elegia

78 937 167 1000 ultimi
189 936 262 1000 libri
284 939 391 1017 tertia,
417 937 508 1000 cuius
530 938 649 1018 primos
672 957 784 1001 versus
807 936 1029 1002 adscribimus.

191 1043 273 1104 llaec
295 1037 449 1104 Arethusa
471 1060 526 1104 suo
547 1043 637 1106 mittit
658 1042 807 1104 mandato
827 1044 964 1124 Lycotae,

267 1163 337 1208 oum
359 1145 465 1208 ιοιισασ
487 1144 581 1220 obsis,
607 1147 637 1208 si
653 1153 737 1227 potes
760 1163 825 1208 csse
847 1164 942 1208 meas.

191 1251 280 1332 α’σαα
301 1257 402 1312 tameo
424 1246 479 1311 tibi
501 1249 614 1312 lecturo
633 1267 712 1331 pars
735 1248 827 1312 oblito
849 1248 955 1326 decrit,

267 1351 342 1414 boec
364 1353 422 1414 erit
444 1371 459 1414 c
482 1353 620 1416 lammis
638 1353 726 1434 sacto
747 1352 844 1415 lituro
866 1352 960 1415 met's:

132 1455 150 1515 5
174 1463 245 1519 ,out
266 1456 357 1536 siquo
380 1455 491 1518 incerto
510 1454 600 1537 fallet
620 1463 648 1518 te
670 1456 773 1519 littero
794 1462 905 1531 tractu,

267 1559 359 1642 sipon
382 1576 464 1620 αισσσ
486 1558 617 1621 destrae
640 1561 700 1622 iom
724 1561 879 1623 morimlis
901 1566 1002 1622 crunt.

192 1672 218 1726 tc
241 1661 326 1724 modo
349 1661 492 1724 viderant
515 1663 637 1724 iteratos
660 1664 777 1724 Bactra
797 1681 854 1744 per
875 1670 972 1737 ortus,

268 1774 295 1828 te
318 1765 403 1828 modo
426 1765 539 1829 monito
562 1767 712 1829 Nearicus
734 1765 828 1829 tosta
850 1785 935 1848 σᾳαο,

192 1869 374 1951 Hiberoiquc
398 1870 499 1942 Getae,
522 1869 660 1950 pictoque
682 1870 848 1932 Britannia
869 1888 977 1944 curra,

113 1973 148 2034 to
266 1979 354 2035 ustus
377 1979 405 2034 σι
427 1990 481 2034 coo
503 1972 634 2036 discolor
656 1972 753 2035 lodus
776 1991 868 2055 aquo.

191 2076 303 2139 iocoue
325 2077 440 2138 morito
457 2075 533 2157 fides
555 2083 584 2138 σι
601 2082 711 2158 ρασιασ
733 2083 805 2138 root
827 2075 902 2140 mili
922 2084 1032 2152 αοσισε,

268 2197 336 2242 σανα
359 2177 448 2241 nmis
469 2180 593 2263 arpenti
614 2177 757 2242 bracchio
779 2180 860 2242 violo
882 2179 974 2242 decli?
1095 2235 1097 2240 .

73 2284 193 2362 pulchra
216 2284 339 2361 omnia,
372 2301 477 2364 neque
507 2300 609 2363 paene
635 2282 767 2345 ultimus
789 2279 986 2365 versus'per
1007 2304 1042 2346 se
1066 2302 1256 2365 magnopere

73 2385 208 2467 displicet
230 2388 361 2448 traiecto
383 2384 483 2448 verbo
512 2384 598 2467 quod
625 2396 674 2448 est
701 2393 783 2448 suot.
830 2385 889 2448 sed
911 2395 983 2450 suot
1012 2386 1092 2451 illud
1116 2389 1148 2450 in
1172 2388 1257 2451 nullo

72 2491 153 2552 cuius
173 2490 278 2572 aliqua
308 2487 388 2553 fides
411 2499 460 2552 est
482 2487 590 2552 codice
614 2489 749 2571 legitur:
781 2487 926 2553 additum
956 2501 1004 2552 est
1026 2491 1059 2556 in
1083 2492 1256 2572 examplari

73 2592 207 2674 Regionsi
231 2593 394 2676 aLepido‚
419 2593 507 2658 unde
523 2591 696 2668 Beroaldus
713 2593 887 2674 elegantiae
905 2593 1066 2658 studiosus
1082 2595 1167 2658 buno
1183 2614 1259 2661 vcr-

71 2714 131 2757 sum
155 2699 195 2758 ita
217 2697 442 2775 conformavit,
474 2696 586 2759 baccae
614 2698 728 2759 morito
745 2697 838 2778 fidos,
871 2698 927 2760 loc
953 2705 1063 2779 pactae
1092 2707 1163 2762 suot
1185 2698 1260 2761 milri

71 2807 171 2862 noctes.
211 2801 242 2862 in
265 2799 468 2882 Groningano
492 2800 599 2863 codiee
622 2800 757 2881 aliisque
780 2818 843 2862 non
867 2801 963 2863 nullis
985 2799 1077 2863 libris
1100 2803 1257 2866 versiculo

71 2922 126 2965 oon
154 2905 246 2986 pleno
276 2904 392 2985 legitur
421 2905 533 2968 baccae
555 2905 669 2966 morito
694 2904 770 2985 fides
793 2911 821 2968 et
839 2911 948 2986 poetae
971 2903 1046 2965 matt
1065 2911 1175 2967 noctes.
1224 2905 1258 2969 id

69 3003 178 3070 deinde
208 3008 294 3088 itali,
326 3025 462 3090 quornm
490 3017 620 3070 conatus
648 3006 722 3069 libri
752 3008 838 3070 nulla
868 3006 930 3071 lide
960 3006 1049 3088 digni
1079 3009 1254 3084 continent,

69 3109 116 3170 alii
144 3111 236 3174 aliter
263 3112 412 3194 conplere
442 3110 652 3190 studuerunt,
690 3111 804 3192 partim
835 3111 1023 3174 commentis
1057 3109 1193 3175 rudibus
1226 3121 1258 3174 et

69 3213 191 3294 ineptis,
224 3225 259 3278 ut
283 3215 315 3276 in
338 3234 401 3278 non
425 3215 522 3278 nullis
545 3214 708 3277 codicibus
737 3215 891 3296 scriptum
915 3224 963 3276 est
985 3221 1012 3278 et
1031 3221 1162 3296 pacatae
1185 3214 1259 3277 mati

69 3325 177 3394 mdes,
208 3319 322 3402 partim
353 3320 484 3397 melius,
521 3318 615 3400 quale
644 3329 691 3381 est
718 3319 776 3381 loe
804 3338 878 3380 oum
902 3325 1012 3400 poetae
1041 3317 1117 3380 mibi
1144 3324 1253 3380 noctes.

68 3419 178 3500 quibus
200 3431 377 3504 praestaret
399 3421 485 3504 qnod
509 3421 706 3484 Lachmanno
731 3422 763 3484 in
787 3431 925 3486 mentem
948 3421 1046 3499 venit,
1071 3419 1129 3482 lroc
1149 3427 1257 3502 poetae

67 3533 129 3586 ote
145 3525 216 3588 mili
237 3533 348 3602 noctes,
375 3526 436 3588 nisi
461 3524 539 3588 illud
555 3525 649 3588 etiam
674 3525 748 3588 mibi
768 3527 842 3588 olim
865 3544 927 3588 non
951 3524 1067 3587 lectum
1087 3543 1157 3586 esse
1174 3524 1256 3586 Noa·

68 3629 216 3706 politanus
244 3627 329 3691 liber
358 3627 557 3708 ostenderet,
590 3629 622 3690 in
653 3648 715 3710 quo
744 3630 796 3691 hio
817 3647 932 3693 versus
962 3628 1004 3691 ita
1032 3629 1172 3708 scriptus
1195 3636 1253 3705 est,

66 3728 170 3793 luccae
193 3734 305 3796 morito
324 3731 400 3814 fides
423 3739 451 3794 ct
477 3750 573 3813 poree
595 3733 669 3794 ovio
689 3740 800 3796 metes.
849 3743 881 3795 et
907 3750 1001 3814 porca
1023 3728 1154 3812 quidem
1177 3731 1255 3810 quio

67 3833 139 3896 nibil
170 3835 255 3898 aliud
284 3838 326 3899 sil
355 3854 449 3916 quam
481 3834 565 3916 quod
598 3837 631 3897 in
655 3835 857 3916 Groningano
887 3834 968 3897 libro
993 3843 1078 3898 recte
1101 3834 1255 3916 seriptum

67 3947 108 3998 cst
132 3947 239 4019 poetae
261 3959 324 4002 non
348 3937 479 4002 videtur
500 3957 592 4020 posse
616 3937 773 4015 dubitari;
808 3938 893 4021 quod
926 3937 1008 4002 idem
1033 3937 1256 4018 Groninganus

67 4039 142 4102 liber
159 4041 253 4105 habet
276 4041 359 4118 miti,
386 4040 419 4105 id
435 4061 492 4123 pro
507 4042 624 4104 litteris
635 4042 699 4104 illis
713 4044 797 4122 ovio,
814 4062 896 4124 quae
912 4043 1053 4123 intellegi
1077 4051 1253 4121 nequeunt,

66 4143 197 4207 similive
212 4145 325 4208 mendo
342 4143 415 4209 rudi
439 4144 632 4208 emendandi
657 4147 808 4208 carminis
831 4156 944 4209 conatu
960 4143 1167 4209 substitutum
1185 4163 1257 4207 esse

67 4255 95 4306 at
114 4266 172 4328 per
195 4267 229 4310 se
252 4246 406 4312 credibile
431 4258 478 4311 est
498 4248 615 4330 (neque
638 4249 721 4310 enim
746 4269 786 4313 ex
809 4249 884 4311 milvi
904 4248 972 4311 lieri
996 4249 1098 4329 potuit
1121 4247 1202 4328 ovio)
1225 4258 1257 4310 ct

66 4349 261 4434 manifestum
284 4353 346 4414 erit
367 4351 394 4412 si
418 4371 458 4413 ax
482 4352 544 4414 iliis
562 4353 758 4434 Neapolitani
783 4351 975 4433 exemplaris
998 4350 1113 4412 litteris
1137 4369 1172 4412 ea
1197 4351 1256 4411 eli-

67 4453 185 4516 cientur
197 4473 278 4535 quae
291 4455 452 4537 Propertio
468 4453 653 4536 dignissima
667 4464 752 4520 sunt.
786 4456 864 4538 quid
878 4455 998 4520 multa?
1013 4453 1142 4535 scripsit
1156 4447 1254 4535 pocta¹
