3186 5108
364 393 452 453 laum
476 409 642 454 cacrtouvu
665 411 845 454 lacrimat!
871 392 964 452 tsot.
1003 460 1008 470 ⁶
1189 377 1260 449 193

201 587 288 662 atoue
311 599 354 642 ecc
377 580 471 643 imbre
490 581 593 665 tripos
616 584 713 644 ventis
734 589 804 663 post
821 583 856 662 fit
877 599 933 643 cer
954 577 1062 643 denuo.

201 683 290 746 hocce
308 693 437 766 propter
459 687 596 766 luppiter
618 693 690 746 suot
712 685 772 747 icto
794 704 871 766 quoe
893 685 958 748 dico
981 684 1045 760 tibi,

201 788 321 869 patendo
343 789 483 851 mortalis
505 797 594 870 atquc
616 788 706 851 orbes
729 789 891 870 beluasque
913 807 1014 852 omncs
1037 792 1133 851 meat.

90 891 265 970 inquorum
287 911 440 954 versuum
463 895 567 972 tertio,
600 895 626 954 si
650 893 748 955 verba
779 895 821 954 ita
851 904 886 954 ut
909 893 1041 954 lecimus
1066 894 1266 974 coniungun-

89 1003 142 1070 tur,
172 1013 232 1055 non
261 1013 341 1076 opus
364 1015 434 1058 esse
458 997 586 1058 videtur
615 1007 650 1058 ut
672 1003 779 1058 ventus
802 995 977 1058 scribatur:
1003 999 1100 1059 ocutis
1128 999 1159 1058 in
1183 994 1266 1058 libro

88 1106 138 1156 est.
184 1097 214 1158 iu
237 1099 348 1160 ultimo
375 1119 470 1162 versu
491 1099 613 1182 quoodo
636 1100 826 1162 Lachmadni
857 1109 920 1161 est:
955 1099 1038 1162 liber
1060 1119 1128 1182 ‚quo
1155 1099 1263 1179 habet,

88 1197 164 1260 unde
192 1201 363 1264 Muellerus
392 1207 533 1285 panum
567 1203 652 1265 lecit.
707 1203 824 1266 deinde
853 1203 938 1284 quod
973 1213 1116 1266 mortuus
1152 1204 1185 1264 in
1215 1202 1267 1263 illo

87 1303 304 1383 epigrammate
327 1325 361 1368 se
386 1317 501 1368 terram
525 1327 596 1370 esse
625 1306 720 1386 dicit,
752 1309 854 1388 potuit
883 1307 940 1368 hoc
964 1325 1091 1387 quoque
1114 1306 1269 1387 Epichar-

87 1425 218 1469 mearum
241 1411 473 1472 sententiarum
496 1413 678 1473 memoriam
705 1411 862 1473 excitare:
896 1413 985 1473 ouius
1007 1429 1024 1472 a
1049 1410 1212 1472 Plutarcho
1236 1411 1267 1470 in

86 1510 288 1574 consolatione
318 1512 475 1594 Apollonii
505 1535 539 1596 p.
566 1515 626 1575 ll0
656 1512 849 1576 adferuntur
880 1533 994 1576 versus
1023 1513 1169 1595 quadrati
1207 1512 1270 1574 duo

89 1613 290 1696 Pythagoreas
314 1616 476 1680 doctrinae
500 1618 692 1698 consimiles,

166 1717 326 1804 συνεκρίθη
350 1715 401 1784 καὶ
424 1719 560 1807 διεκρίθη
584 1716 737 1805 κάπῆνθεν
759 1713 830 1784 ὅθεν
854 1711 945 1806 pallea
967 1715 1069 1799 πάλιν,

166 1825 205 1906 γᾶ
227 1820 281 1906 μὲν
304 1823 347 1895 εἰς
368 1828 438 1908 γᾶν,
458 1820 565 1909 πνεῦμ’
594 1816 671 1889 ἄνω·
704 1823 733 1889 τί
753 1826 847 1888 τῶνδε
869 1820 1019 1911 potandam
1046 1819 1117 1888 οὐδὲ
1138 1823 1180 1886 ἕν.

87 1941 124 1984 ne
147 1925 225 1988 haue
247 1927 378 2008 quidem
401 1927 577 1992 doctrinam
600 1931 767 2011 praeteriit
782 1931 915 2009 EnniuS,
943 1949 982 1992 ex
1004 1931 1095 1991 cuius
1118 1929 1272 2009 Epichar-

88 2047 134 2088 mo
156 2031 332 2093 Priscianus
354 2029 436 2094 libro
453 2049 493 2094 vu
516 2054 548 2114 p.
568 2031 629 2094 tot
648 2035 679 2093 P.
706 2033 764 2094 hoc
785 2033 900 2113 adfert,
926 2041 1012 2096 terro
1029 2051 1140 2113 corpus
1161 2039 1217 2108 est,
1242 2039 1274 2092 ot

85 2135 187 2195 mutia
217 2137 295 2217 ipsit
325 2143 379 2198 cst.
427 2136 538 2198 eodem
560 2138 722 2218 pertinent
745 2155 826 2216 quae
849 2138 947 2199 Varro
971 2136 1066 2198 habet
1096 2136 1136 2197 do
1166 2136 1273 2215 lingua

88 2236 189 2298 latina
219 2237 300 2300 libro
323 2257 340 2300 v
363 2259 395 2320 p.
421 2239 461 2300 65
486 2241 555 2321 Sp,
592 2239 827 2320 (adscripsimus
850 2249 962 2318 ,autem
993 2252 1159 2323 propterea
1189 2237 1273 2320 quod

89 2342 201 2401 rectius
230 2345 398 2405 constituta
430 2363 499 2406 esse
529 2363 546 2405 a
575 2345 773 2406 Lachmauuo
802 2363 897 2424 quam
925 2343 965 2405 ab
992 2343 1270 2427 aliisss'putamusl:

87 2445 158 2518 aive,
182 2451 217 2506 ot
238 2448 335 2507 Zoton
359 2447 480 2527 Citieus,
507 2447 689 2510 animalium
712 2465 811 2508 semen
834 2450 912 2530 tyois
936 2449 1020 2530 isque
1047 2445 1082 2528 (is
1106 2448 1158 2528 qui
1178 2445 1269 2528 liber)

87 2549 190 2608 aalma
210 2567 248 2610 oc
270 2567 364 2611 mens.
412 2553 466 2632 qui
486 2551 593 2613 caldor
615 2569 630 2612 e
652 2552 745 2626 coelo,
771 2551 850 2633 quod
871 2551 940 2613 laic
965 2550 1042 2632 (linc
1065 2551 1155 2634 liber)
1185 2553 1277 2612 iocat-

87 2650 245 2716 rucrodt'lca
278 2661 305 2715 ct
336 2655 518 2716 immortales
557 2656 640 2736 ipoes
672 2655 787 2736 (itaque
815 2655 1017 2736 Epicharmus
1047 2655 1083 2715 de
1118 2653 1208 2736 (dicit.
1237 2653 1278 2728 pte

87 2751 178 2838 liber)
204 2763 301 2817 mente
323 2756 458 2818 humana
486 2760 529 2820 cit
560 2760 625 2820 istic
657 2761 712 2819 ‘est
740 2759 859 2820 desole
885 2767 1024 2840 sumptos
1053 2758 1167 2841 ipois;’
1200 2755 1277 2818 idem

84 2857 175 2919 sclao
200 2861 297 2941 ‘itque
320 2867 398 2923 touls
420 2863 527 2923 meotis
550 2862 637 2941 est‘);
661 2870 695 2923 ut
715 2861 855 2923 humores
875 2861 1010 2944 fripidoc
1032 2869 1105 2923 suot
1125 2861 1219 2941 homi,
1246 2868 1279 2920 ut

85 2977 184 3042 supro
198 2964 325 3026 ostertdi.
374 2964 457 3044 quod
482 2961 558 3026 dicit
583 2965 659 3026 ida-m
681 2965 771 3026 solent
799 2961 841 3044 (id
858 2966 943 3026 enim
967 2966 999 3026 in
1023 2964 1104 3026 libro
1121 2965 1194 3046 est),
1220 2963 1279 3024 hoc

86 3064 165 3145 vult,
193 3066 291 3130 ‘idem
314 3068 411 3130 solem
435 3079 534 3130 totum
557 3079 697 3130 mentem
720 3087 789 3132 esse
813 3068 912 3131 dicit.’
958 3067 1196 3149 epigrammatis
1221 3087 1279 3128 au-

86 3178 150 3230 tem
172 3171 310 3252 scriptor
332 3173 446 3234 omisso
469 3174 556 3234 caclo
577 3173 629 3233 vel
653 3172 717 3234 sole
748 3172 788 3234 do
816 3183 900 3234 terra
924 3182 1046 3234 tantum
1075 3172 1216 3255 loquitur
1238 3189 1278 3232 ne

83 3271 163 3334 dicti
185 3293 320 3337 acumen
344 3277 518 3338 minuetur.

174 3379 283 3460 ltaque
306 3379 333 3440 si
357 3381 452 3442 missa
480 3379 632 3460 opinandi
662 3378 790 3442 levitate
822 3378 861 3441 de
892 3379 1118 3460 epigrammate
1149 3379 1280 3440 minime

83 3481 213 3544 inficeto
240 3481 446 3546 iudicandum
477 3471 545 3561 est,l
569 3491 744 3545 statuemus
772 3483 888 3546 lactum
920 3501 989 3544 esse
1018 3501 1080 3544 non
1110 3483 1180 3543 sine
1203 3482 1305 3562 Epi-o

83 3585 309 3648 chamneorum
331 3587 506 3649 carminum
530 3585 741 3648 similitudine
770 3605 851 3666 quae
874 3604 952 3649 num
980 3583 1147 3647 referenda
1170 3587 1212 3648 sit
1240 3583 1282 3648 ad

82 3691 273 3770 opinionum
289 3693 358 3753 eius
382 3689 633 3752 recordationem
649 3689 712 3752 dici
736 3708 799 3750 non
822 3699 925 3770 potest
948 3691 979 3750 in
1003 3690 1161 3751 sententia
1177 3688 1281 3751 Siculo

82 3804 201 3874 poetae
223 3813 295 3856 cum
319 3793 515 3875 philosophis
538 3792 746 3874 conpluribus
768 3795 938 3873 communi,
969 3792 1201 3854 cavillationem
1224 3809 1282 3854 au-

83 3908 148 3959 tem
173 3899 314 3962 alienam
337 3917 407 3961 esse
431 3896 685 3960 existimabimus
707 3895 748 3958 ab
771 3897 977 3978 inscriptione
1006 3895 1156 3976 sepulcri.
1204 3893 1282 3974 quid

83 4003 199 4064 enimi
228 4021 293 4065 non
314 3999 497 4083 putabimus
520 4002 551 4063 in
575 4001 721 4082 sepulcro
737 4001 811 4062 olim
832 4001 987 4081 scriptum
1009 3999 1107 4061 luisse
1123 3999 1284 4079 epigram-

85 4125 134 4168 ma
160 4105 250 4187 quod
275 4124 348 4168 eum
371 4105 404 4166 in
426 4123 520 4167 usum
543 4104 659 4168 lactum
683 4123 752 4168 csse
782 4105 849 4184 ipsa
878 4104 948 4166 eius
977 4102 1076 4164 forma
1100 4121 1137 4164 ac
1159 4103 1284 4183 species

83 4208 288 4290 persuadet?
317 4207 440 4271 accedit
468 4207 554 4289 quod
583 4206 716 4270 eandem
744 4208 828 4269 illam
859 4226 955 4288 quam
984 4207 1125 4268 continet
1154 4215 1285 4267 seuten-

83 4315 161 4376 tiam
189 4323 367 4374 monstrare
390 4331 558 4393 possumus
585 4312 617 4372 in
641 4311 746 4392 lapide
770 4310 906 4391 quodam
930 4311 984 4390 qui
1008 4308 1102 4371 hodie
1125 4319 1210 4371 extat
1233 4329 1285 4370 se-

82 4419 238 4502 pulcrali.
286 4416 405 4479 etenim
427 4413 581 4478 Mouaohii
605 4415 636 4476 in
659 4415 809 4477 thesauro
824 4432 920 4494 quom
942 4412 1159 4493 antiquarium
1175 4411 1286 4474 dicunt

83 4531 240 4586 servatur
262 4518 370 4582 tabula
393 4537 490 4599 parva
515 4537 690 4580 marmorea
714 4519 746 4578 in
769 4536 831 4596 qua
854 4516 933 4578 haec
955 4518 1072 4596 scripta
1096 4524 1181 4594 suut,

137 4637 263 4690 llauplii
278 4636 388 4686 ilpuacnla
403 4635 431 4676 u.
1048 4635 1077 4683 1³
