3240 5094
396 381 483 439 lnnm
507 399 672 441 incarnavit
697 397 877 442 issrrviuvu
899 380 991 440 l873.
1216 361 1289 434 473

97 571 167 632 criti
190 587 223 650 p.
251 568 312 631 lbi}
336 569 542 632 scribendum
566 589 636 632 esso
660 571 793 632 coniecit
822 564 898 654 ἠμὲν
927 567 1013 639 κλέος
1043 563 1099 654 ἠδὲ
1127 563 1179 630 καὶ
1201 564 1292 631 cicitur

97 693 159 735 non
183 673 356 736 attendisse
379 671 509 736 videtur
530 673 572 736 ad
593 675 836 756 explicationem
858 672 1040 755 proverbii,
1067 691 1161 754 quam
1177 672 1293 752 Dioge-

97 777 184 839 niani
209 797 278 839 esse
302 797 365 839 non
388 787 492 858 potest
507 775 660 840 dubitari.
700 777 837 839 attendit
852 775 1010 854 Naberus‚
1037 775 1093 856 qui
1113 775 1198 856 quod
1214 774 1292 838 dicit

96 880 176 943 nihil
192 899 227 942 se
243 900 337 942 nosse
353 880 549 944 commodius
567 900 662 961 quam
684 871 705 965 ᾗ
730 877 783 963 μὲν
805 879 912 957 κλέος,
937 876 997 944 εἶτα
1020 874 1070 942 καὶ
1090 869 1192 963 ἦσθα,
1216 899 1292 961 pro-

96 984 177 1046 iecto
200 985 276 1046 satis
300 983 498 1047 commodum
528 995 578 1048 est
606 983 692 1066 quod
720 986 925 1065 excogitavit,
959 981 1016 1045 sed
1047 983 1220 1045 mutatione
1244 983 1292 1044 ei-

96 1088 214 1149 lectnm
245 1089 376 1150 minime
406 1086 575 1170 probabili.
623 1086 829 1150 scribendum
859 1107 928 1150 esse
957 1095 988 1149 et
1010 1106 1068 1148 nos
1089 1096 1237 1168 putamus
1260 1095 1292 1148 et

97 1193 221 1272 putavit
242 1191 317 1253 olim
333 1190 496 1255 Albertius
518 1183 538 1277 ᾖ
557 1189 609 1275 μὲν
625 1191 731 1269 κλέος,
755 1181 827 1276 ᾗδὲ
842 1187 893 1254 καὶ
907 1181 1009 1275 iolla,
1034 1191 1076 1252 ita
1098 1198 1134 1251 ut
1155 1190 1291 1252 alterum

96 1285 116 1378 ᾗ
147 1296 334 1375 exaequatis
363 1295 527 1377 proverbii
557 1295 704 1376 partibus
733 1294 974 1358 demonstrativi
1004 1294 1107 1356 locum
1137 1292 1289 1373 obtineat,

93 1387 179 1482 ἦσθα
201 1407 307 1461 autem
324 1397 460 1462 eandem
476 1417 571 1479 quam
593 1389 630 1483 ἦν
655 1389 715 1484 ἄρα
737 1401 862 1480 aliaque
879 1417 960 1480 quae
977 1397 1124 1460 similiter
1140 1397 1291 1460 dicuntur

95 1501 212 1563 habeat
235 1489 501 1584 explicationem*

180 1605 328 1686 Denique
344 1605 591 1669 demonstrativa
607 1607 835 1688 significatione
851 1607 1051 1670 Theocritum
1074 1596 1163 1668 δσοοκ
1187 1605 1220 1666 in
1238 1604 1315 1666 illos

94 1709 136 1771 de
161 1729 224 1790 quo
248 1708 481 1790 disputavimus
503 1729 600 1772 versu
622 1729 794 1792 usurpasse
818 1709 905 1772 aliud
921 1707 1064 1771 ciusdem
1087 1718 1198 1790 poetae
1221 1727 1292 1772 car·

95 1832 170 1875 men
194 1789 370 1875 confirmat.
417 1833 490 1876 nam
514 1813 616 1896 idyttii
640 1833 729 1874 xvv.
757 1815 796 1876 25
821 1815 888 1874 sive
912 1811 1084 1894 probamus
1107 1811 1193 1893 quod
1214 1813 1291 1875 llei-

95 1917 214 1981 nelrius
237 1917 376 1998 scripsit,
405 1909 407 1912 ’

255 2009 296 2081 ὧν
319 2015 399 2096 ἴδες,
424 2010 463 2082 ὧν
487 2016 584 2091 εἴπαις
607 2042 658 2083 κεν
682 2019 781 2083 ἰδοῖσα
802 2013 838 2084 rb
860 2021 903 2106 τῷ
926 2014 966 2104 μή
992 2014 1096 2096 ἰδόντι,

95 2125 165 2186 sive
197 2125 298 2204 magis
327 2123 412 2204 quod
442 2125 512 2186 aliis
538 2125 673 2206 placuit,
706 2134 914 2187 monstratum
944 2124 1018 2185 olim
1047 2122 1088 2185 ab
1112 2125 1291 2185 Hermanno

94 2227 214 2308 Opuso.
239 2236 299 2288 t.v
321 2247 353 2308 p.
373 2227 453 2306 ⁴00,
478 2218 518 2288 ὧν
541 2223 622 2304 ἴδας,
647 2218 689 2290 ὧν
712 2224 793 2299 εἶπες
816 2223 867 2291 καὶ
892 2225 990 2290 ἰδοῖσα
1011 2221 1046 2291 ab
1069 2229 1111 2313 τῷ
1135 2221 1175 2311 μὴ
1200 2220 1292 2290 ἰδόντι

98 2331 277 2412 (nugatoria
307 2331 392 2392 enim
423 2331 549 2394 silentio
576 2331 814 2414 praeterimus),
845 2330 978 2412 adparet
1006 2331 1142 2394 alterum
1170 2321 1210 2393 ὧν
1233 2330 1292 2395 de-

95 2435 340 2496 monstrativum
364 2453 433 2496 esse
455 2436 578 2515 pariter
606 2444 702 2516 atque
731 2427 820 2498 ὅσσον
850 2433 947 2513 illud,
982 2434 1067 2516 quod
1091 2436 1292 2496 Hermannus

95 2548 183 2600 recte
207 2538 403 2618 conparavit.
450 2546 591 2620 praestat
619 2547 724 2601 autem
754 2541 914 2601 sententia
942 2558 961 2600 a
983 2539 1139 2602 idcinekio
1166 2539 1288 2617 effecta,

93 2659 203 2722 neque
226 2639 314 2703 aliud
336 2641 413 2721 legit
435 2640 636 2720 scholiastes,
669 2642 759 2704 cuius
783 2642 860 2704 haec
883 2651 932 2705 est
954 2643 1191 2724 interpretatio,
1226 2635 1291 2704 ἀντὶ

91 2745 146 2808 τοῦ
163 2743 195 2814 ἐξ
210 2733 252 2805 ὧν
267 2736 407 2821 testeo,
431 2743 466 2806 ἐκ
479 2737 591 2807 τούτων
608 2737 769 2829 διηγήσαιο
793 2737 828 2808 ἂν
851 2747 894 2830 τῷ
918 2738 958 2829 μὴ
975 2743 1168 2830 θεασαμένῳ.
1207 2764 1291 2826 quae

93 2847 266 2928 explicatio
295 2866 332 2909 eo
362 2856 484 2911 tantum
513 2858 623 2930 peccat
652 2847 737 2929 quod
766 2849 961 2911 attractionis
990 2849 1089 2911 lorma
1119 2868 1183 2911 non
1213 2867 1290 2930 per-

92 2959 205 3033 specta
228 2957 287 3012 est.

182 3054 228 3116 lle
257 3051 360 3116 abusu
381 3072 495 3117 vocum
526 3053 763 3136 formarumque
787 3064 917 3137 propter
939 3055 1197 3137 aequabilitatem
1220 3073 1291 3116 ora-

91 3157 191 3220 tionis
214 3155 295 3219 iacto
318 3157 415 3220 multa
436 3175 605 3238 possumus
621 3157 728 3221 dicere
752 3155 834 3239 (nam
850 3159 1002 3222 latissime
1017 3168 1105 3241 patet
1119 3159 1290 3244 variasque

92 3260 193 3324 habet
209 3261 332 3341 species
348 3269 380 3322 et
393 3260 564 3325 verborum
581 3263 676 3325 etiam
692 3261 776 3324 modi
801 3264 922 3325 ratione
945 3282 1009 3324 non
1031 3260 1178 3325 dissimili
1194 3280 1292 3323 exae-

91 3362 262 3447 quentur),
288 3363 346 3426 sed
367 3365 511 3445 angustis
539 3366 721 3446 scriptionis
744 3365 862 3430 finibus
883 3365 1017 3429 uberior
1038 3366 1210 3447 disputatio
1234 3383 1292 3426 ex-

91 3466 248 3532 cluditur.
288 3467 590 3531 oonmemorandum
612 3477 717 3531 tamen
741 3483 811 3532 essa
834 3489 1001 3533 censemus
1018 3470 1159 3532 Latinam
1180 3488 1291 3531 vocem

90 3592 108 3634 a
126 3570 262 3632 relativa
278 3571 508 3652 significatione
524 3573 557 3634 in
574 3572 855 3636 demonstrativam
871 3592 935 3635 non
950 3574 1045 3636 aliter
1062 3592 1169 3654 neque
1185 3573 1291 3634 minus

91 3675 178 3738 raris
200 3676 357 3756 exemplis
379 3676 562 3737 translatam
594 3694 689 3757 quarn
713 3677 850 3740 Graecae
873 3676 914 3740 de
937 3675 1055 3758 quibus
1078 3675 1291 3738 disseruimus

90 3777 320 3842 deflectuntur.
363 3779 530 3840 relativum
554 3788 603 3842 cst
625 3779 715 3858 dum,
740 3779 799 3842 sed
815 3781 946 3843 relativo
970 3778 1142 3863 respondet
1158 3778 1291 3841 demon-

91 3881 263 3945 strativum
294 3883 326 3944 in
358 3880 483 3944 duobus
506 3883 620 3945 Catulli
648 3883 815 3964 versibus,
849 3884 953 3945 6215
978 3883 1085 3962 etta,
1117 3885 1161 3946 sic
1190 3885 1288 3967 virqo,

90 3987 169 4049 dum
192 3987 308 4048 ιαιασισ
329 3993 447 4062 manet,
474 3986 546 4048 dum
561 4006 638 4049 coro
659 3989 725 4050 suis
748 3995 791 4050 cst
814 3996 845 4049 et
861 4007 934 4048 mox
956 3987 1119 4070 κισσίνου,
1146 3985 1219 4048 dum
1241 3987 1291 4049 iu-

90 4096 177 4154 ιασισ
205 4096 324 4165 monet,
357 4089 430 4150 dum
458 4091 574 4152 inculto
602 4093 739 4152 senescit.
791 4091 897 4172 tetigit
925 4091 1066 4173 priorem
1096 4091 1290 4154 versiculum

91 4193 312 4267 Quintilianus
335 4193 410 4255 lnst.
437 4195 506 4254 1x3
536 4196 586 4272 tc,
615 4194 753 4256 Catullus
776 4196 807 4255 io
830 4194 1022 4275 epithalamio
1049 4193 1138 4256 ‘dum
1161 4195 1289 4275 innupto

91 4303 213 4372 manet,
245 4296 318 4358 dum
340 4315 418 4360 coro
440 4299 505 4360 suis
527 4297 606 4360 est:'
636 4315 704 4359 cum
723 4299 815 4378 prius
838 4297 910 4359 dum
932 4297 1079 4380 sipnificet
1099 4297 1216 4379 σαοαά,
1241 4315 1291 4359 se·

90 4419 189 4483 quens
211 4418 307 4482 usquc
321 4418 354 4461 σο
379 4449 385 4462 .
413 4398 498 4482 quod
522 4403 651 4482 innupta
672 4401 801 4482 scripsit
824 4402 925 4462 errori
950 4401 1119 4462 memoriae
1143 4399 1292 4462 tribuen-

91 4505 172 4568 dum
196 4511 256 4566 est.
297 4501 382 4566 idem
405 4513 512 4566 autem
535 4504 608 4566 dum
625 4503 910 4568 demonstrativum
926 4503 1112 4584 Lambinus,
1139 4523 1201 4588 qua
1224 4514 1292 4567 erat
