3240 5094
328 401 401 473 452
621 417 709 478 laam
732 435 899 480 ascrrortrra
923 435 1101 478 ικενιιικνι
1127 414 1220 477 ⁴⁸72.

327 596 411 682 ἑνός,
443 595 477 675 ‘de
498 603 531 668 τέ
555 628 607 688 μοι
629 596 719 669 ύπνον
742 600 924 691 ἀπεχθαίρει
945 600 997 667 καλ
1019 598 1136 688 ἐδωδὴν
1160 599 1330 689 Μνιομέννρ.
1374 601 1498 684 peccavit

327 707 469 788 Scaliger
490 708 589 770 lorma
611 707 722 788 verbi,
749 727 816 770 rem
840 727 937 771 sensu
958 707 1113 789 percepit.

413 810 449 871 ll.
481 808 711 892 Aristophanes
733 813 766 873 in
790 809 1051 874 Acharnensibus
1072 828 1105 870 ν.
1132 810 1193 870 ιι9

463 941 472 964 ·
577 903 602 975 ὦ
626 907 830 999 θερμόβουλον
851 907 987 998 πρωκτὸν
1010 910 1184 998 ἐξυρημένε,

576 1010 692 1080 τοιόνδε
715 1010 757 1094 δ’,
782 1006 808 1078 oi
829 1013 958 1100 πίθηκε,
981 1010 1032 1079 τόν
1054 1009 1175 1099 πώγων’
1202 1011 1283 1100 ἔχων

576 1113 720 1205 ιύνοῗνχος
743 1112 814 1203 ἡμῖν
837 1109 930 1203 ἦλθες
952 1115 1187 1202 ἐσκευασμένος

328 1222 469 1285 scholion
485 1220 525 1284 ad
540 1222 676 1286 alterurn
692 1241 822 1286 versum
840 1223 1035 1303 adscriptum
1059 1222 1117 1284 hoc
1140 1229 1205 1300 est,
1230 1215 1281 1284 καλ
1302 1221 1387 1286 τοῦτο
1406 1241 1500 1304 παρῳ-

328 1324 418 1408 δηκεν
441 1325 476 1388 ἐκ
497 1328 557 1388 τῶν
574 1311 765 1410 Ἀρχιλόχου
778 1325 858 1388 ἐπῶν
888 1323 1025 1411 (lupicis
1048 1323 1255 1406 lluschkius),
1289 1317 1437 1408 ίτοιήνόι,
1463 1315 1499 1397 δ’,

327 1417 502 1511 ciciliano,
535 1422 589 1512 την
618 1423 715 1512 πυγήν
745 1425 849 1514 ἔχων)
895 1427 1000 1490 tabula
1031 1445 1126 1508 quam
1148 1426 1357 1490 Archilochus
1379 1425 1501 1489 namatii

327 1541 375 1592 est
398 1550 465 1593 sarr
489 1531 574 1594 inter
591 1529 752 1612 Aesopeos
775 1532 899 1594 Halmii.
948 1531 1060 1594 simius
1083 1541 1215 1614 propter
1236 1530 1431 1592 saltationem
1450 1545 1502 1610 qua

327 1634 455 1696 excellit
476 1633 518 1695 ab
540 1633 731 1697 animalibus
754 1653 811 1697 rex
832 1643 976 1697 creatur:
1002 1634 1117 1714 vulpes
1140 1631 1249 1696 invida
1272 1652 1345 1696 eum
1368 1632 1408 1696 ad
1428 1631 1503 1695 deci-

326 1737 433 1818 pulam
457 1735 545 1800 ducit
568 1747 601 1800 et
622 1745 658 1800 ut
679 1737 829 1800 thesauro
851 1755 948 1818 quern
971 1737 1147 1814 contineat,
1181 1755 1277 1800 came
1296 1735 1434 1816 seilicet,
1454 1753 1502 1816 po-

325 1842 424 1904 tiatur
440 1841 586 1920 instigat:
612 1849 702 1920 eapte
726 1839 803 1903 dicit
826 1829 996 1923 ύπλθηκε,
1021 1834 1057 1904 σύ
1076 1832 1217 1922 τοιαύτην
1240 1831 1335 1924 τύχην
1357 1835 1435 1926 ἔχων
1453 1837 1503 1898 τόν

327 1936 445 2025 ἀλόγων
463 1935 549 2028 ζῴων
566 1936 750 2028 pacatorium
778 1943 820 2004 ita
842 1943 922 2006 haec
943 1943 1016 2004 olim
1037 1943 1155 2024 scripta
1172 1952 1274 2007 erant.
1313 1940 1402 2004 rande
1417 1937 1503 2002 (lodo

327 2044 438 2108 fredus
453 2047 654 2108 hermannus
678 2047 710 2108 in
724 2043 906 2108 Archilochi
921 2045 1079 2110 versiculo
1101 2039 1196 2130 τύχην
1219 2043 1425 2108 scribendum
1446 2060 1503 2104 osse

326 2149 530 2211 existimavit.
579 2157 611 2210 et
633 2148 666 2211 in
688 2139 785 2231 πυγήν
807 2146 955 2229 quidem,
988 2148 1072 2229 quod
1103 2149 1234 2210 minime
1255 2157 1361 2229 potest
1383 2145 1500 2222 servari,

325 2250 492 2313 librarium
516 2250 666 2314 incidisse
689 2261 820 2332 propter
841 2244 978 2336 πρωκτόν
1001 2249 1087 2330 quod
1110 2251 1145 2312 in
1169 2251 1277 2332 priore
1297 2248 1505 2331 Aristophanis

325 2373 423 2418 versu
452 2362 500 2415 est
528 2353 604 2416 satis
633 2363 731 2434 patet.
778 2353 837 2417 sed
865 2355 899 2416 in
929 2351 1036 2417 labala
1066 2353 1119 2416 illa
1147 2363 1342 2418 nunc-reete
1364 2355 1502 2434 scripturn

326 2466 374 2520 est
397 2450 433 2520 σύ
457 2452 490 2520 δὲ
511 2449 651 2539 τοιαύτην
676 2451 776 2542 ψυχὴν
798 2453 878 2542 ἔχων
900 2459 959 2520 τῶν
984 2449 1101 2539 ἀλόγων
1122 2449 1208 2541 ζῴων
1224 2449 1428 2542 βσοιλεύσεις;
1451 2452 1502 2516 nisi

326 2558 411 2641 quod
435 2553 553 2643 ἀλόγων
581 2561 613 2621 in
637 2549 737 2623 ἄλλων
768 2559 955 2623 mutandum
978 2579 1048 2624 esse
1071 2561 1290 2640 Heusingerus
1311 2569 1399 2622 recte
1422 2556 1505 2620 intel-

325 2664 442 2725 lexisse
457 2661 602 2724 videtur:
629 2679 701 2724 nam
725 2655 824 2748 ψυχήν
848 2673 880 2725 st
896 2661 1021 2726 fabulae
1044 2664 1124 2724 ratio
1145 2662 1285 2744 postulat
1307 2673 1341 2725 et
1354 2661 1505 2724 confirmat

323 2763 522 2828 Planudenm
544 2759 685 2849 τοιαύτην
708 2760 745 2828 σύ
764 2763 879 2851 μωρίαν
893 2762 985 2851 ἔχων.
1033 2785 1096 2828 aon
1120 2764 1304 2828 dubitamus
1320 2767 1418 2846 igitur
1438 2761 1503 2843 quin

326 2870 385 2932 hoc
413 2870 519 2950 ipsum
549 2861 648 2954 ψυχήν
676 2867 864 2932 Archilocho
893 2868 1096 2932 reddendum
1125 2870 1177 2932 sit.
1230 2869 1386 2932 miramur
1412 2875 1503 2930 autem

326 2973 424 3036 luisse
448 2973 504 3053 qui
520 2970 659 3034 labulam
676 2991 692 3033 a
708 2975 798 3034 ldena
814 2969 951 3036 Minoide
967 2971 1163 3052 inpudenter
1179 2972 1420 3051 inscienterque
1441 2987 1504 3032 eon-
1581 2989 1582 3000 ν

326 3074 430 3138 fictam
460 3083 493 3136 et
520 3093 537 3138 e
568 3074 702 3154 Georgia
724 3075 857 3136 Lewisio
886 3074 1074 3137 credulitate
1102 3093 1204 3156 paene
1235 3072 1372 3136 ridicula
1400 3071 1502 3136 editam

326 3178 455 3259 dignam
478 3177 611 3242 haberet
634 3197 729 3258 quam
751 3180 879 3240 omnino
902 3187 1168 3257 conmemoraret,
1200 3195 1307 3258 neque
1330 3177 1434 3240 minus
1453 3175 1504 3236 ni·

327 3300 436 3344 remur
457 3299 530 3344 eum
552 3274 671 3364 πάγην,
703 3280 790 3362 quod
811 3281 971 3342 inficetum
994 3279 1165 3343 admodum
1189 3290 1254 3360 est,
1280 3279 1418 3344 noluisse
1438 3277 1502 3342 dare

326 3384 489 3447 oblivioni.

412 3486 591 3550 Archilochi
622 3475 799 3551 carminum
829 3488 975 3570 reliqniis
1003 3485 1078 3548 addi
1108 3494 1213 3568 potest
1239 3485 1326 3567 quod
1356 3484 1503 3548 Cedrcnus

327 3592 406 3652 llist.
433 3611 465 3672 p.
484 3591 546 3653 792
571 3591 666 3654 habet
689 3601 1005 3671 conmemoraturquc
1028 3609 1046 3652 a
1067 3589 1259 3652 Boissonado
1281 3590 1315 3650 in
1338 3587 1432 3652 Anth.
1454 3586 1500 3646 Gr.
1581 3633 1582 3636 ,

326 3715 345 3756 ν
374 3695 452 3773 289,
487 3689 672 3780 παρηβηκός
701 3689 753 3757 καλ
779 3695 833 3778 τῆς
860 3693 1057 3780 πρεσβυτικῆς
1084 3687 1239 3778 ἁψόμενος
1267 3685 1405 3776 ἡλικίας,
1435 3681 1502 3774 ᾗτινι

327 3797 491 3883 συμφέρειν
513 3792 567 3881 τὴν
590 3790 824 3883 ἀπραγμοσύνην
843 3791 1020 3882 Ἀρχίλοχος
1041 3790 1058 3860 ό
1080 3791 1206 3880 ποιητὴς
1228 3790 1414 3881 ἀπεφήνατο.

414 3901 464 3962 ιιι.
497 3901 531 3962 ln
552 3899 676 3964 Avibus
697 3900 918 3981 Aristophanis
940 3919 971 3961 v.
999 3901 1058 3962 tte
1081 3900 1188 3981 Epops
1210 3901 1385 3980 interrogat

576 3997 656 4066 'ci'
625 4027 661 4068 ου
682 3998 732 4068 τόν
750 3997 870 4067 Ἠλεῖον
893 4001 1026 4087 Λέπρεον
1049 3999 1192 4072 οἰκίζετον

577 4099 715 4182 illicitam

327 4209 369 4272 de
392 4208 511 4290 quibus
533 4209 592 4270 hoc
608 4207 875 4272 dicithleinekius
891 4210 977 4271 Corn
1002 4206 1499 4289 t.1p.aa,‘inoolan1m1uxn·

327 4314 407 4375 riom
432 4322 519 4374 notat
532 4310 789 4394 Aristophanes
813 4311 1029 4392 dixeruntque
1052 4312 1106 4374 alii
1124 4311 1251 4372 similia.
1298 4311 1431 4372 vixerint
1450 4307 1497 4366 le

326 4391 456 4497 preatao
471 4433 534 4476 non
549 4415 740 4478 castissime:
759 4433 832 4476 narn
846 4417 941 4478 annis
956 4425 1077 4498 septem
1093 4423 1166 4478 ente
1181 4432 1278 4495 quam
1291 4410 1499 4493 Aristophane

300 4518 412 4584 tAves
434 4517 540 4581 docuit
555 4518 683 4580 Helotae
706 4517 782 4581 illuc
804 4517 931 4581 deducti
956 4527 1047 4582 erant
1065 4505 1178 4600 [quam'
1181 4537 1276 4600 (γυναι
1294 4515 1441 4582 adulteria
1460 4507 1495 4572 ihi
