3184 5108
128 1312 295 1410 INDEX
327 1312 647 1411 nuntientur
679 1312 1047 1412 nnsrlvnnvn
1083 1321 1207 1412 1862.

82 1565 130 1676 In
151 1612 368 1696 Aristophanis
390 1615 513 1680 Avibus
535 1627 701 1697 postquam
724 1616 897 1700 Euelpides
922 1627 957 1681 ut
980 1635 1118 1698 upupam
1142 1616 1263 1679 exeita-

84 1727 132 1778 ret.
148 1717 250 1799 lapide
272 1738 383 1784 sexum
409 1720 546 1800 pulsavit
568 1729 599 1781 et
621 1719 676 1782 ποῖ
691 1720 747 1784 παῖ
769 1721 969 1796 exolemevit,
995 1721 1192 1784 Pitheteerus
1213 1719 1263 1782 his

82 1841 148 1886 eum
170 1821 276 1884 verbis
299 1824 442 1902 increpat
464 1843 495 1883 v.
515 1823 568 1902 57,

278 1922 306 1989 τί
328 1923 425 2008 λέγοις
448 1917 549 2002 οὗτοςς
575 1921 625 1990 τὸν
648 1924 746 1990 ἔποπα
768 1926 823 1990 παῖ
845 1926 963 2002 καλεῖς

203 2023 257 2094 οὐκ
279 2023 344 2092 ἀντὶ
365 2032 417 2092 roi
438 2024 546 2102 παιδός
570 2025 598 2094 o'
625 2028 726 2116 ippum
742 2030 848 2094 ἐποποῖ
869 2029 989 2106 saleim

82 2132 282 2212 Pithetaerus,
307 2135 448 2214 inquam.
490 2153 563 2196 nem
578 2153 649 2196 oum
674 2136 705 2196 in
728 2134 820 2196 libris
838 2135 991 2214 seriptum
1013 2135 1055 2196 sit
1079 2131 1263 2198 [telenum-

85 2256 131 2316 ρος
151 2254 181 2295 v.
200 2237 260 2296 ett
284 2237 365 2300 ⁴⁴23
385 2238 479 2316 rtet,
507 2235 721 2323 Ποιοθέταιρον
739 2259 768 2299 v.
782 2239 876 2316 tote,
903 2235 1101 2321 Πειοθὲταιρο
1124 2257 1154 2297 v.
1168 2236 1261 2310 llll,

81 2339 247 2415 rectissime
277 2359 354 2404 sane
383 2340 546 2404 Dobraeus
568 2340 649 2404 Adv.
669 2361 691 2404 ιι
714 2363 745 2423 p.
765 2343 826 2404 2l3
858 2341 939 2406 hano
967 2342 1103 2404 nominis
1133 2341 1263 2402 formam

81 2461 228 2504 nonesse
259 2443 410 2506 Graeoam
435 2445 602 2524 intellexit,
635 2444 691 2508 sed
714 2444 800 2526 quod
822 2455 878 2507 aut
899 2441 1098 2527 Πισθέταιρον
1127 2454 1181 2506 aut
1207 2463 1264 2525 po-

80 2546 138 2608 tius
161 2543 354 2632 Πεισέταιρον
379 2547 612 2612 restituendum
634 2567 705 2612 esse
727 2550 862 2626 censuit,
891 2557 1040 2612 neutrum
1062 2557 1124 2610 tam
1148 2547 1265 2628 proba-

81 2647 141 2712 bile
174 2669 243 2714 esse
273 2650 402 2714 videtur
436 2670 530 2734 quem
561 2651 645 2732 quod
671 2652 848 2716 Guilelmus
876 2651 1060 2714 Dindorfiue
1093 2652 1265 2716 mutatione

78 2754 212 2817 omnium
244 2754 405 2818 lenissima
435 2757 636 2835 reeuperavit
658 2775 773 2818 nomen
798 2752 1007 2840 Πειθοταίροο,
1039 2757 1091 2818 eui
1120 2753 1265 2817 adsimile

79 2865 125 2918 est
153 2856 250 2920 lorma
281 2867 313 2920 et
342 2859 571 2938 significatione
601 2852 778 2930 Πειθόξονος
807 2860 839 2920 in
868 2859 958 2922 titulo
987 2858 1089 2921 Attioo
1114 2857 1264 2920 Boeekhii

79 2969 101 3018 t.
119 2979 128 3020 ι
150 2981 182 3040 p.
199 2961 276 3022 359.
317 2962 350 3024 in
374 2962 542 3024 Pithetaeri
567 2963 663 3046 igitur
686 2963 749 3024 illis
770 2961 879 3024 verbis
901 2980 1076 3042 pronomen
1100 2969 1185 3024 reete
1207 2959 1266 3024 ad-

79 3060 157 3126 didit
178 3065 329 3128 lleokius:
363 3066 513 3128 omissum
536 3076 585 3128 est
608 3067 639 3130 in
664 3063 757 3128 libris
778 3064 974 3144 melioribus,
1001 3066 1033 3127 in
1053 3063 1267 3128 deterioribus

78 3175 113 3228 nt
134 3170 258 3232 numeri
281 3187 394 3232 versus
416 3170 643 3250 conplerentur
666 3170 774 3250 inepte
796 3171 950 3249 seriptum
971 3162 1078 3240 παιδός
1100 3162 1131 3252 γ’
1156 3163 1264 3252 ἔχρην.

78 3269 134 3332 sed
153 3263 262 3344 παιδός
283 3291 348 3334 non
371 3271 569 3336 tolerandum
594 3281 680 3336 ratus
696 3271 833 3336 Cobetus
855 3274 969 3336 linem.
987 3290 1010 3332 n
1032 3291 1065 3352 p.
1087 3272 1146 3335 tes
1169 3269 1267 3334 soribi

79 3371 166 3435 iubet
185 3373 242 3438 ποῖ
262 3373 329 3438 παῖ.
376 3365 528 3438 nimirum
550 3385 625 3439 ante
646 3375 815 3440 dimidium
837 3375 999 3438 saeculum
1028 3373 1112 3438 idem
1136 3374 1267 3456 protulit

78 3475 244 3542 Elmsleius
267 3479 301 3540 in
323 3477 480 3542 addendis
495 3479 537 3542 ad
551 3479 805 3542 nebarnensium
828 3497 859 3540 v.
877 3480 919 3542 36
943 3480 1136 3562 repetiitque
1158 3487 1266 3558 postea

77 3579 202 3644 Medeae
226 3601 258 3663 p.
277 3580 353 3644 287,
401 3581 538 3644 Cobetus
566 3582 651 3648 enim
674 3583 733 3646 etsi
762 3601 825 3646 non
855 3582 934 3646 solet
961 3601 1154 3663 magnopere
1172 3589 1267 3644 *vote-

79 3701 148 3744 rnm
170 3685 446 3764 grammaticorum
470 3685 694 3748 existimationi
717 3685 835 3763 lavere,
862 3687 959 3750 nnius
980 3694 1085 3748 tamen
1108 3703 1267 3766 grommo-

76 3786 132 3846 tici
153 3789 343 3852 sententiam
366 3787 518 3853 admireri
541 3790 699 3869 planeque
721 3809 811 3852 suam
832 3789 945 3854 iecisse
968 3788 1108 3868 videtur,
1140 3788 1264 3866 Donati,

76 3907 173 3968 quem
203 3893 412 3973 Hieronymus
440 3891 616 3973 disoipulus
648 3893 717 3956 eius
745 3891 864 3956 dixisse
899 3903 1008 3956 narrat
1038 3894 1182 3973 ‘pereant
1211 3890 1267 3970 qni

75 4003 152 4054 ante
174 3983 235 4057 nos'
260 4005 367 4057 nostra
388 3995 570 4058 dixerunt?
602 4005 665 4058 tam
695 4013 758 4060 non
789 3996 910 4060 laborat
937 3998 1019 4060 seire
1049 4005 1156 4058 utrum
1185 4007 1291 4055 novet

76 4095 217 4175 proferat
232 4115 273 4159 an
288 4097 410 4162 dudum
432 4109 506 4162 nota
529 4107 559 4160 et
581 4119 599 4162 a
622 4097 769 4180 pluribus
791 4101 859 4162 sive
882 4109 967 4164 reete
989 4099 1056 4162 sive
1079 4098 1154 4161 lalso
1170 4096 1265 4160 diota.

74 4197 178 4260 veluti
204 4201 236 4262 in
261 4203 338 4281 ipsis
366 4202 430 4264 illis
452 4219 533 4283 quas
553 4199 867 4268 'commemoravimus
888 4200 1129 4282 Aristophaneis
1157 4219 1268 4263 emen-

76 4301 259 4368 dationibus
295 4325 359 4368 non
395 4325 494 4386 panea
528 4305 570 4368 ab
598 4307 668 4368 aliis
696 4305 910 4370 demonstrate
943 4315 1074 4387 ooeupat
1107 4315 1267 4385 tamquam

76 4423 162 4471 nove
184 4419 214 4470 et
235 4411 326 4489 quasi
356 4419 505 4494 peragret
533 4412 604 4474 avie
634 4409 909 4488 Pieridum-loce,
941 4409 1061 4474 nullius
1089 4418 1165 4472 ente
1193 4408 1268 4471 trita

75 4511 159 4572 solo.
200 4512 260 4577 aed
283 4514 420 4594 insignia
441 4523 516 4578 sunt
538 4515 571 4576 in
594 4514 653 4578 hoe
675 4532 793 4596 genere
816 4531 899 4594 quae
921 4513 955 4576 in
977 4511 1114 4596 quodam
1129 4513 1269 4576 Mnemo-
