3268 5108
309 369 357 442 86
608 385 695 446 lerum
718 404 881 449 cscrrom
903 405 1081 450 assrrmuum
1103 386 1196 447 tata.

308 574 412 638 scidas
434 575 618 658 camelotos,
643 575 821 656 conicltque
844 575 1051 639 scribendum
1075 593 1145 638 osse
1166 571 1227 661 ἀπῇ
1250 567 1372 640 ἄδολον.
1418 576 1503 638 libro

307 699 336 740 n
360 699 413 760 ap.
431 681 450 739 9
471 677 499 761 (ᾗ
534 677 559 760 l,
592 676 648 740 obi
671 679 825 762 scripturn
848 689 917 742 erat
939 680 1084 743 cessimus
1107 680 1155 742 vei
1179 681 1281 762 polias
1301 681 1409 761 parui,
1441 679 1503 740 llo-

307 783 374 846 sius
398 790 483 844 recte
506 780 638 860 fortasse
661 779 844 844 emendavit
865 783 1050 862 cessimus,
1075 781 1264 864 addiditque
1287 799 1322 845 se
1345 783 1503 863 scriptum

308 885 490 966 repperisse
513 885 546 946 in
561 883 659 948 scidis
681 886 788 948 cessem
810 887 860 961 iis,
885 885 918 947 in
934 887 1144 950 Tornaesiaoo
1166 885 1273 949 cossim
1294 885 1352 949 bis.
1393 887 1427 948 in
1453 887 1506 948 in-

308 986 404 1051 editis
426 987 508 1050 male
523 987 657 1050 coniecit
678 986 886 1052 scribendum
901 1007 971 1052 esse
993 991 1072 1052 cessi
1091 991 1126 1052 vi
1146 991 1195 1067 iis,
1222 987 1320 1070 idque
1342 989 1386 1052 ita
1406 1007 1507 1071 pree-

308 1091 423 1154 mnniit
443 1101 480 1154 ut
501 1088 625 1153 diceret
648 1091 681 1153 in
703 1091 801 1154 scidis
823 1111 895 1154 esse
915 1093 994 1156 cessi
1015 1093 1048 1154 io
1070 1095 1120 1170 iis,
1146 1094 1178 1155 in
1202 1093 1414 1155 Tornaesiano
1438 1111 1508 1156 css·

308 1197 367 1258 sim
395 1193 457 1273 ius,
497 1194 529 1256 in
560 1193 739 1258 Crusellino
767 1196 847 1258 cessi
871 1203 905 1258 at
927 1195 976 1258 iis.
1023 1194 1063 1257 ad
1098 1195 1265 1277 epistulam
1290 1196 1329 1259 ta
1357 1193 1385 1278 (ξ
1412 1196 1441 1278 i)
1473 1197 1507 1256 in

310 1299 455 1379 inpresso
477 1298 701 1360 commentario
722 1296 852 1360 adnotat
877 1297 975 1362 ‘edidi
998 1299 1067 1362 Nilo
1089 1315 1163 1376 meo,
1194 1309 1230 1362 ut
1252 1297 1415 1362 rescrebat
1444 1299 1509 1361 de-

309 1411 462 1466 curtatus.
507 1419 581 1464 nam
603 1401 657 1463 alii
681 1400 755 1464 libri
786 1401 838 1463 bic
860 1402 975 1466 misere
1005 1403 1145 1483 corrupti
1175 1403 1273 1466 sunt!
1318 1403 1351 1464 in
1382 1401 1509 1465 inedito

310 1505 523 1568 Crusollinum
551 1503 670 1568 babere
692 1505 737 1567 ait
758 1505 874 1581 ilomeo,
908 1505 1154 1568 Tornaesianum
1177 1507 1279 1584 laneo,
1313 1504 1355 1568 de
1385 1505 1509 1568 decur-

309 1619 373 1672 tato
401 1618 494 1672 tacet.
542 1609 574 1671 in
604 1607 740 1689 epistula
764 1609 801 1670 ll
832 1605 859 1691 (§
882 1608 911 1690 3)
939 1607 1095 1671 lohannes
1121 1607 1302 1672 Fridericus
1324 1609 1510 1672 Gronovius

310 1712 437 1792 egregie
464 1711 593 1794 scripsit
620 1711 662 1774 od
684 1712 851 1774 Minucium
877 1713 1040 1774 Tarentum
1068 1712 1212 1792 scribom,
1243 1711 1378 1775 cumin
1402 1713 1511 1775 lledi·
1628 1765 1629 1800 ,

309 1835 363 1878 ceo
385 1816 521 1897 allisque
537 1813 700 1878 codicibus
722 1823 754 1878 et
776 1815 931 1894 inpressis
953 1833 1016 1878 uon
1039 1815 1138 1880 nullis
1155 1814 1394 1898 exemplaribus
1417 1816 1513 1898 lege·
1628 1807 1629 1826 ¹

310 1927 400 1982 retur
418 1926 594 2000 pareutum,
628 1919 660 1982 in
684 1915 879 1982 editionibus
900 1915 1094 1981 Ascensiana
1116 1919 1227 1997 altera,
1260 1917 1509 1999 Cratandrina,

309 2021 498 2083 Victorianis
517 2027 688 2103 parentem.
734 2021 844 2084 Rosius
872 2021 904 2083 in
928 2021 1013 2084 edito
1034 2023 1260 2086 commentario
1287 2021 1328 2084 ita
1351 2033 1511 2103 nugatur,

312 2125 386 2186 ‘mei
415 2142 525 2188 omnes
553 2125 779 2205 manuscripti,
810 2133 941 2206 praeter
967 2123 1184 2204 decurtatum,
1222 2126 1273 2187 hic
1302 2123 1425 2188 babent
1463 2123 1515 2188 Ad

311 2229 478 2291 Minucium
498 2236 676 2310 porcarium
705 2226 862 2309 quomodo
887 2228 919 2288 in
943 2228 1081 2308 vulgatis
1102 2229 1230 2310 legitor.
1276 2238 1309 2291 at
1331 2229 1363 2290 in
1387 2227 1515 2292 decur-

311 2340 374 2394 tato
397 2349 455 2412 pro
473 2339 634 2413 parentem
655 2341 820 2404 exaratum
842 2341 892 2394 est
911 2339 1084 2413 porcator.
1130 2331 1218 2395 unde
1240 2331 1359 2395 conieci
1376 2331 1516 2394 Cicero-

311 2453 383 2497 nsro
407 2434 572 2516 scripsisse
592 2435 780 2517 porioatcm
804 2433 905 2498 idest
926 2453 1020 2516 peres
1037 2433 1206 2497 facientem
1229 2433 1368 2498 rationes
1382 2439 1515 2518 accepti

310 2548 343 2601 et
365 2539 522 2620 expensi)
567 2538 661 2604 aliter
683 2539 712 2600 ei
735 2547 825 2600 antes
846 2538 951 2600 visum
974 2538 1094 2601 isserat:
1129 2555 1203 2602 narn
1226 2541 1258 2601 in
1282 2537 1415 2602 ineditis
1430 2539 1516 2602 Tor·-

311 2641 496 2704 uassianum
532 2640 663 2722 quidem
698 2639 820 2710 babere¹
853 2640 965 2703 scribit
998 2649 1175 2722 porcum,
1212 2641 1269 2705 sod
1304 2641 1516 2706 decurtatum

309 2751 453 2826 pmotem,
478 2743 685 2808 scribendum
707 2753 814 2808 autem
836 2745 881 2808 ait
899 2762 958 2826 per
973 2746 1104 2808 Erotem.
1151 2747 1185 2807 in
1208 2745 1343 2828 epistula
1367 2743 1409 2807 l'l
1430 2743 1463 2830 (§
1483 2747 1512 2828 i)

313 2846 472 2910 llediceus
493 2847 577 2912 liber
598 2859 631 2911 et
653 2849 790 2930 inpressi
813 2857 940 2910 veteres
962 2848 1042 2909 baec
1063 2846 1193 2928 babent,
1215 2867 1275 2931 pro
1296 2868 1334 2912 eo
1351 2867 1448 2931 qssosm
1473 2851 1518 2912 od

314 2950 434 3014 modeim
456 2951 647 3015 cossoioodis
673 2953 827 3034 scripsisti
857 2953 903 3014 .P.
930 2957 1017 3014 iurato
1044 2969 1077 3012 oo
1103 2967 1150 3014 ms
1178 2953 1340 3034 scripsisse
1367 2967 1452 3034 quoe
1482 2961 1518 3016 ta

314 3056 378 3137 ipsc
399 3055 542 3138 intellipis
570 3055 752 3137 responderi
777 3057 921 3137 porcam.
967 3053 1042 3116 olim
1064 3064 1240 3118 correctum
1267 3065 1317 3118 est
1344 3055 1519 3131 comelan-

314 3159 371 3222 tis:
403 3157 521 3222 deinde
540 3165 646 3241 porteto
668 3175 705 3220 eo
726 3177 773 3221 me
794 3159 956 3241 scripsisse
977 3155 1121 3220 Lambini
1143 3155 1323 3222 emendatio
1345 3167 1406 3222 est.
1453 3161 1519 3223 Bo-

313 3264 381 3326 sius
403 3264 436 3324 iu
460 3261 545 3325 edito
574 3261 798 3325 commentario
824 3260 928 3324 scidas
956 3259 1076 3324 habere
1106 3260 1185 3324 dicit
1207 3281 1267 3344 pro
1294 3281 1330 3324 eo
1351 3277 1450 3343 quom
1473 3265 1521 3326 od

315 3365 435 3428 mum
461 3365 645 3428 morelmeis
670 3365 824 3448 scripsisti
845 3383 904 3447 pro
933 3371 1019 3428 unta
1048 3372 1108 3428 toto
1135 3383 1182 3427 me
1208 3367 1391 3448 scripsisse:
1423 3365 1520 3432 unde
1631 3413 1632 3418 η

315 3469 394 3532 baec
417 3467 502 3548 iecit,
524 3485 583 3550 pro
598 3487 635 3530 eo
649 3487 741 3550 mmm
758 3469 800 3532 od
822 3468 942 3532 modum
961 3469 1143 3532 consolastis
1164 3469 1318 3550 scripsisti
1337 3463 1518 3554 πραότατα,

313 3578 418 3654 potato
440 3573 669 3654 proscripsisse
691 3582 751 3634 etc.
798 3573 917 3635 Graeca
938 3573 969 3636 ei
992 3573 1087 3634 etiam
1109 3581 1201 3634 antea
1224 3572 1424 3653 placuerant,
1457 3573 1521 3640 sod

316 3675 484 3756 ineptiora.
531 3693 604 3737 nam
627 3676 660 3737 in
684 3673 814 3738 ineditis
837 3676 900 3738 illis
919 3675 997 3738 dicit
1019 3677 1052 3737 in
1075 3673 1174 3738 scidls
1187 3690 1257 3738 esse
1279 3687 1336 3758 pra
1358 3691 1397 3738 eo
1419 3695 1522 3760 quaer

316 3777 479 3842 admodum
507 3778 700 3842 coosolmadis
728 3779 883 3861 scripsisti
905 3787 1052 3861 protomto
1078 3797 1133 3842 osu
1159 3797 1206 3842 me
1231 3779 1410 3860 scripsisse,
1447 3781 1522 3864 ipse

316 3883 395 3946 baec
417 3881 537 3962 proiort
558 3879 709 3960 absurda,
736 3901 796 3965 pro
817 3902 864 3957 ea,
897 3901 989 3966 quom
1010 3883 1052 3946 od
1073 3882 1195 3946 modum
1216 3883 1402 3946 wssoloctis
1429 3889 1522 3950 sori-

316 3985 416 4068 psisd,
439 3977 596 4068 πραότατα
617 3981 682 4049 oica
711 4004 757 4048 me
783 3986 955 4068 scripsisse.
1003 3987 1110 4068 itaque
1132 3997 1240 4068 postea
1262 3986 1407 4068 paullum
1428 3991 1523 4053 resi-

318 4089 404 4170 puit:
437 4087 496 4150 sed
524 4087 619 4150 simul
648 4090 743 4151 etiam
775 4087 936 4152 sciderum
966 4089 1046 4154 illud
1075 4109 1130 4153 osu
1158 4091 1264 4171 aliquo
1293 4090 1450 4154 miraculo
1487 4093 1522 4156 in

318 4199 378 4254 toto
407 4200 561 4254 mutatum
589 4203 647 4255 est.
694 4191 751 4255 sed
779 4211 1012 4274 persequamur
1038 4193 1322 4276 praestigiatorem.
1369 4193 1412 4256 ad
1443 4199 1524 4278 epi-

317 4293 433 4358 stulam
456 4293 553 4374 igitur
575 4295 615 4356 25
644 4293 672 4378 (ξ
693 4295 722 4378 3)
751 4295 829 4358 haec
850 4295 980 4359 adnotat
1009 4299 1040 4360 in
1064 4297 1150 4361 edito
1171 4297 1396 4360 commentario
1425 4299 1524 4380 ‘pro-
1630 4285 1631 4348 ἶ

318 4397 418 4460 loram
438 4397 628 4478 scripturam
645 4409 790 4462 veterum
805 4399 961 4480 codicum,
987 4410 1022 4464 ut
1037 4399 1167 4464 videant
1183 4401 1319 4464 lectores
1333 4401 1522 4468 nimiumne

318 4501 396 4568 mibi
424 4499 612 4566 indulserim
642 4503 675 4568 in
704 4503 839 4568 lectione
867 4513 973 4568 nostra
1004 4501 1079 4566 inde
1108 4501 1324 4586 procudenda.
1372 4505 1523 4571 Tornae-
