3204 5104
387 409 476 472 lnnsx
497 427 664 471 asariam
686 427 864 471 snsrrrinrs
890 410 984 470 isos.
1205 395 1278 468 383

97 593 228 676 perfect
260 597 361 677 infidas
381 629 399 662 ι
414 629 432 662 a
447 629 465 662 a
481 629 497 662 a
515 631 532 662 a
548 631 565 664 a
582 599 690 659 emtas
701 599 846 679 papales,
872 599 939 660 ticet
953 597 1114 660 mobilitate
1128 617 1277 679 mersus,

99 705 216 760 ocbrros
237 707 338 762 tanat
357 701 463 781 paullo
486 701 686 763 verecundans
709 709 740 764 et
755 719 837 781 quae
852 709 1016 763 secuntur.
1056 701 1168 762 exules
1188 711 1281 763 antea

101 801 253 864 Sarrnatm
275 821 432 884 suppares
454 802 627 866 mobilitate
650 803 728 865 dicit
750 804 902 865 Sarmatis
923 803 1164 884 Limigantibus.

179 903 272 966 Libro
293 925 366 968 xrru
389 907 444 966 86
467 906 545 970 haec
567 907 717 986 leguntur
739 914 767 968 et
790 908 926 988 ‘ipnosce
947 906 1032 970 niti'
1057 909 1169 988 inquit,
1197 911 1281 970 ‘arn-

95 1007 227 1086 plr'ssirne
254 1027 369 1086 comes,
400 1011 576 1072 necessitate
604 1029 664 1070 non
688 1010 841 1072 voluntate
863 1009 904 1070 ad
924 1008 999 1072 baec
1019 1028 1097 1091 quae
1117 1011 1192 1072 novi
1211 1029 1282 1072 see-

97 1109 169 1171 testa
187 1112 344 1194 prolapso.
383 1131 469 1194 spere
483 1131 530 1174 rne
547 1114 743 1194 praeeipitem
755 1111 960 1195 flapimwres,
984 1120 1019 1174 nt
1032 1113 1129 1175 nosti:
1153 1130 1281 1194 qatonm

96 1215 243 1276 avaritiae
271 1235 310 1277 ne
336 1223 391 1277 tao
419 1215 538 1297 quibem
561 1215 683 1277 eracelsa
706 1215 760 1278 itta
778 1213 908 1296 fortuna
925 1233 1127 1299 propapnans
1148 1217 1281 1278 mneriis

96 1318 166 1378 meas
190 1320 289 1398 potnit
315 1318 486 1402 refrapori.
538 1317 636 1381 verba
667 1326 741 1381 sunt
769 1315 939 1396 Antonini,
971 1337 1067 1399 quem
1095 1317 1281 1382 Ammianus

95 1419 192 1498 capite
221 1423 334 1501 quinto
363 1423 506 1484 narravit
537 1420 687 1484 aviditate
718 1420 919 1503 quorundam
946 1439 1066 1484 nexum
1095 1422 1281 1503 ingentibus

93 1521 231 1603 damnis,
263 1543 336 1586 cum
364 1524 520 1606 iurgando
547 1535 657 1586 eontra
687 1534 833 1605 potentes
862 1544 896 1588 se
919 1525 1018 1606 magis
1041 1526 1204 1606 magisque
1228 1527 1279 1587 in-

94 1626 209 1688 iustitia
238 1626 339 1709 frangi
370 1629 654 1710 contemplaretur,
689 1626 730 1689 ad
761 1629 871 1689 Persas
897 1627 1028 1690 tandem
1057 1629 1276 1709 translugisse.

94 1729 297 1792 memorabile
320 1740 369 1793 est
391 1740 497 1793 autem
520 1729 607 1812 quod
629 1732 714 1792 inter
733 1731 930 1812 mancipatam
956 1740 987 1793 et
1006 1729 1194 1814 floptatores
1216 1731 1280 1794 Ge-

94 1831 195 1894 lenius
222 1831 319 1896 habet
348 1836 460 1916 inquit,
492 1835 660 1896 Vaticanus
688 1833 787 1913 liber,
818 1843 854 1895 ut
880 1833 986 1914 paullo
1015 1843 1124 1914 antea,
1162 1835 1277 1916 inquit.

92 1937 193 2015 possis
215 1938 397 2000 existimare
420 1946 523 1999 ortum
547 1937 606 1998 hoc
628 1955 697 2000 esse
720 1955 761 2000 ex
782 1938 889 2018 priore
905 1936 958 1998 illo
977 1939 1075 2018 inquit
1088 1938 1138 1999 vel
1156 1937 1279 2018 inqrtid:

93 2057 164 2100 narn
187 2041 359 2120 repetitum
389 2059 466 2102 sane
495 2039 650 2121 displicet¹
665 2048 899 2122 proptereaque
922 2039 956 2102 id
978 2040 1112 2102 verbum
1135 2041 1279 2104 omisisse

91 2142 218 2206 ridetur
244 2143 425 2207 Accursius.
475 2143 533 2206 sed
562 2141 684 2206 nudum
712 2144 809 2205 nimis
830 2143 959 2205 videtur
982 2161 1051 2205 esse
1077 2143 1276 2226 {lapitatorca

91 2249 206 2327 optima
228 2256 334 2310 autem
357 2246 426 2309 lieri
449 2247 547 2309 oratio
570 2247 597 2308 si
620 2245 790 2309 scribimus
805 2265 891 2329 opere
904 2264 951 2308 nte
965 2247 1163 2327 praesbiteri
1185 2266 1279 2320 iniqu

89 2349 286 2432 [lapitatores.

177 2453 270 2515 Libro
291 2473 341 2516 ιιιιι
367 2447 397 2518 2’
413 2453 451 2514 tt
483 2453 577 2516 bodie
606 2452 684 2514 haec
712 2452 879 2534 leguntur,
911 2450 1088 2515 medebatur
1116 2471 1187 2537 erpo
1213 2455 1280 2516 snr's

91 2559 214 2639 minare
235 2557 415 2620 volneribus
433 2575 493 2638 pro
511 2555 711 2638 possibilitate
732 2556 781 2618 vel
796 2557 972 2618 onerantium
994 2558 1096 2638 copia,
1123 2575 1191 2620 carn
1212 2559 1281 2639 qoi-

90 2659 161 2722 dam
181 2663 319 2743 proviin
341 2661 441 2724 sanai
460 2677 570 2722 nitore
591 2657 741 2722 eaebansto
763 2660 891 2740 spirulas
913 2659 1097 2722 reluctantes
1119 2659 1278 2741 efflarent:

91 2763 146 2826 olii
167 2763 299 2845 confossi
319 2761 514 2826 mamanibus
532 2763 684 2844 prostrati
705 2763 816 2824 animr's
838 2762 872 2823 in
886 2769 1008 2824 ventam
1024 2762 1129 2824 solatis
1149 2763 1280 2843 pror'cie-

90 2865 201 2928 bantur
223 2869 369 2943 cannam
399 2867 572 2948 aliquorum
596 2863 708 2946 (oratis
735 2865 869 2946 undiqrae
890 2863 1033 2926 enebris
1055 2863 1170 2926 nwderi
1187 2866 1282 2945 periti

90 2969 247 3044 onabont,
271 2987 310 3031 nc
332 2967 545 3052 offensionibus
567 2969 665 3030 cassis
687 2969 808 3030 animae
823 2975 1016 3030 venarentur
1037 2966 1195 3048 adlimam·
1218 2986 1279 3029 non

89 3073 167 3135 nolli
187 3071 335 3135 vellendis
358 3073 476 3154 sopitas
492 3073 524 3133 in
539 3070 667 3152 ancipiti
680 3072 836 3132 narratione
849 3071 999 3153 praviora
1012 3077 1107 3132 morte
1128 3070 1280 3152 supplicia

87 3174 292 3256 perferebant.
331 3175 485 3255 scriptum
500 3184 606 3237 autem
629 3174 730 3235 estin
746 3171 854 3235 codiee
869 3173 1017 3234 Vaticano
1031 3191 1095 3235 non
1114 3175 1275 3254 prostrati,

90 3278 146 3340 sed
163 3279 319 3359 prostrati
338 3295 458 3340 caram.
506 3275 590 3339 idem
613 3273 777 3357 profertur
799 3277 970 3338 eltomano
993 3275 1168 3356 exemplari
1191 3275 1279 3338 codi-

89 3380 242 3462 cibusque
257 3379 422 3442 Valentino
439 3387 470 3442 et
486 3378 683 3442 Colbertino:
709 3379 826 3459 Regius
848 3377 967 3440 habere
990 3377 1109 3441 dicitur
1128 3381 1281 3460 prostrati

89 3501 154 3547 nrm
177 3485 255 3562 iam,
282 3483 317 3544 in
339 3501 403 3563 quo
417 3483 521 3544 inanis
537 3479 729 3545 emendandi
745 3491 876 3544 conatus
891 3479 1157 3561 deprehenditur.
1198 3483 1279 3544 omi-

88 3595 200 3651 serunt
220 3604 328 3648 euram
342 3582 513 3649 Accursius
535 3595 567 3648 et
588 3585 756 3664 Gelenius,
782 3581 972 3662 Castellum,
997 3593 1033 3646 ut
1054 3584 1200 3664 videtur,
1224 3603 1279 3648 sc-

89 3692 162 3752 cuti.
210 3689 355 3750 Valesius
382 3687 588 3752 scribendum
620 3705 690 3750 esse
713 3687 848 3748 coniecit
867 3687 1020 3767 prostrati
1041 3705 1159 3768 eoram,
1193 3687 1277 3768 quod

87 3795 161 3856 satis
189 3791 333 3872 ineptum
364 3800 423 3853 est.
470 3799 618 3871 putamus
639 3787 840 3852 ammianum
868 3790 1035 3871 scripsisse
1064 3790 1121 3852 alii
1147 3789 1280 3872 confossi

88 3894 282 3960 mamanibus
296 3911 513 3967 rnosrnsrrorn
529 3912 581 3956 ιιιι
604 3894 715 3957 animis
738 3895 771 3956 in
785 3899 908 3956 oenbtm
924 3892 1030 3956 solutas
1048 3891 1278 3974 proiciebantur

89 4000 226 4064 manca.

171 4100 292 4165 Eodem
319 4099 401 4163 libro
422 4117 472 4160 xix
494 4101 555 4160 68
586 4109 736 4162 narratur
763 4100 928 4181 egregium
951 4099 1111 4162 Gallorum
1141 4099 1275 4162 militum

89 4203 229 4284 lacinus,
262 4203 317 4284 qui
339 4213 435 4266 noctu
458 4221 503 4280 eu¹
519 4199 632 4277 Amida
655 4203 756 4282 urbe,
781 4221 878 4283 quam
901 4204 1015 4266 Persae
1036 4201 1273 4284 oppugnabant,

88 4309 207 4390 egressi
231 4306 426 4369 obtruncatis
447 4306 568 4386 aliquot
590 4305 732 4368 hostibus
756 4307 816 4388 ipsi
844 4305 950 4386 regiae
973 4307 1183 4387 supervenire
1207 4323 1276 4368 me-

88 4410 281 4474 ditabantur.
327 4427 435 4470 vernm
464 4408 567 4470 andito
596 4407 663 4472 treet
690 4409 751 4471 levi
775 4409 958 4472 tendentbtm
986 4409 1087 4472 sonan
1108 4410 1276 4491 poenitaque

87 4533 261 4590 cmsornrn,
286 4512 423 4576 damaso
437 4529 540 4574 sorano
555 4513 697 4576 cecitatis
712 4512 815 4575 multis
829 4519 858 4574 et
872 4511 914 4574 ad
929 4531 1020 4576 orrno
1038 4529 1097 4595 pro
1111 4529 1144 4574 se
1162 4529 1275 4594 qaroque
