3204 5104
395 356 484 418 lanes
507 373 673 419 nnorroarrr
696 373 874 420 aurarem
900 357 993 418 tace.
1216 343 1290 418 409

117 543 150 604 ιιι
191 551 263 606 sunt
284 543 375 607 uobis
398 545 497 606 nestri
521 553 642 606 tantum
665 546 821 606 sermonis
843 547 1056 627 eloquentiam
1079 549 1205 610 societis
1232 567 1292 611 nec

190 645 311 727 aliquid
333 647 498 728 proprium
522 657 554 710 ot
569 646 654 728 quod
676 646 768 710 uobis
791 667 854 709 non
877 659 924 711 est
947 649 1099 713 traditum
1122 651 1291 734 proloqua-

190 750 284 828 mini,
310 750 433 812 etiamsi
449 749 541 812 nobis
556 750 732 813 uerisimile
747 749 915 814 uideatur:
941 752 1015 832 sed,
1040 762 1076 816 ut
1098 753 1184 833 dixi,
1209 773 1291 836 qnae

190 854 256 933 ipse
287 871 305 914 a
333 871 411 914 uero
440 853 595 935 propheta
624 864 770 935 suscepta
799 854 891 918 uobis
921 854 1038 918 tradidi
1061 859 1291 938 prosequimini

188 955 310 1017 etiamsi
333 957 439 1018 minus
461 958 576 1038 plenae
599 956 791 1020 adsertionis
814 977 883 1020 esse
901 957 1121 1023 uidebuntur)
1167 970 1199 1024 ει
1220 960 1291 1024 ideo

115 1059 146 1118 id
189 1045 230 1120 ne
254 1061 287 1120 in
310 1059 648 1142 interpraetationibus
670 1061 850 1142 linguarum
874 1061 1048 1125 secundum
1078 1065 1217 1144 quaein
1240 1066 1292 1126 in-

189 1162 305 1224 teriora
334 1161 410 1225 libri
438 1162 651 1226 ostenduntur
678 1165 795 1245 legenti
826 1165 975 1228 uideatur
1003 1165 1090 1229 alind
1117 1167 1149 1229 in
1172 1168 1291 1230 Graeca

188 1266 314 1346 linguae
336 1264 425 1329 alind
447 1267 479 1328 in
500 1268 608 1329 Latina
630 1268 684 1330 uel
699 1267 805 1330 Getica
828 1267 991 1350 designata
1012 1289 1081 1332 esse
1098 1269 1288 1350 conscribw,

189 1368 267 1431 illud
286 1369 433 1433 aduertat
454 1371 543 1452 quis,
569 1369 653 1451 qnod
676 1372 702 1432 si
726 1390 784 1452 pro
807 1370 974 1452 disciplina
997 1374 1104 1453 lingua
1126 1373 1291 1455 discrepa-

188 1473 305 1534 tionem
336 1471 491 1553 ostendit,
527 1473 567 1536 ad
600 1492 696 1535 unam
726 1482 829 1536 manen
861 1464 1081 1538 intentionem¹
1116 1475 1314 1540 concurrite

110 1577 145 1636 tt
188 1594 287 1655 quare
309 1577 417 1639 nullus
441 1575 556 1638 exinde
579 1575 717 1638 titubare
740 1575 837 1639 debet
858 1577 900 1639 de
923 1577 1009 1659 quod
1031 1580 1098 1660 ipsa
1121 1580 1291 1642 auctoritas

187 1678 368 1742 manifestat
382 1679 556 1742 secundum
574 1681 750 1742 intentione
773 1679 899 1761 linguae
915 1691 1048 1762 propter
1063 1681 1290 1744 declinationes

187 1801 283 1843 sonus
312 1783 399 1844 nocis
429 1781 575 1864 diligenti
605 1784 947 1864 perceptionestatuta
975 1793 1067 1862 sunt,
1099 1786 1188 1846 utin
1212 1784 1291 1847 sub-

187 1885 396 1964 seqnentibus
425 1885 602 1948 conscribta
631 1887 792 1966 leguntur.
840 1887 918 1948 haec
942 1905 993 1949 res
1022 1886 1096 1949 lecit
1117 1885 1292 1967 probanter

187 1985 349 2067 publicare
383 1999 514 2070 propter
547 1989 668 2069 aliquos
700 1991 754 2069 qui
791 1988 867 2052 lalsa
900 1988 1080 2052 adsertione
1114 1989 1290 2054 secundum

105 2089 143 2150 25
187 2090 357 2154 nolumtate
380 2111 436 2154 sua
461 2090 623 2154 mendacia
647 2093 680 2153 in
704 2093 773 2173 lege
795 2093 847 2154 uel
871 2094 903 2154 in
920 2093 1097 2173 euangeliis
1116 2112 1175 2174 per
1189 2095 1291 2156 inter-

187 2195 415 2274 praetationem
431 2198 559 2276 propria
581 2203 768 2275 posuerunt.
807 2213 907 2275 quare
923 2196 975 2258 illa
997 2195 1195 2258 declinantes
1214 2197 1292 2260 haec

186 2299 287 2378 posita
315 2307 390 2360 sunt
419 2317 500 2378 quae
524 2298 696 2379 antiquitas
725 2298 803 2378 legis
826 2299 859 2359 in
886 2297 979 2361 dictis
1002 2300 1192 2361 Graecorum
1216 2319 1291 2362 con-

187 2401 282 2462 tineri
306 2401 533 2480 inueniuntur,
566 2410 598 2462 ct
627 2402 712 2481 ipsas
740 2401 943 2482 etymologias
969 2402 1150 2482 linguarum
1173 2421 1291 2466 conue-

186 2505 311 2566 nientes
334 2503 396 2566 sibi
413 2484 606 2566 cbnscribtas
622 2502 662 2566 ad
685 2521 783 2566 unum
807 2523 935 2566 sensum
952 2523 1143 2568 concurrere
1158 2505 1292 2568 demon-

105 2608 142 2666 30
188 2615 340 2668 strantur.
380 2626 453 2674 nam
477 2617 508 2669 ει
532 2626 569 2669 ea
591 2607 739 2668 conuenit
755 2605 896 2668 indicare
918 2627 975 2689 pro
995 2607 1080 2688 quod
1096 2610 1129 2669 in
1144 2609 1292 2672 uulthres

187 2709 270 2772 lactu
300 2719 359 2771 εει.
406 2711 514 2772 Latina
544 2729 620 2773 uero
649 2710 757 2791 lingua
786 2707 945 2771 adnotatio
967 2711 1164 2790 significatur
1191 2730 1291 2792 quare

188 2811 221 2874 id
244 2813 379 2893 positum
403 2823 451 2875 est
472 2814 598 2894 agnosci
623 2814 731 2893 possit.
779 2811 833 2875 ubi
856 2813 961 2876 littero
977 2815 1021 2876 Gr
1043 2833 1142 2894 super
1162 2815 1291 2878 uulthre

188 2918 353 2977 inuenitur
382 2917 459 2978 sciat
489 2917 543 2997 qui
573 2915 650 2996 legit
679 2915 764 2996 quod
794 2917 827 2978 in
859 2917 926 2997 ipso
955 2917 1082 2979 uulthre
1113 2916 1290 2980 secundnm

186 3017 274 3101 quod
303 3019 442 3081 Graecus
472 3020 613 3080 continet
642 3017 796 3081 scribtum
826 3029 891 3082 est:
924 3019 979 3082 ubi
1009 3039 1086 3082 uero
1116 3021 1220 3082 littera
1250 3023 1290 3082 La

104 3124 142 3180 35
186 3141 285 3204 super
308 3124 436 3185 uulthre
460 3123 625 3185 inuenitur
647 3120 823 3184 secundnm
845 3123 952 3184 Latina
976 3123 1084 3202 lingna
1107 3123 1139 3185 in
1162 3124 1291 3186 uulthre

185 3236 348 3289 ostensum
377 3235 437 3288 est.
485 3235 516 3288 ει
545 3224 615 3287 ideo
646 3225 705 3286 ista
735 3225 900 3287 instructio
930 3224 1144 3288 demonstrata
1172 3237 1220 3289 ast
1250 3247 1290 3290 ne

187 3331 330 3410 legentes
364 3329 449 3410 ipsos
482 3328 627 3391 uulthres
660 3345 722 3389 non
758 3329 960 3409 perciperent
989 3349 1046 3411 pro
1077 3348 1138 3410 qua
1170 3331 1290 3394 ratione

185 3433 280 3512 positi
302 3433 377 3495 sint.
424 3431 482 3494 sed
506 3431 590 3513 quod

104 3537 154 3596 llis
175 3535 286 3597 verbis
314 3535 367 3598 sed
395 3535 474 3618 qnod
502 3537 613 3598 linitur
634 3536 759 3617 pagina.
808 3553 889 3617 quae
914 3555 944 3597 v.
971 3538 987 3597 l
1013 3556 1052 3598 ex
1074 3546 1183 3600 octavo
1209 3537 1291 3601 libro

104 3639 273 3702 Clementis
295 3638 485 3701 adferuntur
509 3640 540 3701 in
557 3640 661 3702 Rufini
685 3641 947 3720 interpretatione
963 3641 1220 3721 Recognitionum
1244 3642 1291 3703 le-

102 3753 218 3821 guntur
233 3743 336 3824 eapite
360 3741 434 3804 libri
452 3742 537 3805 illins
552 3744 712 3804 tricesimo
728 3744 872 3824 septimo.
913 3753 999 3806 recte
1015 3754 1121 3807 autern
1137 3745 1290 3825 scripturn

102 3857 147 3908 cst
169 3867 200 3909 v.
222 3849 240 3906 9
264 3845 401 3922 edocere,
427 3865 459 3908 v.
480 3847 518 3909 42
542 3847 595 3909 sed
616 3854 651 3909 ut
672 3846 758 3924 draci,
784 3865 815 3906 v.
844 3847 881 3906 l3
903 3848 1140 3929 prosequimini:
1164 3848 1291 3929 volgata

103 3950 203 4013 Rufini
221 3950 415 4031 exemplaria
435 3949 554 4012 habent
570 3957 598 4012 et
611 3949 732 4027 docere,
758 3960 824 4012 tum
847 3950 901 4013 sad
923 3969 959 4012 ec
980 3958 1015 4013 ct
1035 3949 1123 4029 dioei,
1149 3950 1291 4032 denique

99 4054 335 4137 prosequamini.
383 4052 550 4116 Garhellus
578 4063 744 4135 postquam
775 4051 865 4116 dedit
893 4071 975 4135 qnae
1006 4073 1102 4136 supra
1128 4056 1234 4135 qualia
1258 4057 1290 4118 in

102 4157 165 4236 ipso
188 4156 271 4219 libro
293 4157 441 4219 Brixiano
471 4157 588 4238 scripta
617 4166 692 4219 sunt
721 4157 826 4237 posui,
858 4159 935 4219 haec
957 4155 1063 4237 addit,
1098 4160 1291 4221 ‘caracteres

103 4263 229 4322 nintilae
244 4261 340 4323 huius
357 4259 537 4341 rapsodiae,
563 4279 659 4341 quam
681 4258 853 4322 barbarum
876 4270 971 4341 atque
996 4261 1107 4323 infelix
1129 4261 1290 4325 weculurn

101 4365 226 4444 extulit,
253 4381 360 4444 neque
383 4364 466 4444 illos,
493 4362 610 4445 quibus
627 4364 769 4426 (lacones
792 4362 945 4446 descripti
968 4373 1060 4444 sunt,
1084 4383 1207 4445 neque,
1233 4368 1288 4446 qui

100 4466 130 4528 in
153 4467 279 4547 codice,
313 4477 563 4549 repraesentant.
610 4485 683 4529 nam
706 4475 737 4530 et
760 4469 898 4532 minores
921 4469 1005 4548 istis,
1039 4477 1070 4531 ct
1098 4467 1161 4530 illis
1182 4467 1288 4549 paullo
