3204 5104
345 375 419 450 354
638 391 726 454 lrnsx
748 408 916 456 tsersouru
939 407 1116 452 sssrsrssrn
1135 387 1229 452 tuot.

342 579 397 644 tibi
416 581 541 662 repotiis
563 579 699 644 districto
719 580 873 660 perpetuis
889 579 1035 640 orationis
1050 575 1289 642 mantunae
1311 582 1420 660 mnpus
1433 573 1510 635 does-

342 691 403 758 set,
433 702 532 746 nonne
554 691 591 746 te‘
603 683 801 746 tumultuaris
822 681 1002 764 ananan
1022 689 1050 744 et
1072 681 1232 746 lucrativis
1253 678 1418 742 sananim
1437 677 1511 740 rolo-

341 789 396 849 ciis
415 785 580 868 fulciebas,
612 786 785 866 synonymis
807 785 996 868 oollipendr's,
1021 783 1122 848 evaeo
1144 782 1297 848 interdurn
1319 779 1510 864 capuanis

341 889 557 972 requirendis?
599 887 793 953 Niebuhrius
814 897 982 969 perspecta
997 887 1168 950 verborum
1190 886 1349 950 sententia
1362 891 1511 965 pepetuali

340 994 487 1056 orationis
509 993 648 1073 scripsit.
694 990 835 1054 dubitari
865 999 967 1072 potest
992 1001 1099 1054 utrum
1122 990 1180 1052 hoo
1201 1007 1315 1052 verum
1336 989 1432 1050 sitan
1453 986 1509 1048 ior-

340 1107 423 1160 tasse
445 1105 586 1179 praestet
608 1113 756 1173 rsrrurrs,
781 1093 866 1174 quod
882 1091 1071 1157 vocabulum
1094 1094 1212 1156 homini
1235 1093 1363 1173 antiqua
1384 1089 1511 1152 studiose

339 1202 473 1268 secanti
496 1200 572 1262 setis
594 1187 762 1261 convenit.¹

315 1325 330 1370 o
426 1305 471 1366 De
494 1301 690 1366 orationibus
712 1302 796 1383 ep.l
821 1322 853 1382 p.
874 1301 934 1365 472
950 1299 970 1384 [
973 1304 1035 1364 lid
1051 1303 1089 1364 N.
1095 1298 1116 1384 ]
1136 1303 1250 1362 Fronto
1273 1298 1383 1362 scribit
1402 1297 1439 1360 ad
1453 1297 1512 1358 An-

340 1409 482 1472 toninum
513 1426 614 1488 pauca
642 1405 833 1482 subnectam,
862 1404 995 1486 sortasse
1023 1407 1143 1486 inepta,
1175 1406 1290 1486 inipetu.
1338 1421 1407 1464 non
1427 1419 1511 1464 nisus

337 1509 417 1592 [aero
438 1511 620 1594 mapistrum
641 1528 687 1572 me
708 1510 885 1590 superiore.
931 1527 1026 1590 nense
1046 1510 1170 1591 opsecras
1192 1526 1308 1570 omnem
1329 1507 1406 1568 lano
1425 1506 1512 1586 map-

339 1622 476 1678 strorum
505 1632 618 1676 vanam
638 1612 854 1694 propemodum
876 1619 904 1674 et
924 1611 1065 1676 stolidam
1087 1630 1162 1674 esse.
1206 1629 1321 1692 parurn
1343 1610 1512 1691 cloptunes

340 1725 368 1780 et
394 1719 562 1798 sapientiae
588 1715 676 1778 nolit.
729 1723 839 1796 aptum
868 1723 917 1777 εει
944 1713 1029 1795 quod
1057 1714 1196 1776 Orellius
1224 1715 1349 1794 putavit
1376 1715 1511 1776 εειιεειιι

340 1829 410 1901 post
432 1821 648 1902 mopistrorum
671 1817 840 1882 excidisse.
886 1815 1004 1880 deinde
1032 1816 1239 1880 scribendum
1262 1825 1311 1879 est
1330 1835 1439 1898 parum
1460 1815 1512 1874 elo

340 1925 493 2004 quentiae,
518 1922 686 2003 sapientiae
701 1920 787 1982 nittt.
835 1920 933 1982 Maius
956 1921 1040 1981 enim
1064 1919 1198 1981 schedas
1220 1939 1295 1982 suas
1317 1920 1476 2002 enpueotis
1489 1925 1513 1977 et

341 2025 460 2088 habere
483 2024 578 2103 dicit,
611 2024 664 2086 illo
690 2033 796 2086 autem
826 2023 917 2086 modo
940 2023 1040 2102 magis
1062 2023 1140 2085 haec
1161 2033 1343 2104 congruunt
1365 2043 1433 2086 curn
1453 2021 1512 2082 Sal-

341 2129 476 2194 lustiano
505 2129 573 2207 illo,
607 2128 697 2192 ouius
720 2129 818 2190 Maius
846 2125 1008 2190 commode
1037 2127 1199 2206 meminit,
1231 2129 1309 2190 solos
1331 2127 1509 2208 elucentia.

340 2233 507 2313 sapientiae
526 2249 650 2312 parurn.

426 2332 545 2400 Eadem
567 2334 681 2414 pagina
705 2332 782 2394 haee
804 2332 963 2411 leguntur,
989 2333 1146 2416 rufinam
1168 2352 1234 2396 eom
1249 2352 1302 2416 epo
1316 2333 1508 2414 ειεφιειιιιειιι,

340 2437 546 2500 catalaunos
572 2437 635 2498 ritu
659 2437 776 2516 partior
804 2436 898 2518 ipneis
928 2435 1054 2498 nucibus
1085 2437 1223 2512 Catonis,
1251 2439 1368 2518 partim
1397 2437 1512 2498 Sauone

339 2539 478 2604 mollibus
501 2548 529 2602 et
542 2537 734 2620 febriculosus
752 2539 914 2620 pnenuleis
930 2540 1070 2617 insitam,
1096 2539 1330 2602 ndvermtdum
1344 2557 1444 2602 censeo
1466 2557 1510 2598 ro-

340 2643 467 2719 dioitus,
500 2645 589 2706 immo
611 2659 683 2704 vero
708 2641 845 2704 Plautino
875 2648 954 2704 troto
976 2641 1067 2703 vern
1089 2642 1294 2705 medicinis.
1340 2661 1403 2705 non
1424 2641 1509 2723 potuit

339 2748 452 2808 Frontn
482 2744 590 2808 dicore
621 2763 687 2806 eaor
717 2745 925 2826 eloquentium.
979 2745 1080 2825 potnit
1114 2745 1216 2808 illam:
1250 2763 1364 2808 verum
1393 2763 1434 2808 ne
1465 2745 1510 2805 hor

340 2848 471 2930 quidem
498 2848 642 2930 scripsit,
674 2846 732 2912 sod
763 2849 866 2929 potius
892 2865 1099 2911 corrnerunt!
1122 2867 1174 2931 epo
1196 2849 1404 2930 eloquentiam.
1447 2863 1510 2910 usus
1588 2839 1589 2878 ³

340 2961 391 3016 est
417 2950 600 3016 wnlusanei
632 2950 783 3014 vocabulo
811 2970 932 3032 suppar
959 2961 1062 3013 aetate
1091 2953 1237 3013 Frontoni
1267 2951 1398 3014 Gellius.
1452 2967 1509 3011 nox

341 3055 435 3136 ipneis
464 3056 496 3116 in
526 3054 644 3136 ilipnois
673 3052 859 3116 mutandum
882 3073 953 3116 esse
975 3054 1107 3135 pulchra
1132 3053 1191 3116 init
1213 3055 1395 3116 coniectura
1416 3053 1508 3114 Orellii
1587 3080 1588 3094 .

341 3165 374 3220 ot
400 3165 509 3236 postea
531 3156 632 3220 lahnii
661 3157 693 3220 in
718 3157 877 3220 Welokori
907 3166 939 3220 et
961 3155 1123 3218 Ritschelii
1146 3159 1251 3220 Museo
1280 3167 1304 3219 t.
1329 3177 1364 3219 ιιι
1392 3179 1422 3239 p.
1447 3156 1507 3217 lot.

341 3257 479 3340 (lenique
502 3277 543 3324 ex
565 3266 662 3337 irato,
693 3259 779 3341 quod
809 3261 841 3322 iu
865 3258 971 3322 codice
994 3279 1064 3322 esso
1086 3258 1181 3339 dicit,
1214 3261 1313 3324 Maius
1337 3263 1417 3323 irato
1436 3259 1506 3321 lecit.

341 3362 532 3426 reinnerus
559 3361 600 3426 aa
623 3363 828 3426 noeturnae
849 3381 882 3424 v.
908 3363 990 3425 trra
1019 3362 1190 3444 adscripsit
1219 3364 1331 3426 ‘immo
1352 3365 1445 3427 aar
1483 3358 1507 3420 u

341 3483 404 3528 non
427 3465 559 3528 multum
582 3463 713 3530 videtur
734 3465 898 3547 proficere.
944 3467 1019 3528 olion
1035 3467 1133 3530 Maius
1148 3466 1231 3530 dixit
1245 3467 1385 3530 oodioom
1408 3465 1507 3530 habers

342 3575 421 3632 trato
444 3568 495 3630 vel
514 3567 641 3650 frelof)
692 3569 749 3632 hoc
770 3571 929 3650 posterius
950 3569 977 3632 si
996 3589 1109 3632 verum
1132 3579 1197 3647 est,
1223 3570 1441 3651 quaerendum
1459 3567 1507 3629 on't

342 3689 418 3734 num
441 3669 573 3734 tortasse
596 3673 708 3734 Fronto
731 3673 873 3734 Plautum
896 3691 990 3735 usum
1013 3691 1082 3735 esse
1105 3672 1225 3735 dixerit
1246 3693 1340 3736 rouro
1362 3673 1462 3736 εει-ιο,
1482 3667 1506 3728 id

342 3782 390 3836 ost
419 3773 540 3854 repleto
568 3783 599 3836 ει
622 3775 743 3856 pingui.
791 3793 863 3837 nam
891 3775 1003 3838 tralato
1025 3775 1239 3838 commendari
1262 3796 1368 3858 nuper
1389 3774 1505 3859 potuisse
1585 3781 1586 3828 l

342 3874 434 3940 valdo
456 3877 572 3941 mirum
595 3887 654 3940 ost.

429 3979 532 4044 Paullo
554 3989 661 4061 postea
680 3982 758 4044 hacc
779 3982 946 4063 leguntur,
972 3983 1053 4045 dane
1075 3984 1253 4063 εωιζιιιιιιαε,
1277 3989 1433 4067 procures
1451 3997 1504 4043 ses

343 4082 451 4144 tentius
474 4079 523 4166 [et
537 4083 641 4146 eudem
656 4084 692 4146 de
706 4083 762 4168 re]
785 4085 868 4166 opud
882 4081 1042 4148 dancmar
1063 4087 1155 4148 ntum
1177 4095 1372 4168 repurmrurn
1394 4095 1502 4167 term

343 4182 427 4264 opud
449 4185 613 4267 Supium?
648 4187 702 4250 sed
723 4206 783 4250 non
805 4187 978 4251 undulatos
993 4207 1104 4270 oeprn:
1125 4188 1237 4271 fateor.
1279 4209 1375 4272 nepio
1395 4193 1434 4252 iu
1451 4203 1503 4248 ou·

343 4285 451 4349 dores.-
474 4288 518 4350 t'lu
531 4295 586 4352 est.
625 4306 719 4370 neptes
734 4289 777 4352 t'ta
792 4291 946 4354 tinnulus:
969 4309 1030 4353 nort
1044 4311 1129 4374 nepo.
1168 4291 1278 4356 verbis
1294 4294 1365 4356 istis
1383 4301 1411 4355 el
1422 4288 1502 4354 eodm

343 4387 380 4448 de
401 4408 436 4450 re
451 4391 549 4452 Maius
571 4409 652 4471 quae
676 4390 865 4455 exciderunt
887 4411 950 4454 non
965 4393 1068 4457 videri
1088 4405 1192 4476 potest
1213 4398 1418 4478 reciperasse.
1450 4409 1501 4453 ctr-

411 4541 434 4606 *t
456 4540 553 4608 [Habet
569 4546 651 4596 cortou
669 4543 761 4612 treta]
