3204 5104
375 391 463 452 lanan
486 409 651 453 nnorrouvn
674 407 851 453 resumunt
877 393 970 452 4866.
1192 377 1266 449 337

91 595 151 638 oum
181 580 212 638 iu
240 578 321 640 dolio
348 581 500 642 coutoutis
528 598 592 642 eom
621 579 774 658 illabitur,
810 589 864 642 aut
894 580 1052 661 probabili
1086 581 1268 643 mutationis

91 681 187 760 speeie
211 682 422 762 excogitatum
446 693 495 744 est
517 694 570 745 aut
592 692 711 744 rectam
733 681 868 764 praebet
890 685 1074 747 orationem.
1122 683 1269 746 seriben-

90 780 158 844 dum
176 803 245 846 esse
261 785 479 848 existimamus
502 786 644 868 quomodo
667 805 734 848 eum
757 788 789 847 iu
803 785 1023 866 delibemus,
1050 807 1115 850 voe)
1136 807 1192 848 rvr
1210 806 1269 869 per

89 892 171 947 lomm
193 905 260 948 eum
283 887 415 969 modom
430 889 615 951 discussione
633 890 801 971 permissit.
849 889 941 952 valde
956 891 1071 953 similia
1088 901 1162 953 sunt
1184 891 1269 952 inter

90 1007 119 1050 se
140 997 190 1052 tuo
212 1000 243 1052 et
266 991 339 1068 ello,
364 991 464 1054 forma
486 1001 591 1055 autem
616 1011 709 1073 quam
734 993 931 1056 restituimus
953 995 1104 1055 orationis
1127 994 1160 1055 in
1183 995 1269 1055 eius·

91 1091 165 1154 modi
188 1093 456 1156 demonstratione
480 1095 627 1176 inprimis
649 1096 761 1157 usitata
786 1105 845 1157 est.
877 1163 879 1170 ¹

167 1195 259 1258 Libro
282 1215 312 1260 u
331 1198 407 1260 322
432 1199 510 1260 haee
532 1198 684 1278 tegimuS,
709 1197 782 1279 quid
803 1206 849 1260 est
869 1200 948 1260 enim
970 1219 1027 1262 mir
1049 1217 1100 1282 epo
1122 1199 1269 1262 bominem

90 1306 137 1359 eut
152 1297 270 1380 serem,
296 1301 369 1382 quid
390 1310 435 1364 est
455 1320 512 1364 eur
534 1302 675 1384 sopittom
698 1309 726 1362 et
747 1301 884 1363 lanceam
906 1305 1056 1364 tremam?
1082 1305 1202 1364 maiora
1223 1321 1269 1364 me

87 1403 217 1480 peribula
238 1412 432 1484 suspectant,
462 1403 642 1486 fulminibus
669 1412 698 1466 et
725 1406 818 1466 terris
841 1412 868 1466 et
892 1410 1011 1488 mapnis
1033 1413 1164 1468 moturae
1190 1425 1269 1488 por-

89 1503 158 1566 tibus
176 1507 321 1587 petimur.
362 1509 477 1590 iupeuti
498 1509 597 1589 itaque
619 1507 720 1568 auimo
736 1525 817 1568 mors
833 1509 1031 1588 provocando
1048 1517 1109 1586 est,
1135 1510 1199 1571 sive
1213 1526 1268 1570 uos

89 1625 173 1690 aequo
195 1617 340 1690 ttostoque
361 1612 464 1691 inpetu
487 1610 682 1694 adpreditur,
715 1613 779 1672 sive
802 1611 950 1673 cotidiano
973 1618 1001 1674 et
1022 1612 1147 1695 sulpuri
1167 1612 1266 1673 euius.

90 1729 145 1770 uon
159 1711 368 1793 adsequimur
386 1732 447 1794 qua
464 1714 620 1775 sententia
644 1731 737 1794 aequo
761 1714 864 1794 inpetu
886 1712 1026 1776 dicatur:
1052 1732 1158 1795 neque
1183 1714 1266 1776 enim

89 1815 256 1892 putandum
281 1826 329 1878 est
352 1817 495 1897 inpetum
518 1817 573 1897 qui
596 1816 750 1897 plurimos
765 1817 860 1878 simul
875 1815 1062 1896 adgreditur
1077 1826 1108 1878 et
1124 1817 1265 1897 perimit,

87 1917 178 1979 veluti
201 1929 309 1980 terrae
332 1928 449 1982 motum
471 1920 522 1980 vel
545 1919 685 1981 fluminis
715 1917 969 1998 inundationem,
1002 1919 1190 2000 simpliciter
1211 1938 1269 1980 vo·

87 2023 143 2080 sari
176 2041 269 2103 posse
298 2041 438 2104 aequum.
493 2023 610 2084 rectius
638 2021 798 2085 scribetur
825 2023 889 2084 sive
918 2041 972 2084 mos
1005 2042 1098 2085 osseo
1126 2031 1269 2106 uastoque

87 2123 183 2203 inpetu
204 2123 398 2207 adpreditur.

165 2227 259 2288 Libro
287 2227 430 2309 denique
451 2245 493 2290 vu
527 2225 608 2308 (nam
637 2227 709 2289 linis
739 2227 867 2290 tandem
897 2227 1081 2310 disputandi
1105 2227 1269 2291 faciendus

86 2328 138 2412 est)
163 2332 202 2391 30
228 2331 247 2390 5
273 2330 347 2394 inde
370 2349 387 2391 a
410 2333 530 2392 Murato
561 2329 844 2409 describebatur,
877 2350 968 2413 quom
996 2332 1092 2396 multo
1120 2331 1267 2392 auimolio

85 2429 135 2494 boe
153 2435 288 2514 primum
313 2435 504 2516 oopuovimus
533 2433 664 2495 saeculo,
712 2441 740 2495 et
767 2434 885 2514 quidem
907 2436 1003 2497 multo
1032 2436 1178 2496 venientis
1201 2436 1270 2495 oevi

83 2537 207 2615 populus
238 2539 341 2618 opuoto
367 2535 452 2598 uobis
480 2537 562 2598 smel.
610 2536 705 2598 multa
734 2537 865 2598 suemtlis
887 2544 958 2600 tuuc
977 2537 1094 2619 suturis
1116 2555 1184 2598 oum
1206 2555 1269 2598 me-

85 2641 177 2701 morio
198 2647 307 2701 nostro
329 2639 496 2700 emoleeerit
518 2647 730 2701 reservantur.
777 2639 834 2702 sed
857 2648 983 2702 veteres
1011 2637 1084 2699 libri
1107 2649 1177 2720 post
1199 2657 1270 2702 soe-

84 2741 147 2801 culo
168 2761 231 2803 non
254 2739 376 2803 habent
391 2741 470 2805 illud
484 2749 512 2802 ot
526 2741 661 2824 quidem,
686 2760 798 2805 verum
815 2743 1029 2805 berolinensis
1044 2742 1162 2822 aliique
1178 2760 1268 2824 quom

84 2844 175 2906 stultu
197 2846 316 2927 nepotio
337 2862 375 2906 ue
396 2843 450 2906 boo
472 2844 601 2925 quidem.
642 2846 763 2926 recepit
786 2844 818 2906 id
835 2847 976 2908 Hessius.
1016 2855 1049 2907 at
1065 2846 1182 2928 nepotio
1205 2863 1267 2906 non

84 2945 264 3026 languidum
288 2957 410 3009 tantum
434 2956 482 3010 est
502 2946 709 3026 vocabulum,
735 2947 793 3009 sed
815 2965 1021 3028 perversum:
1048 2966 1119 3010 nam
1143 2948 1169 3009 si
1192 2967 1268 3009 usus

84 3067 118 3108 eo
141 3061 225 3112 esset
248 3051 386 3130 Seneoa,
417 3048 584 3113 videretur
611 3061 739 3130 putasse
769 3051 883 3112 multas
910 3047 1041 3131 quidem
1070 3069 1121 3112 res
1144 3050 1268 3112 saeculo

82 3169 137 3212 suo
167 3155 287 3233 ignotas
316 3172 405 3231 esse,
436 3153 494 3214 sed
523 3154 671 3215 animalia
701 3163 807 3215 tamen
837 3153 941 3215 omnia
970 3155 1106 3234 eognita.
1161 3154 1268 3233 itaque

83 3263 200 3316 remoto
223 3257 331 3337 inepto
352 3255 505 3318 vocabulo
528 3257 570 3317 ita
595 3257 671 3318 haee
687 3255 855 3318 scribenda
871 3264 957 3333 sunt,
982 3273 1073 3336 mium
1087 3257 1183 3317 multo
1198 3258 1268 3316 oui·

80 3357 175 3420 mulio
197 3357 250 3420 boe
269 3359 405 3439 primum
427 3360 618 3442 coenavimus
633 3359 769 3440 soeculo,
795 3377 885 3440 quom
900 3359 996 3420 multo
1010 3377 1048 3419 ue
1063 3358 1116 3420 boo
1136 3357 1264 3439 quidem.

79 3463 174 3524 multu
204 3473 235 3523 et
263 3480 346 3543 quae
375 3471 536 3525 secuntur.
583 3471 691 3524 utrum
714 3466 833 3545 sepelio
862 3471 965 3523 ortum
990 3463 1030 3522 sit
1052 3462 1266 3542 proximarum

79 3563 258 3626 litterarum
280 3563 508 3646 depravatione
538 3564 618 3646 (nam
642 3566 744 3626 simile
765 3565 880 3646 partim
897 3573 942 3625 est
959 3581 996 3624 ue
1010 3563 1072 3646 boc)
1093 3583 1133 3626 an
1149 3573 1267 3624 temere

79 3667 174 3746 plane
198 3666 340 3730 additum
365 3669 438 3730 seiri
461 3687 524 3729 non
546 3677 668 3748 potest,
698 3666 900 3730 abiciendum
924 3685 994 3728 esse
1019 3667 1050 3727 in
1074 3676 1182 3747 aperto
1207 3674 1265 3728 est.

125 4613 249 4667 enupsit
263 4612 381 4665 opusculo.
396 4610 424 4652 11.
