3204 5104
368 417 457 477 lunnr
479 433 645 477 oacrronrn
669 432 848 476 ιιιτιιιιιιι
866 415 959 476 ison.
1182 399 1256 472 355

86 604 162 665 doces
183 603 276 684 plone
299 603 379 666 nlloll
402 614 468 684 cst,
501 603 708 685 dolemusque
733 603 948 667 Heindorflum
978 624 1015 667 eo
1037 603 1202 667 aberrasse
1225 614 1260 666 ut

86 707 255 786 opinaretur
283 706 381 768 scribi
409 724 502 788 posse
531 707 706 772 cordooeas.
759 708 838 769 nihil
869 706 960 770 nobis
983 708 1096 770 melius
1117 709 1260 789 suppetit

86 828 167 888 quom
188 829 347 889 euroeae,
378 810 464 891 quod
493 813 579 873 inter
605 810 776 873 modulatas
799 821 831 872 et
852 812 989 873 ennom
1011 810 1173 874 commode
1195 810 1259 872 dici

85 931 164 992 posse
185 913 325 1002 videtur.
371 933 526 996 crepacem
558 915 668 976 molem
690 924 800 976 notum
822 926 870 977 est
892 917 1102 978 Maecenatem
1125 914 1257 976 dixisse.

159 1015 226 1078 idox
255 1020 287 1079 in
320 1017 432 1080 eadem
456 1019 590 1099 epistula
621 1037 654 1098 p.
682 1019 740 1078 t73
765 1016 850 1101 [ts7
873 1020 911 1080 N.
917 1017 936 1101 ]
959 1020 1037 1081 haec
1065 1037 1128 1081 non
1152 1031 1260 1082 carent

85 1121 212 1202 mendis,
242 1123 379 1202 primm
406 1121 538 1183 illudio
567 1123 623 1184 isto
649 1139 757 1204 ponere
779 1122 900 1184 dicendi
921 1124 1027 1184 vitium
1049 1125 1260 1205 turpissimum

84 1223 152 1304 moa
178 1224 303 1286 eoadem
331 1226 509 1286 sententium
538 1225 670 1288 milliens
700 1225 760 1287 clio
789 1233 876 1307 adque
905 1227 966 1287 olio
988 1227 1101 1289 amictu
1122 1227 1260 1289 indutam

84 1326 220 1408 reserant.
258 1335 294 1390 ut
307 1326 469 1390 histriones
483 1345 571 1408 prom
584 1328 770 1410 polleolotim
792 1329 908 1392 saltant
928 1330 1059 1392 ommam
1080 1333 1167 1411 aponi
1174 1377 1182 1406 ,
1208 1349 1261 1392 oo·

82 1431 178 1510 pallum
198 1432 335 1504 Veneres,
360 1432 464 1514 furiae
481 1430 636 1513 {tapetium
659 1431 758 1493 eodem
779 1433 874 1512 pallio
896 1433 1120 1511 demonstrant,
1146 1437 1189 1497 ito
1211 1437 1263 1498 isti

83 1553 166 1596 mom
186 1533 369 1616 eandemque
390 1536 568 1596 secontiam
583 1535 765 1598 multimodis
777 1535 898 1617 [comm
912 1538 1060 1600 comitant
1080 1547 1262 1602 commutant

83 1645 261 1713 conveniat,
294 1636 399 1698 eodem
428 1637 543 1698 lacinia
571 1639 724 1715 salutant,
756 1639 906 1720 refricant
926 1639 1052 1702 enodem
1073 1661 1168 1704 onom
1190 1661 1261 1704 seo·

83 1743 194 1802 tentiam
227 1741 351 1821 saepius
384 1757 475 1820 quom
505 1741 628 1820 puellae
660 1742 840 1823 olfactorioe
868 1745 987 1805 swina.
1041 1745 1131 1826 cycni
1159 1737 1259 1808 cauda

82 1845 211 1922 pertinet
232 1841 274 1904 ed
297 1841 430 1921 Ledam,
459 1861 554 1922 quam
583 1847 792 1925 pantomimos
815 1846 944 1908 saltasse
967 1846 1080 1909 docent
1103 1848 1261 1910 luvenalis

83 1947 138 2007 Sat.
159 1949 178 2006 6
201 1947 254 2024 63,
280 1944 441 2007 Arnobius
463 1964 504 2006 vu
526 1947 579 2024 33,
604 1946 794 2029 Apollinaris
817 1948 966 2012 Sidonius
990 1951 1092 2012 Carm.
1119 1953 1158 2012 23
1183 1953 1257 2014 286.

82 2050 145 2111 lino
160 2049 352 2112 Prudentius
371 2050 483 2111 Perist.
503 2051 541 2110 44)
560 2052 615 2113 iit
644 2050 722 2114 dicit
743 2071 857 2134 oppone
878 2061 1036 2134 stuprator
1055 2062 1161 2135 poocoo
1181 2055 1262 2116 inter

80 2154 199 2236 pulpita.
247 2162 333 2214 recte
356 2150 474 2214 deinde
496 2152 575 2214 vidit
595 2154 732 2217 Orelliue
754 2155 962 2218 scribendum
984 2175 1056 2220 esse
1078 2158 1261 2222 multimodis

81 2258 196 2320 incoant.
244 2253 301 2316 ssd
325 2253 409 2316 idem
433 2257 576 2336 peccavit
598 2277 668 2320 cum
691 2269 883 2340 proponeret
905 2259 1009 2324 eadem
1038 2261 1152 2322 lacinio
1174 2263 1262 2324 invo-

81 2359 180 2422 lotcot.
227 2377 301 2420 nam
325 2367 360 2419 ut
381 2356 421 2419 de
441 2358 638 2422 involutandi
654 2360 754 2424 verbu
771 2372 948 2442 taceamus,
974 2361 1058 2443 quod
1075 2365 1260 2425 auctoritate

81 2474 158 2525 caret
183 2459 279 2544 (apud
301 2457 446 2540 Apicium
470 2463 555 2522 anim
579 2481 600 2524 ιι
625 2465 661 2543 4,
687 2464 773 2527 unde
796 2463 956 2544 adfertur,
988 2464 1071 2528 liber
1093 2467 1260 2528 Vaticanus

81 2583 135 2626 non
157 2564 368 2627 involveretur
382 2561 495 2643 habet,
520 2565 577 2626 sad
600 2567 823 2650 involvuntur),
848 2587 912 2629 non
929 2568 1094 2630 involvunt
1117 2569 1163 2628 illi
1185 2587 1261 2630 sen-

81 2669 188 2730 tentias
215 2665 329 2730 eadam
351 2667 482 2743 lacinia,
513 2667 571 2730 sed
599 2669 733 2731 eandem
757 2673 948 2732 sententiam
970 2660 1044 2733 ιιΙίοΙ
1073 2680 1169 2751 atque
1198 2672 1302 2734 alioto

80 2774 187 2834 amictu
211 2768 360 2832 induunt.
415 2770 521 2850 itaque
551 2790 624 2833 cum
646 2774 785 2836 salutant
805 2783 914 2854 aperte
942 2773 1055 2836 falsum
1085 2775 1127 2834 ait
1154 2791 1259 2855 nequa

80 2876 172 2954 magis
192 2872 320 2956 probari
344 2889 436 2952 possa
458 2873 607 2938 videatur
629 2876 698 2937 ldaii
721 2877 852 2952 saltant,
884 2876 970 2957 quod
992 2877 1099 2957 specie
1122 2875 1258 2958 quadam

80 2973 250 3056 blanditur,
282 2978 340 3041 red
368 2977 489 3058 fallaci,
520 2977 726 3041 scribendum
756 2987 804 3040 est
826 2979 958 3041 fortasse
980 2997 1096 3041 manea
1118 2998 1259 3042 oooruun

79 3097 235 3142 roomnur.
281 3101 394 3143 verum
421 3101 461 3144 ne
484 3083 593 3144 ultima
616 3081 746 3162 quidem
769 3081 869 3145 verba
890 3101 954 3144 non
976 3092 1051 3144 sunt
1073 3081 1257 3163 depravata.

79 3199 154 3262 quae
178 3185 218 3246 ita
241 3183 412 3249 scribenda
434 3193 525 3264 suut,
555 3185 707 3267 rotro'ooot
727 3185 852 3248 modom
874 3205 968 3247 onom
989 3187 1168 3248 omnnem
1189 3203 1259 3246 oae-

77 3289 142 3366 pius
172 3305 262 3368 piem
290 3287 410 3368 psaltae
439 3303 620 3350 oorocromo
651 3289 770 3350 audon.
823 3307 897 3350 narn
926 3308 1008 3369 quae
1038 3289 1162 3368 puellae
1196 3287 1259 3349 dici

80 3391 196 3468 possint
216 3389 416 3470 olfactoriae,
446 3390 566 3453 nedum
588 3388 785 3470 ollaotariae,
815 3409 879 3452 non
907 3391 1121 3472 intellegitur,
1153 3409 1259 3471 neque

79 3493 103 3552 si
123 3493 258 3554 maxima
290 3493 333 3554 ite
362 3489 425 3554 dici
447 3503 578 3574 possent
599 3511 681 3574 quae
703 3493 817 3555 odores
839 3493 1026 3572 conficiunt,
1058 3503 1114 3555 aut
1141 3492 1261 3554 sucinis

78 3595 261 3658 refricandis
275 3594 479 3658 odoramenta
494 3607 648 3676 parantur
661 3605 716 3658 aut
738 3615 774 3658 ea
797 3597 934 3676 imagine
949 3597 996 3657 uti
1017 3596 1118 3676 potuit
1133 3597 1257 3657 Fronto.

79 3708 181 3761 contra
201 3692 387 3785 iepposromi
408 3715 426 3760 a
443 3699 542 3761 Plinio
563 3698 722 3780 olfactorio
744 3698 896 3761 dicuntur
918 3699 1079 3779 similique
1101 3699 1261 3778 siguifica-

78 3801 158 3862 tione
186 3802 377 3884 olfactoriola
404 3802 530 3882 vulgata
558 3801 657 3864 lsaiae
686 3801 906 3882 interpretatio
934 3801 1041 3863 habet.
1088 3802 1197 3864 sucina
1227 3801 1260 3861 in

78 3902 219 3966 manibus
246 3923 264 3965 ι
294 3903 411 3985 puellis
441 3913 561 3986 gestata
589 3913 742 3966 memorat
770 3904 920 3966 llartialis
947 3923 976 3966 ιιι
1005 3904 1041 3983 t,
1069 3905 1191 3985 spirant
1218 3937 1260 3950 -

79 4005 188 4068 &aciae
208 4006 350 4088 cirpiooa
371 4005 450 4086 quod
473 4008 608 4090 repclota
622 4026 726 4069 monte
774 4007 859 4069 idem
875 4026 896 4066 v
909 4007 951 4069 37
971 4006 1130 4090 [reposuit
1151 4025 1203 4068 ore
1220 4041 1258 4054 -

80 4107 161 4182 Quod
181 4111 357 4172 aemorum
379 4117 472 4190 rapto
494 4109 531 4172 oo
551 4128 646 4172 mono
667 4109 786 4193 piaclo.
832 4109 989 4172 luvenalis
1005 4111 1024 4170 o
1040 4108 1101 4170 tta
1127 4111 1158 4170 io
1173 4111 1260 4171 ostiu

78 4211 212 4276 monum
234 4229 289 4274 cau
309 4212 437 4294 piopaio
458 4214 567 4274 aooo'oo
588 4214 678 4275 tritos
696 4213 801 4274 Omnis
819 4212 1036 4294 eplenoeridas.
1083 4211 1161 4274 laiso
1184 4212 1261 4274 haee

78 4315 180 4376 sucina
203 4313 361 4377 eiusmodi
384 4314 614 4395 elegantiarum
637 4316 847 4396 explicatores
863 4315 1077 4378 confuderunt
1092 4333 1164 4377 cum
1180 4314 1260 4377 dura

79 4417 138 4495 pila
160 4436 221 4498 qua
246 4417 412 4499 Cynthiam
436 4417 583 4480 manibus
611 4419 711 4498 frigus
734 4417 853 4480 habere
875 4419 957 4481 valle
981 4419 1163 4500 Propertius
1184 4417 1262 4480 dioit

79 4533 111 4580 m
133 4521 172 4582 il
198 4521 249 4584 ts.

998 4622 1054 4674 2³*
