3204 5104
324 376 397 448 320
619 392 707 453 lanan
731 409 896 456 enarrem
918 409 1097 488 taprrvmvu
1116 393 1209 453 4866.

322 577 434 640 llbodii
450 578 672 657 gubernatoris
687 599 796 642 vocem
812 581 907 642 simili
926 580 1025 642 torma
1042 581 1169 662 repetiit
1191 580 1319 662 qualem
1344 581 1505 643 invenerat

320 681 407 765 apud
429 682 580 744 Teletem.
633 684 724 746 Teles
753 685 838 746 enim
867 686 899 746 in
929 683 1012 746 libro
1033 679 1100 768 napi
1122 678 1285 754 εὐπαθείας
1309 684 1387 746 haee
1408 685 1505 764 scrip-

321 797 421 865 serat,
447 787 549 856 καλῶς
570 781 603 849 τὸ
624 789 677 849 τοῦ
699 780 880 871 κυβερνήτου
903 785 1018 851 inelvou
1041 781 1129 850 “dll'
1156 777 1209 851 οὖν
1226 811 1280 871 γε,
1306 777 1331 848 ὦ
1349 781 1504 862 Πόσειδον,

320 879 446 974 dplltivJ'
492 879 570 953 οὕτω
600 885 651 952 καὶ
679 883 755 974 ἀνὴρ
786 884 900 974 ἀγαθὸς
929 886 1008 954 εἴποι
1034 886 1107 975 πρὸς
1128 886 1181 974 τὴν
1204 882 1307 975 Τύχην
1335 884 1430 954 “dll’
1457 879 1505 954 adv

319 1015 355 1075 γε
377 983 473 1077 ἄνδρα
494 988 546 1056 καὶ
560 986 596 1056 od
615 991 745 1077 βλᾶκα.”
784 997 983 1056 conservavit
999 995 1075 1060 baec
1092 995 1224 1056 loannes
1239 993 1397 1056 Stobaeus
1411 993 1503 1054 autb.

320 1113 391 1158 auu
414 1097 453 1157 83
479 1107 501 1158 t.
527 1115 556 1158 tv
587 1117 618 1178 p.
644 1097 683 1157 53
708 1098 803 1159 Mein.
835 1115 940 1178 neque
973 1099 1128 1160 inmemor
1155 1117 1264 1160 eorum
1296 1097 1357 1158 luit
1385 1098 1507 1178 Lipsius

321 1219 392 1262 oum
408 1201 547 1262 Senecae
565 1200 717 1280 epistulas
732 1201 916 1281 explicaret.
963 1200 1049 1264 unde
1073 1201 1154 1263 disci
1175 1209 1299 1282 poterat
1320 1200 1402 1261 nibil
1427 1199 1507 1281 apud

320 1305 475 1365 Senecam
509 1323 579 1365 esse
612 1302 796 1366 addendum
829 1323 935 1385 neque
969 1305 1133 1385 pulchram
1168 1303 1405 1384 brachylogiam
1440 1322 1506 1365 esse

320 1406 547 1469 enervandam.
602 1426 678 1469 usus
712 1417 758 1470 est
791 1416 897 1469 autern
926 1409 1046 1470 Seneca
1074 1407 1191 1469 Teletis
1225 1406 1504 1487 disputationibus.

321 1511 352 1571 in
376 1509 499 1590 dialogo
522 1529 569 1589 ut,
600 1510 656 1590 qui
680 1521 727 1572 est
749 1509 789 1573 de
812 1511 1040 1591 tranquillitate
1064 1511 1179 1590 animi,
1205 1512 1224 1570 8
1249 1509 1268 1570 7
1298 1510 1377 1572 baec
1401 1509 1506 1588 babet,

320 1620 352 1674 ot
374 1614 501 1696 Diopeni
521 1632 631 1676 servus
652 1615 761 1676 unicias
780 1613 860 1697 sopit
887 1633 942 1676 nec
969 1633 1036 1675 enm
1065 1613 1226 1693 reducere,
1257 1632 1326 1675 mam
1354 1622 1509 1676 mensae

321 1725 421 1792 retur,
447 1719 525 1779 tanti
543 1721 674 1798 potavit.
718 1719 823 1799 ‘turpe
845 1719 901 1780 ost’
925 1719 1024 1798 inquit
1048 1719 1171 1781 ‘Manen
1190 1719 1255 1779 sine
1270 1719 1404 1800 Diopene
1423 1735 1510 1798 posse

319 1823 437 1897 vivere,
464 1823 614 1904 Diopenen
636 1821 702 1883 tine
724 1822 815 1884 Mane
835 1839 895 1882 non
914 1821 1036 1902 posse:'
1061 1820 1178 1882 Teletis
1199 1829 1305 1883 eutem
1327 1819 1419 1903 apud
1441 1822 1509 1881 Sto-

319 1923 433 1986 bncum
456 1942 533 1985 xoru
556 1925 591 1984 34
620 1934 643 1985 t.
669 1943 702 1986 ur
724 1944 756 2007 p.
782 1924 844 1986 2⁴5
875 1923 1033 1986 simillima
1063 1933 1154 2003 sunt,
1190 1917 1396 2006 “boopaoadv
1429 1919 1507 2022 γάρ’

319 2025 426 2112 φησίν,
459 2027 516 2090 “ei
540 2020 648 2110 Μάνης
670 2023 723 2110 μὲν
747 2025 905 2111 Διογένους
927 2017 999 2090 ἄνευ
1023 2020 1180 2110 δυνήσεται
1203 2028 1275 2110 ζῆν,
1307 2024 1454 2110 Διογένης
1478 2023 1510 2087 δὲ

318 2121 390 2194 ἄνευ
414 2124 536 2202 Μάνους
558 2124 594 2194 od
618 2123 778 2214 δυνήσεται
799 2129 954 2215 θαρρεῖν.”
999 2129 1055 2192 ubi
1070 2131 1263 2211 suspicacior
1278 2131 1352 2209 quis
1375 2128 1508 2192 tortasse

318 2235 467 2314 opinetur
490 2233 663 2297 delendum
685 2253 755 2297 esse
778 2233 912 2319 θαρρεῖν.
965 2233 1024 2296 sed
1054 2232 1255 2296 redeundum
1276 2241 1327 2296 est
1349 2231 1391 2294 ad
1417 2233 1508 2294 insti-

204 2419 208 2428 ·
318 2347 420 2400 tutum
450 2347 483 2400 et
503 2337 678 2402 videndum
708 2337 824 2419 ecquid
853 2337 999 2418 epistulis
1021 2337 1160 2400 Senecae
1184 2334 1411 2398 emendatione
1434 2355 1509 2416 pro-

317 2440 411 2504 desse
434 2441 602 2522 possimus.

403 2546 437 2605 ln
467 2543 602 2625 epistula
632 2547 650 2605 9
680 2544 719 2605 47
749 2545 790 2606 ita
806 2543 1023 2606 nubendum
1054 2554 1118 2621 est,
1150 2541 1293 2624 montedo
1322 2561 1508 2606 sonrrvnuus

317 2648 418 2710 odium
440 2655 534 2710 estet
555 2647 696 2730 adpetitio
719 2649 886 2724 societatis,
917 2646 1060 2728 quomodo
1082 2646 1229 2708 bominem
1255 2645 1371 2708 nomini
1392 2655 1507 2708 nutura

316 2751 470 2827 conciliat,
504 2752 548 2813 sic
576 2752 653 2813 ineat
680 2750 750 2812 tute
772 2769 885 2832 quoqne
907 2751 955 2812 rei
975 2749 1115 2812 stimulus
1144 2751 1275 2831 quinos
1300 2751 1508 2812 conciliorum

317 2853 487 2936 adpetentes
506 2853 614 2935 [ceint
661 2855 852 2917 mutavimus
874 2853 1002 2916 soletudo
1025 2855 1073 2929 in,
1099 2851 1184 2932 quod
1207 2850 1281 2913 libri
1306 2851 1446 2931 babent,
1477 2852 1507 2912 in

316 2957 499 3020 solitudinis.
547 2955 665 3019 lrustra
681 2957 812 3020 llaasius
835 2957 1018 3018 traiectione
1041 2955 1197 3018 utendum
1220 2975 1290 3018 esse
1305 2955 1459 3036 opinatus
1477 2965 1507 3015 et

316 3070 482 3141 praeterea
505 3061 610 3122 nescio
634 3078 713 3140 quas
734 3059 867 3122 mendas
890 3057 1136 3140 deprehendere
1159 3057 1222 3120 sibi
1244 3059 1334 3121 visus
1356 3067 1420 3121 est.

402 3165 436 3224 ln
460 3163 596 3244 epistula
614 3163 651 3224 43
671 3163 708 3224 43
733 3164 812 3226 baec
833 3163 986 3243 legimus,
1011 3181 1096 3224 ncnm
1120 3164 1197 3224 enirn
1220 3163 1337 3224 resistit
1357 3161 1420 3224 sibi
1441 3179 1505 3224 eun

315 3267 409 3348 coepit
438 3267 545 3347 inpelli
571 3285 625 3329 nec
652 3269 788 3329 timorem
816 3285 906 3330 anum
932 3266 1042 3348 redipit
1074 3265 1115 3326 nd
1141 3283 1259 3326 vnum.
1313 3283 1403 3326 neoto
1438 3265 1508 3326 dicit

319 3370 429 3432 ‘vanus
452 3377 641 3432 auctorest:
665 3370 737 3433 boec
759 3378 813 3432 ont
830 3372 925 3451 finaeit
946 3377 1000 3431 ont
1017 3368 1166 3432 credidit)
1212 3367 1321 3430 dumne
1344 3387 1402 3430 nos
1427 3367 1506 3449 refe-

314 3473 443 3549 rendos,
479 3475 712 3554 empooesdnus
745 3473 837 3536 dnbio
869 3493 929 3556 pro
957 3475 1064 3549 certis,
1101 3491 1160 3534 non
1189 3489 1350 3534 servamus
1386 3471 1506 3534 modun

315 3593 438 3651 rernm,
463 3579 566 3639 statim
588 3579 620 3639 in
642 3579 778 3640 timorem
800 3579 882 3640 venit
903 3577 1078 3658 scrupulus.
1125 3575 1302 3638 rectissime
1318 3575 1457 3637 llaasius
1475 3577 1505 3634 in

314 3678 511 3761 praelatione
534 3701 566 3761 p.
592 3699 658 3743 xxvr
682 3680 855 3763 referendos
877 3679 1060 3762 inprobavit
1087 3679 1334 3762 conparavitque
1361 3677 1452 3759 quod
1475 3679 1504 3738 in

314 3781 436 3864 dialogo
453 3785 516 3846 v12
534 3785 553 3844 S
576 3784 710 3865 legitur,
735 3803 812 3867 quoe
833 3803 865 3846 se
887 3782 1015 3846 tradidit
1029 3782 1191 3864 serendam
1205 3782 1319 3844 dolori:
1343 3781 1405 3844 sed
1422 3779 1504 3862 quod

315 3888 438 3968 putavit
460 3886 665 3951 scribendum
688 3907 757 3950 esse
780 3889 883 3950 timon¹
899 3885 1043 3968 seramus
1066 3885 1178 3948 inutile
1202 3895 1250 3947 est
1272 3893 1304 3947 et
1318 3885 1374 3945 vix
1402 3885 1505 3945 minus

315 3990 442 4071 languet
470 4009 565 4071 quant
595 3991 679 4072 quod
708 4001 799 4053 antea
822 3991 993 4072 scripserat
1021 3991 1069 4051 rei
1091 3988 1246 4070 serendos.
1293 3985 1502 4050 scribendum

314 4104 382 4156 erat
403 4094 591 4175 simpliciter
612 4095 722 4157 domna
743 4113 797 4157 nos
816 4093 971 4176 serendos.
1019 4102 1086 4154 tum
1108 4093 1191 4154 vertit
1215 4091 1288 4152 olim
1312 4091 1451 4154 llaasius
1471 4093 1500 4151 in

290 4199 405 4260 auertit
438 4197 623 4261 mutandum
653 4217 722 4262 esse
752 4186 963 4260 in'tellexerat
996 4214 1101 4276 neque
1131 4193 1271 4257 debebat
1299 4195 1500 4258 verissimam

313 4301 501 4364 senteutiam
517 4300 656 4364 abicere.
697 4302 804 4382 inepta
819 4309 924 4364 autem
940 4309 1015 4362 sunt
1033 4317 1114 4380 quae
1131 4299 1192 4360 iam
1215 4308 1388 4378 secuntur,
1412 4297 1500 4379 pudet

313 4421 359 4466 mc
381 4402 424 4465 iln'
444 4406 488 4467 sic
509 4414 605 4468 tecum
627 4406 708 4487 loqui
728 4412 839 4467 ettam
861 4403 977 4467 lenibus
1005 4411 1033 4465 te
1058 4401 1199 4464 remediis
1225 4400 1382 4483 sociiiore.
1431 4419 1497 4463 nam

312 4506 356 4569 ibi
367 4508 462 4587 plane
478 4527 540 4571 non
556 4508 651 4573 babet
667 4527 729 4589 qno
752 4506 919 4572 releratur.
957 4509 1028 4570 sine
1044 4505 1240 4569 dubitatione
1257 4505 1498 4588 pronuntiamus
