3240 5094
281 309 354 383 504
574 324 662 383 lrrom
684 340 850 386 suariorum
874 339 1053 384 amrinum·
1079 321 1171 384 tart.

174 515 178 526 '
279 533 392 597 rnapno
413 515 514 574 animo
537 513 705 593 concipiens
728 518 755 573 et
777 513 866 574 utilia
882 511 1016 574 Rhenum
1038 531 1153 574 omnem
1176 531 1196 572 a
1211 513 1389 574 Raetiarum
1410 507 1466 572 'em-

278 617 363 678 ordio
386 617 427 678 ad
449 635 542 697 usqne
561 615 702 697 fretalem
720 617 872 676 Oceanum
894 619 1013 698 mcpms
1036 614 1162 678 molibus
1182 613 1390 677 mamaniebot
1405 624 1463 677 ete.

279 723 310 783 in
336 719 417 781 libro
432 717 578 780 Fuldensi
604 719 720 798 legitur
742 718 862 780 mande.
911 719 1109 799 scripserunt
1132 718 1184 780 alii
1207 707 1308 797 ante,'
1318 718 1466 780 Gelenius

278 825 331 888 sed
355 826 415 885 iam
438 821 517 883 stade
539 822 718 901 mansitque
740 823 839 884 oratio
861 821 1013 884 dissoluta
1038 831 1069 882 et
1092 821 1291 882 inconcinna.

365 928 440 1008 Cap.
467 927 520 985 tu
545 923 750 986 scribendum
780 943 851 987 esse
878 943 1045 988 censemus
1073 925 1149 986 tales
1175 923 1230 985 ubi
1257 925 1466 987 caminatam

279 1031 415 1114 stapulas
444 1031 663 1112 prtnproptato
686 1030 834 1090 ministris
858 1027 951 1090 tltolm
974 1027 1147 1090 introierint
1168 1027 1368 1106 balnearum,
1403 1028 1471 1090 ‘aci

278 1143 349 1198 srtrtt
371 1133 509 1196 uosrmt‘
536 1133 694 1194 mimmiter
709 1133 860 1194 clamant:
885 1125 949 1218 (si)
970 1131 1154 1212 apparuisse
1168 1130 1264 1193 subito
1281 1133 1385 1215 mnata
1398 1151 1469 1194 oon-

275 1239 413 1320 pereriat
436 1230 620 1321 m(oneipio)
644 1243 698 1296 aret
719 1235 889 1316 oppidanae
911 1233 1063 1316 arandam
1082 1233 1284 1315 prostilnrlum
1304 1235 1404 1317 plebis
1424 1237 1470 1298 oet

280 1339 427 1403 meritorii
440 1339 577 1419 corporis
593 1345 721 1400 ueterem
736 1339 850 1418 lupam,
869 1340 1005 1400 certatim
1021 1346 1208 1400 conato-ruat
1220 1347 1280 1400 etc.
1312 1339 1467 1419 scriptum

278 1455 346 1506 orat
376 1450 523 1505 anstrum.
572 1440 650 1521 quid
680 1442 864 1520 requiratur
894 1459 930 1504 ea
960 1439 1075 1502 docent
1105 1459 1186 1521 quae
1210 1441 1351 1524 superbo
1375 1439 1465 1506 lastui

278 1556 493 1629 opponuntur.

365 1647 458 1710 libro
481 1667 547 1708 xxm
570 1648 646 1708 iil
671 1666 732 1709 non
758 1646 941 1710 dubitamus
964 1646 1168 1709 scribendum
1193 1667 1263 1712 esse
1288 1649 1368 1710 rata
1390 1649 1466 1710 enim

279 1753 383 1815 eadem
412 1760 455 1814 est
484 1751 593 1834 abique
620 1758 699 1812 recte
727 1769 850 1814 secusve
877 1757 1046 1833 postorum,
1078 1751 1199 1812 etiami
1226 1751 1402 1834 nmpnitudo
1424 1769 1468 1812 su

278 1857 436 1919 dissimilis
458 1873 574 1916 renem.
624 1852 705 1915 liber
729 1853 894 1916 Fuldeusis
916 1853 969 1915 abi
992 1853 1101 1932 habet,
1127 1873 1167 1915 ax
1190 1873 1252 1935 quo
1275 1854 1361 1935 quod
1386 1854 1468 1916 laea

281 1969 353 2023 runt
377 1958 484 2040 atrimae
508 1958 604 2020 multo
627 1957 741 2018 melius
764 1967 812 2019 est
827 1975 921 2037 quam
938 1955 1022 2038 quod
1038 1955 1190 2020 Gelenius
1206 1957 1297 2019 dedit
1313 1957 1364 2019 ilii.
1402 1968 1466 2020 tum

281 2066 389 2144 inopte
412 2064 566 2144 scriptum
589 2070 657 2123 erat
678 2061 766 2123 desit.

366 2169 452 2240 Quae
469 2175 621 2227 secuntur
637 2165 676 2224 ite
693 2163 874 2242 scribimuS,
886 2163 1096 2246 pltilosopltam
1111 2164 1261 2245 quendam
1274 2166 1467 2242 Goerauinm,

279 2271 353 2332 lant
375 2269 467 2331 emilis
492 2269 593 2329 meriti
616 2269 730 2341 cirtem,
756 2285 792 2326 ea
814 2286 911 2329 causa
932 2275 1147 2330 tormentorum
1172 2285 1468 2331 transmarinarum

280 2372 387 2436 occidit
414 2371 492 2453 prod
521 2370 562 2432 ad
589 2371 743 2452 coniapem
771 2389 860 2432 setam
886 2370 1086 2452 familiariter
1114 2371 1249 2434 sarriens
1278 2371 1311 2434 id
1333 2391 1468 2436 sermnem

280 2475 443 2538 addiderat
467 2477 596 2550 Graeco,
623 2467 659 2536 oi>
681 2469 714 2534 ll
736 2465 800 2535 νόει
821 2467 871 2536 sal
893 2472 983 2558 στέφε
1005 2465 1058 2557 τήν
1080 2467 1189 2558 πύλην,
1214 2476 1293 2556 quad
1314 2476 1379 2540 dici
1395 2497 1469 2559 pro·

280 2579 455 2642 verbialiter
476 2579 551 2640 solet
563 2585 598 2640 ut
612 2576 739 2638 audiens
755 2577 848 2638 altius
863 2576 980 2659 aliquid
994 2577 1143 2660 apendum
1159 2587 1312 2662 canescat.
1356 2582 1469 2662 legitur

280 2685 313 2746 in
347 2682 430 2744 libro
462 2681 610 2744 Fuldensi
647 2682 854 2744 inmanitatem
887 2681 995 2742 altam.
1041 2690 1110 2742 tum
1141 2681 1224 2744 idem
1263 2681 1347 2744 liber
1375 2697 1465 2742 arnan

281 2786 387 2866 habet,
413 2785 497 2867 quod
514 2783 718 2847 Gasaubonus
740 2783 888 2845 correxit.
929 2783 1078 2866 apendam
1094 2784 1177 2848 idem
1195 2796 1242 2848 est
1257 2795 1355 2866 atquo
1370 2795 1466 2850 mlum

280 2889 331 2968 iri,
359 2908 444 2952 more
469 2886 618 2970 loquendi
642 2907 705 2968 quo
728 2885 912 2948 Ammianus
935 2905 1030 2968 saepe
1053 2890 1164 2951 utitur.

368 2993 443 3073 Cap.
469 2993 522 3053 3l
549 2992 625 3053 haec
649 2991 774 3071 vulgata
796 2999 881 3068 sunt,
905 2993 1113 3072 praepositam
1132 2991 1272 3073 fabricae
1293 2993 1392 3056 oblcdo
1407 2994 1468 3056 tlo-

282 3115 352 3158 race
371 3096 463 3177 polito
475 3095 643 3177 faberrime
655 3095 884 3194 praemiumque
900 3093 964 3156 ideo
980 3101 1204 3176 exspectantem
1219 3113 1256 3156 ea
1270 3115 1304 3157 re
1315 3099 1467 3178 praecepit

281 3199 376 3262 occidi
402 3199 481 3281 meod
505 3198 627 3279 pandas
652 3198 746 3279 paulo
773 3199 874 3258 minas
903 3195 1007 3259 labnit
1034 3200 1146 3280 specim
1171 3198 1280 3280 ferrea
1306 3199 1468 3280 promitte

278 3303 443 3384 formarat.
489 3300 547 3363 sed
574 3319 614 3363 ex
638 3301 719 3362 libro
741 3299 889 3363 Fuldensi
913 3301 991 3362 haec
1012 3300 1202 3364 adferuntur
1223 3301 1356 3365 cociderr'
1376 3303 1418 3365 ad
1435 3305 1470 3386 pi

281 3405 369 3486 prad.
417 3403 493 3466 iude
523 3403 718 3466 eliciendum
749 3421 818 3465 esse
847 3402 977 3465 videtur
1005 3423 1106 3466 ocean
1128 3423 1266 3467 nrsrrsrs
1288 3425 1355 3494 rum
1378 3407 1464 3488 prod.

281 3506 367 3570 aliud
397 3509 571 3589 praecessit
599 3507 737 3569 diritatis
768 3507 962 3588 exemplum.
1008 3506 1127 3569 deinde
1158 3507 1251 3570 video
1281 3509 1465 3574 Muellerum

281 3613 359 3674 scite
382 3611 553 3674 coniecisse
577 3609 781 3673 scribendum
806 3629 875 3672 esse
894 3612 1049 3691 firnrarat.
1074 3605 1078 3615 '

369 3713 519 3776 Eiusdem
540 3715 653 3796 capitis
667 3713 864 3796 paragrapho
880 3715 898 3773 6
915 3711 1085 3778 scribimus
1100 3711 1278 3796 Africanus,
1304 3735 1468 3780 caraman

283 3818 314 3879 in
337 3817 411 3879 corbe
433 3817 574 3899 defensor
596 3817 762 3894 adsiduas,
784 3825 854 3900 post
875 3817 1122 3880 administratam
1141 3819 1335 3900 proomciam
1358 3821 1400 3884 ad
1421 3839 1468 3884 re-

281 3921 410 4003 pendam
433 3921 527 3984 alia-m
542 3922 726 4004 adspiraait‚
752 3927 838 3984 maias
853 3922 1057 4004 saffrapatori
1069 3923 1213 4006 mapistro
1228 3925 1363 4004 equitum
1381 3925 1469 3988 meo

283 4023 365 4087 dosia
394 4023 426 4086 id
454 4027 565 4099 petenti
591 4025 764 4109 salapresti
791 4023 881 4086 verbo
911 4043 975 4086 rrvs
1005 4042 1164 4087 scarorum
1192 4043 1360 4089 ammaon
1392 4028 1468 4091 ‘abi’

284 4127 388 4207 inquit,
418 4129 539 4206 nomes,
565 4136 594 4190 et
614 4137 698 4190 muta
721 4130 749 4190 ei
770 4135 860 4210 rapat
881 4130 934 4210 qui
955 4127 1014 4190 sibi
1033 4130 1149 4190 matari
1159 4131 1353 4210 provinciam
1367 4133 1468 4214 oapit‚'

257 4215 261 4222 ’
284 4235 310 4291 et
339 4229 392 4292 ltoc
423 4231 515 4313 elopio
542 4233 623 4312 perit
649 4231 734 4294 aomo
763 4231 897 4294 disertas
927 4231 969 4292 ad
994 4232 1114 4313 potiora
1140 4232 1293 4314 [estimas
1315 4241 1351 4295 at
1371 4235 1465 4298 malti.

283 4341 331 4394 est
362 4333 393 4394 in
425 4332 506 4394 libro
535 4333 683 4400 Fuldensi
716 4335 801 4416 polis.
848 4335 1098 4417 responderetur.
1151 4334 1263 4398 cadem
1298 4337 1469 4402 acerbitate

243 4463 273 4510 m
284 4455 345 4518 qua
362 4437 449 4518 pium
465 4437 604 4520 adpellut
620 4435 805 4512 Ammianus
821 4440 1042 4520 imperatorem
1058 4427 1286 4504 sae'vissimum
1308 4445 1413 4504 11er
1431 4443 1466 4504 ll
1527 4421 1529 4425 ¹
