3240 5094
183 1171 359 1269 INDEX
390 1169 708 1269 thermuth
741 1171 1111 1270 ausuvattvtl
1144 1183 1269 1312 1873.

127 1427 185 1535 In
209 1472 318 1554 idyllio
333 1474 491 1535 Theocriti
514 1483 627 1553 quarto
650 1484 816 1554 postquam
839 1474 1036 1556 aGorydone
1052 1475 1156 1539 obiter
1179 1477 1258 1540 iacta
1278 1489 1326 1541 est

129 1579 251 1638 mentio
273 1573 477 1658 Amaryllidis
499 1577 578 1639 hacc
600 1575 676 1638 dicit
699 1578 808 1639 Battus
830 1596 861 1640 v.
888 1578 928 1638 38
952 1597 1009 1658 ss,

181 1697 186 1708 ’
289 1669 472 1764 ὧχαρ(εσσ’
494 1672 674 1764 Ἀραρολλί,
699 1673 792 1762 μόνας
815 1677 903 1744 σέθεν
927 1674 998 1744 οὐδὲ
1020 1680 1165 1754 θανοίσας
1227 1717 1230 1727 ·

288 1776 486 1865 loosdpeob’·
510 1773 580 1845 ὅσον
604 1778 687 1866 αἶγες
711 1777 775 1866 ἐμὶν
799 1781 900 1870 φίλαι,
926 1775 1015 1847 ’ὅσσον
1039 1779 1183 1870 ἀπέσβης.

289 1885 356 1948 αἰαῖ
377 1887 420 1948 τῶ
443 1886 565 1971 σκληρῶ
588 1880 672 1969 μάλα
695 1884 835 1970 δαίμονος
858 1879 891 1959 ὅς
914 1911 951 1970 με
974 1882 1125 1975 λσλὸγχει.

126 1988 265 2052 alterius
287 1989 437 2051 versiculi
461 1989 494 2049 in
516 1989 644 2051 scholiis
667 1989 895 2054 vetustioribus
922 1992 1000 2053 hacc
1022 2004 1070 2055 est
1094 1993 1324 2076 interpretatio,

126 2087 206 2178 φησὶ
235 2087 269 2154 δὲ
299 2083 520 2176 ὑπερβολικῶς,
550 2083 620 2155 ὅσον
651 2091 682 2155 οἱ
712 2087 795 2176 αἶγες
824 2091 911 2179 φίλαι
941 2118 1010 2177 μοι,
1040 2098 1179 2162 τοσοῦτον
1209 2094 1261 2160 καλ
1290 2093 1327 2162 σὺ

126 2185 207 2258 οὖσα
235 2189 404 2280 προσφιλὴς
434 2189 584 2280 ἀπέσβης,
616 2186 709 2279 ἤγουν
740 2190 900 2268 ἀπέθανες.
948 2216 1011 2259 non
1041 2209 1144 2280 potest
1168 2203 1327 2281 interpres

127 2299 297 2379 scripsisse
329 2291 550 2384 ὑπερβολικῶς,
582 2298 667 2380 quod
698 2298 873 2363 absurdum
904 2312 968 2381 est,
1000 2321 1107 2383 neque
1130 2305 1230 2384 magis
1253 2324 1327 2385 pro-

127 2401 245 2464 bamus
269 2393 524 2485 ὖπεφοιιπολιιιῶς,
551 2401 636 2482 quod
659 2401 700 2464 ab
721 2400 863 2466 dhrente
887 2403 1085 2467 confidenter
1107 2406 1243 2486 positum
1266 2417 1325 2486 est,

128 2503 189 2568 sed
212 2505 380 2568 verissime
395 2505 587 2568 Duohnerus
610 2499 814 2591 ὑπερβατιιιῶς
831 2505 1038 2570 scribendum
1062 2527 1132 2570 esse
1156 2509 1325 2572 intellexit.

129 2609 285 2670 nimirum
309 2609 507 2689 significatur
536 2603 601 2692 ἐμὶν
624 2606 712 2693 φίλαι
742 2609 904 2689 inpriore
929 2613 1084 2673 enuntiati
1108 2621 1198 2692 parte
1223 2613 1329 2674 conlo-

126 2721 253 2790 catum,
286 2713 438 2774 omissum
468 2708 542 2797 φίλα
572 2713 606 2772 in
629 2712 739 2774 altera.
787 2715 907 2775 etenim
930 2731 1025 2794 saepe
1048 2715 1244 2795 grammatici
1268 2717 1328 2797 hy-

128 2812 260 2896 perbati
276 2817 405 2876 nomine
422 2815 570 2876 similiter
585 2813 772 2877 abutuntur.
813 2815 946 2878 eandem
961 2826 1068 2879 autem
1084 2817 1327 2898 explicationem

128 2915 267 3000 praebet
282 2917 423 2979 scholion
440 2919 617 2996 recentius,
642 2911 675 2980 τὸ
698 2908 787 2980 ὅσσον
811 2912 875 2982 ἀντὶ
888 2923 940 2982 τοῦ
962 2913 1049 2983 τόσον
1065 2910 1158 3003 ἤγουν
1173 2924 1324 2985 τοσοῦτον.

128 3016 162 3084 τὸ
182 3017 216 3084 δὲ
230 3021 289 3083 πᾶν
307 3011 420 3098 οὕτως,
444 3013 516 3083 ὅσον
541 3020 573 3084 αἱ
596 3017 679 3104 αἶγες
702 3017 769 3104 ἐμοὶ
790 3022 985 3108 προσφιλεῖς,
1009 3026 1150 3086 τοσοῦτον
1172 3016 1227 3100 σύ,
1252 3023 1327 3110 φίλα

127 3113 209 3188 οὖσα
232 3115 388 3208 δηλονότι,
413 3118 565 3209 ἀπέσβης,
589 3115 682 3208 ἤγουν
706 3118 867 3196 ἀπέθανες.
907 3137 1002 3207 atque
1021 3129 1053 3188 in
1070 3127 1120 3188 his
1136 3128 1327 3190 scholiorum

128 3225 453 3308 interpretationibus
481 3226 719 3308 adquieverunt
747 3228 821 3289 olim
850 3247 960 3291 omnes
982 3248 1084 3310 usque
1107 3227 1148 3290 ad
1171 3231 1327 3293 Kiesslin-

129 3332 236 3411 gium,
268 3331 428 3393 hominem
452 3349 515 3392 non
539 3330 632 3392 valde
655 3328 786 3410 quidem
810 3332 1025 3412 ingeniosum,
1051 3332 1109 3394 sed
1133 3331 1325 3413 prudentem

129 3433 306 3514 iudiciique
336 3434 465 3495 sinceri.
519 3444 627 3514 postea
656 3442 761 3496 autem
791 3454 904 3516 magno
936 3435 1098 3498 turbatum
1133 3447 1182 3497 est
1214 3456 1323 3517 opere,

127 3545 237 3598 nostra
253 3537 454 3617 potissimum
469 3545 591 3616 aetate,
616 3555 699 3618 quae
715 3537 933 3601 novandarum
956 3540 988 3600 in
1012 3539 1062 3601 his
1084 3539 1201 3600 litteris
1218 3559 1326 3602 rerum

128 3638 268 3720 quadam
298 3640 544 3720 intemperantia
576 3639 708 3702 laborat.
754 3640 813 3702 sed
836 3643 1033 3704 coniecturas
1056 3643 1226 3704 acervatim
1250 3661 1327 3705 con-

129 3753 235 3824 gestas
265 3744 412 3805 nolumus
441 3741 622 3806 confutare:
655 3761 729 3805 nam
759 3745 785 3805 si
816 3742 1050 3807 obtinuerimus
1072 3764 1186 3807 versus
1215 3747 1326 3827 quales

128 3845 205 3907 libri
228 3844 385 3927 praebent
408 3864 470 3908 non
494 3865 562 3908 csse
579 3846 822 3927 vituperandos,
848 3866 911 3909 non
927 3867 1007 3928 opus
1023 3850 1084 3910 erit
1101 3848 1225 3911 inutilia
1240 3868 1327 3910 com-

130 3956 238 4010 menta
260 3948 365 4010 omnia
388 3949 527 4012 elevare.
574 3949 651 4010 satis
674 3949 772 4029 igitur
794 3951 855 4012 erit
877 3952 904 4014 si
928 3970 964 4013 ca
987 3950 1138 4012 adcurate
1167 3949 1327 4014 diiudica-

130 4051 237 4114 bimus
267 4070 349 4133 quae
371 4053 549 4114 Meiuclrius
578 4050 619 4113 de
647 4051 794 4115 versibus
821 4053 884 4115 illis
914 4054 1052 4134 scripsit.
1107 4054 1219 4135 quodsi
1249 4074 1325 4117 vero

130 4166 218 4217 recte
235 4173 307 4216 eum
325 4152 527 4235 redarguisse
544 4153 744 4234 videbimur,
770 4157 900 4238 ineptus
922 4158 984 4218 erit
1006 4159 1032 4218 si
1055 4158 1129 4237 quis
1151 4157 1232 4219 forta
1255 4159 1326 4239 opi-

129 4257 261 4320 nabitur
276 4256 317 4318 de
334 4276 446 4338 magua
462 4257 679 4337 duraturaque
696 4259 816 4339 egregii
833 4259 970 4321 hominis
985 4259 1078 4322 laude
1102 4259 1327 4322 demonstratis

128 4361 249 4442 aliquot
277 4362 347 4423 eius
380 4358 544 4423 erroribus
578 4360 744 4443 quidpiam
778 4371 833 4424 aut
861 4362 1038 4426 detractum
1072 4383 1142 4426 esse
1172 4373 1225 4426 aut
1253 4383 1323 4442 nos,

130 4463 249 4546 quibus
272 4465 434 4526 carissima
457 4475 504 4526 est
527 4467 597 4527 cius
619 4466 788 4544 memoria,
815 4465 984 4529 detrahere
1005 4467 1156 4528 voluisse.

1059 4585 1115 4638 30⁵
