3184 5108
394 385 482 444 lrorx
506 401 669 446 morrono!
693 403 877 446 οιοαοιιιονι
896 385 989 445 taos.
1217 371 1291 442 213

111 575 210 636 marici
232 573 406 636 sacerdotis
429 591 568 652 memor,
593 566 609 635 δ
633 570 667 636 δὲ
688 567 813 658 Χρύσης
835 569 924 637 Οἶνον
946 570 1027 658 ἔχων
1050 573 1163 660 χειροῖν
1186 573 1293 644 νιίέτοι

110 676 147 746 είς
173 673 302 762 ἔδαφος,
332 677 393 738 οΙίο
422 675 463 737 da
497 695 588 738 causa
619 696 900 741 commemoramus
929 696 1024 758 quam
1053 677 1138 758 quod
1166 676 1207 740 ab
1234 678 1293 740 hac

108 780 246 860 opinione
277 778 416 860 proiecta
446 790 494 842 ast
523 780 654 842 aliorum
678 781 858 843 coniectura
888 799 1004 842 noman
1027 781 1175 842 similiter
1197 782 1293 843 resti-

108 882 253 945 tuendum
277 901 348 945 esse
371 883 579 964 opinantium.
620 885 777 964 harghius
800 885 886 945 enim
909 885 942 946 in
966 885 1212 946 Zimmermanni
1232 903 1291 946 an-

108 985 224 1049 nalibus
253 1005 282 1048 a.
308 978 492 1048 accucurri
521 1007 553 1067 p.
579 988 660 1064 tau,
693 987 876 1049 recordatus
904 984 1124 1066 Aristophanis
1155 984 1235 1048 illud
1259 988 1291 1048 in

107 1088 209 1169 Vaspis
231 1107 262 1148 v.
284 1089 378 1168 last,
410 1089 552 1167 ποῖποῖ,
576 1085 609 1154 τὸ
634 1089 763 1167 δεῖπνον,
789 1087 905 1175 Χροοέ,
939 1082 1105 1159 συσκεύαζε
1127 1092 1198 1175 νῷν,
1222 1081 1292 1152 Ἵνα

106 1185 151 1252 καί
172 1187 331 1275 μοδόοιμεν
355 1187 406 1255 διὰ
427 1186 558 1277 χρόνου,
589 1193 794 1256 scribendum
819 1213 889 1256 asse
913 1194 1046 1256 coniecit
1075 1186 1091 1254 δ
1116 1189 1149 1256 δὲ
1170 1188 1291 1278 Χροαὸς

105 1289 186 1358 Οἶνον
206 1291 288 1381 ἔχων
310 1295 426 1381 χειροῖν
448 1296 554 1367 cellro
576 1296 619 1368 είς
640 1294 764 1382 ἔδαφος.
804 1295 889 1358 idem
912 1305 1019 1377 postea
1041 1297 1172 1375 protulit
1188 1297 1291 1360 Osan-

105 1417 169 1477 nus‚
193 1398 251 1461 sed
267 1399 430 1480 ineptians
447 1401 624 1481 paullulum
647 1411 679 1462 et
701 1400 742 1462 ad
757 1400 873 1462 ssavum
889 1398 1105 1480 Ganymedem
1121 1399 1287 1479 aberrans,

103 1501 278 1582 placuitque
295 1504 423 1584 Berglrii
446 1505 626 1566 coniectura
644 1505 752 1565 multis
775 1513 806 1564 at
830 1503 889 1584 ipsi
906 1501 997 1580 adeo,
1023 1501 1107 1583 quod
1124 1503 1286 1582 miramur,

103 1604 272 1668 Godoiredo
304 1607 493 1668 Hermanno.
540 1607 697 1688 Berghius
726 1616 760 1669 ut
789 1606 918 1668 doceret
948 1608 979 1666 in
1003 1606 1158 1668 conviviis
1180 1625 1290 1667 servos

102 1711 252 1789 primum,
284 1708 404 1772 deinde
432 1710 580 1772 convivas
611 1709 727 1772 libasse
757 1709 876 1772 abusus
905 1719 973 1771 erat
1003 1726 1040 1770 eo
1063 1707 1147 1788 quod
1176 1728 1289 1771 servus

102 1809 173 1872 dicit
199 1813 231 1874 in
264 1813 399 1875 Platonis
422 1812 596 1876 Laconibus
624 1811 709 1894 apud
733 1811 931 1876 Athenaeum
954 1833 989 1873 νιν
1013 1832 1044 1892 p.
1068 1811 1129 1872 665
1160 1807 1288 1883 σπονδὰς

102 1908 121 1986 δ
144 1912 247 1979 ἔπειτα
269 1915 428 2002 παραχέας
450 1911 500 1979 τὸν
523 1912 664 2001 κότταβον
687 1913 831 2001 παροίσω.
881 1903 1030 1978 refutavit
1053 1915 1111 1976 hoc
1132 1916 1288 1976 llarman-

101 2036 155 2080 nus
182 2018 354 2100 docuitque
383 2019 532 2106 παραχαῖν
562 2015 690 2092 σπονδὰς
720 2039 793 2082 aum
823 2018 886 2082 dici
917 2019 972 2098 qui
1002 2017 1149 2080 infundat
1178 2019 1287 2080 vinum

100 2139 156 2199 quo
178 2124 329 2186 convivae
345 2122 465 2185 libent:
492 2123 611 2186 deinde
629 2125 706 2186 haec
721 2122 850 2204 adiecit,
878 2121 968 2184 ‘illud
983 2141 1060 2183 vero
1083 2121 1175 2184 iacile
1199 2119 1286 2184 credi

100 2233 206 2304 potest⁷
232 2245 304 2288 eum
328 2217 465 2290 εοννιιιοΙ
489 2228 562 2308 qni,
596 2237 630 2290 ut
654 2229 735 2289 lonis
758 2227 914 2308 Chrysus,
947 2225 1090 2288 convivis
1112 2225 1222 2286 vinum
1245 2223 1312 2286 adt

100 2325 275 2391 libationem
304 2331 337 2392 in
368 2331 482 2393 calices
511 2331 723 2410 diffunderet,
755 2333 942 2411 priusquam
973 2327 1006 2389 id
1036 2327 1154 2389 lacerat
1181 2329 1286 2408 ipsum

98 2429 213 2510 aliquid
242 2433 309 2494 vini
339 2435 372 2495 in
402 2435 502 2496 solum
534 2432 707 2496 effudisse)
761 2453 823 2495 non
854 2432 1030 2494 credimus:
1065 2449 1170 2512 neque
1201 2432 1284 2492 enim

99 2531 145 2593 illa
167 2543 241 2596 ante
263 2534 447 2599 libationem
463 2537 543 2599 iacta
561 2536 670 2598 libatio
692 2537 799 2618 aliquo
821 2536 965 2616 exemplo
988 2534 1166 2598 confirmari
1182 2543 1286 2614 potest

99 2653 195 2716 neque
224 2657 285 2719 per
315 2659 350 2700 se
379 2640 475 2702 ullam
505 2640 601 2702 habet
629 2642 699 2702 veri
728 2638 982 2702 similitudinem.
1031 2639 1098 2718 ipso
1129 2637 1284 2716 bergkius

97 2749 196 2816 postea
221 2742 253 2802 in
276 2745 378 2822 poetis
400 2744 523 2824 lyricis²
544 2746 657 2824 ptos
682 2763 744 2806 non
767 2743 889 2806 dimisit
911 2741 1042 2823 quidem
1065 2741 1182 2804 servile
1205 2738 1284 2802 illud

99 2839 203 2924 Chrysi
234 2863 369 2923 nornen,
400 2845 458 2909 sed
485 2865 620 2928 puerum
651 2846 751 2909 libara
779 2867 841 2908 non
871 2865 941 2908 esse
963 2846 1033 2906 vari
1055 2845 1159 2906 simile
1182 2843 1284 2906 lassus

97 2941 287 3027 dubitanter,
312 2959 350 3011 ut
370 2951 424 3029 ait,
450 2950 655 3014 scribendum
679 2969 749 3012 ossa
773 2951 907 3012 coniecit
928 2943 945 3011 ‘o
969 2945 1001 3012 δὲ
1023 2942 1144 3034 Χροαδς
1167 2939 1280 3009 Σινδόν’

96 3042 170 3131 ἔχων
198 3055 310 3136 χειρῶν
338 3051 443 3122 odero
472 3049 514 3125 εἵς
543 3049 564 3116 τ’
598 3051 729 3139 ἔδαφος,
768 3051 852 3133 quod
884 3071 952 3114 esse
981 3051 1059 3112 dicit
1097 3043 1177 3134 ὕδωρ
1207 3044 1285 3113 κατὰ

97 3155 199 3235 χειρῶν
221 3151 325 3240 χεάτοι
348 3150 398 3218 καί
426 3156 469 3228 είς
497 3154 621 3243 ἔδαφος.
669 3158 823 3220 vellemus
846 3175 918 3218 eum
946 3155 1040 3217 etiam
1065 3157 1164 3235 magis
1187 3151 1283 3215 dubi-

97 3261 172 3318 tasse
195 3267 227 3320 at
249 3257 368 3322 absona
391 3261 569 3323 reticuisse.
617 3280 689 3323 nam
713 3271 748 3324 ut
769 3259 830 3322 dici
854 3261 954 3340 possit
975 3256 1065 3327 νίζειν
1090 3257 1134 3328 εἰς
1156 3254 1281 3343 ἔδαφος,

97 3355 208 3440 dequo
230 3371 339 3443 postea
355 3363 600 3446 disputabimus,
627 3365 699 3445 quis
715 3363 839 3444 putabit
862 3359 951 3433 νίζειν
974 3365 1085 3447 χειρῶν
1105 3360 1190 3423 idem
1213 3380 1282 3424 asse

97 3481 180 3541 possa
202 3475 297 3546 atque
321 3462 398 3530 κατὰ
420 3471 532 3553 χειρῶν
555 3459 636 3552 ὕδωρ
659 3467 747 3552 χεῖνί
774 3468 836 3528 nisi
852 3467 933 3529 lorte
956 3465 1065 3528 licebit
1088 3463 1181 3526 nohis
1197 3465 1283 3545 quod

97 3565 258 3646 Sophocles
285 3569 368 3632 dixit
396 3572 540 3632 Electrae
566 3591 598 3630 v.
622 3573 662 3632 at
692 3566 802 3655 πατρὸς
830 3569 950 3656 χέοντες
978 3563 1089 3654 λοοτροί
1119 3570 1159 3630 ita
1188 3567 1282 3629 hodia

96 3671 291 3751 interpretari
321 3683 356 3736 ut
385 3676 459 3736 olim
482 3675 662 3755 Stephanus
692 3673 765 3735 lacit
795 3675 827 3734 in
851 3674 998 3737 thesauro
1022 3684 1045 3736 t.
1067 3691 1119 3733 rur
1144 3692 1176 3753 p.
1197 3672 1278 3733 ttat

95 3771 141 3834 ad.
165 3775 250 3855 Did,
274 3777 331 3858 qui
353 3777 525 3858 significari
549 3779 673 3866 putavit
699 3777 930 3840 ‘subaudiendo
952 3771 1048 3854 κατοί,
1074 3775 1282 3838 infundentes

96 3879 169 3956 patri
192 3889 246 3941 aut
267 3899 366 3961 super
388 3891 527 3961 patrem,
552 3892 675 3962 patrem
698 3881 928 3963 adspergantes
951 3882 1106 3944 lavacris'
1152 3881 1280 3944 omnino

96 3980 119 4040 si
139 3981 199 4044 tale
221 3982 344 4063 aliquid
367 3983 419 4045 lon
443 3983 549 4047 dicere
572 3985 741 4063 voluisset,
773 3984 906 4048 dixisset
933 3984 1038 4070 χεῖρας
1061 3979 1167 4055 νιίέτον
1190 3980 1275 4055 αἴςέ

96 4077 211 4168 ἔδαφος,
237 4087 352 4148 reiecta
376 4089 610 4169 praepositione
635 4089 667 4150 in
698 4089 829 4150 alteram
854 4089 1011 4151 enuntiati
1041 4099 1175 4168 partem.
1223 4088 1281 4152 sed

95 4203 131 4246 na
152 4187 303 4251 eiusmodi
327 4190 457 4271 quidem
481 4193 651 4273 quicquam
676 4191 795 4254 dixisse
819 4191 980 4272 putandus
1003 4201 1061 4253 ast.
1102 4191 1278 4257 absurdum

95 4299 138 4349 est
158 4291 241 4352 enirn
261 4311 396 4373 puerum
420 4293 525 4356 iuberi
549 4295 591 4358 ita
606 4295 754 4358 manibus
776 4293 948 4358 infundere
970 4314 1085 4376 aquam
1109 4304 1144 4356 ut
1159 4294 1278 4358 delluat

97 4390 125 4450 in
145 4395 369 4472 pavimentum.
409 4397 560 4460 mundius
582 4399 744 4479 aliquanto
767 4407 862 4478 atque
879 4397 1046 4460 decentius
1068 4407 1117 4460 est
1139 4398 1224 4479 quod
1245 4401 1276 4460 in

96 4491 226 4576 Odyssea
249 4499 399 4579 tegimus,
431 4498 558 4586 χέρνιβα
586 4496 615 4562 δ’
650 4495 818 4586 ἀμφίπολος
847 4495 971 4588 προχόῳ
994 4501 1121 4586 ἐπέχευε
1143 4499 1278 4587 φίροοοα
