3204 5104
307 268 382 343 390
602 289 691 350 lunen
712 305 880 350 4444444441
902 304 1081 348 susumus!
1107 285 1200 345 48644.

307 493 380 535 cum
410 473 580 538 scribimus
608 478 659 538 cui
683 477 832 557 proxima
852 472 1006 537 Arethusa
1027 491 1181 536 cvnsvmts
1210 480 1255 536 est
1275 474 1377 535 statio.
1422 490 1488 553 equo

308 578 416 639 cursui
439 576 567 658 publico
583 578 734 641 destinati
757 578 916 642 cursuales
932 577 1082 640 dicuntur
1105 577 1138 638 in
1153 573 1370 638 Theodosiano
1392 574 1490 636 codice

212 761 215 770 1
308 697 362 740 rur
385 679 404 738 i>
429 681 467 740 64
493 690 524 750 44
546 700 564 743 a
587 680 782 744 Cassiodorio
804 683 877 742 Var.
896 698 925 742 m
942 681 981 742 47
1006 689 1038 741 44
1060 681 1125 757 vi,
1149 678 1305 742 cursualis
1328 685 1443 740 tractus
1463 689 1492 739 et

307 783 452 846 cursuole
472 784 675 846 ministerium
696 782 784 866 apud
805 782 944 846 eundem
967 780 1199 844 Cassiodorium
1227 783 1260 844 in
1283 780 1405 842 eisdem
1429 781 1490 861 opi-

307 885 399 947 stulis
428 884 595 966 leguntur,
626 887 739 950 rhedae
767 887 922 950 cursualis
951 887 1061 949 evectio
1090 886 1123 947 in
1146 882 1362 946 Theodosiano
1392 882 1489 946 codice

306 1007 347 1048 xu
380 989 419 1050 44
443 991 480 1068 9,
513 989 744 1052 sollicitudinem
772 990 946 1052 4444444444
975 987 1096 1050 ibidem
1121 1007 1150 1049 u
1180 989 1221 1048 49
1245 985 1277 1065 7,
1308 986 1489 1048 cursualium

302 1092 550 1172 praepositorum
572 1092 708 1154 avaritia
730 1092 816 1174 apud
832 1092 1054 1174 Symmachum
1070 1092 1129 1172 Ep.
1147 1110 1169 1152 u
1186 1091 1238 1151 46.
1277 1088 1376 1152 luisse
1392 1099 1487 1150 eutem

306 1192 497 1256 Arethusam
529 1213 642 1258 cursus
674 1193 793 1276 publici
827 1196 861 1258 in
891 1197 943 1256 via
973 1195 1106 1275 Egnatia
1134 1194 1301 1256 stationem
1334 1192 1489 1254 confirmat

306 1296 509 1358 ltincrarium
525 1297 859 1380 Hierosolymitanum,
886 1299 919 1360 in
935 1316 997 1378 quo
1013 1318 1046 1378 p.
1065 1298 1125 1358 6444
1150 1297 1229 1360 haec
1251 1296 1400 1376 legimus,
1424 1296 1488 1358 llu-

307 1401 379 1461 tatio
401 1399 571 1481 Euripidis.
589 1433 633 1446 —
655 1399 697 1462 ibi
714 1403 833 1483 positus
856 1408 901 1463 est
915 1399 1078 1482 Euripides
1098 1406 1204 1480 poeta:
1228 1417 1302 1462 nam
1322 1398 1488 1460 certissima

307 1512 355 1564 est
369 1502 572 1584 Wessclingii
595 1503 791 1583 emendatio,
818 1523 889 1566 cum
912 1513 1005 1566 vetus
1026 1501 1110 1564 liber
1132 1501 1248 1564 habeat
1265 1503 1390 1564 Mutatio
1408 1501 1489 1581 peri-

303 1604 399 1685 pidis.

393 1707 511 1770 Eodem
533 1705 691 1770 Ammiani
714 1708 797 1771 libro
819 1727 897 1771 mu
923 1710 961 1772 42
987 1709 1025 1770 ts
1056 1709 1174 1789 legitur
1198 1725 1346 1788 suumqnu
1365 1704 1489 1788 parabol

306 1812 494 1886 eoceroitum,
525 1818 560 1872 ut
587 1819 729 1874 serenata
750 1813 829 1875 coeli
848 1814 990 1894 temperie
1014 1811 1202 1874 subverteret
1223 1812 1326 1872 omnia
1351 1825 1426 1890 quae
1451 1824 1489 1868 44

306 1931 341 1974 re
369 1930 428 1976 suo
456 1920 603 1976 struoeere
632 1916 767 1977 Romani.
815 1934 928 1978 verum
954 1915 1123 1976 Vaticanus
1151 1912 1235 1976 liber
1264 1932 1328 1975 non
1355 1917 1489 1974 44444444

306 2013 419 2094 habet,
444 2013 502 2077 sed
524 2023 638 2078 serato.
687 2035 786 2097 quare
808 2017 1016 2082 scribendum
1040 2023 1144 2079 estut
1165 2035 1309 2080 44444444
1331 2013 1408 2076 caeli
1421 2021 1486 2074 4444-

301 2121 400 2199 perie.
447 2135 520 2179 nam
549 2118 591 2180 ita
619 2118 705 2199 loqui
734 2121 812 2183 solet
834 2119 1031 2182 Ammianus.
1078 2138 1127 2182 xm
1152 2121 1190 2181 40
1217 2120 1229 2178 4
1257 2119 1337 2181 caeli
1361 2122 1488 2180 reserato

306 2227 417 2302 tepore.
468 2240 516 2283 xus
547 2221 565 2281 6
596 2221 614 2282 7
648 2230 789 2286 reserata
815 2223 894 2286 coeli
921 2223 1072 2304 temperie.
1124 2220 1279 2303 Apuleius
1307 2220 1349 2282 de
1377 2217 1487 2281 mundo

292 2341 375 2404 ‘cap
407 2325 448 2384 44
480 2357 518 2370 -
549 2332 737 2406 tempestates
766 2328 846 2388 inter
875 2343 908 2388 se
936 2344 1063 2388 sereuoe
1090 2325 1292 2406 liberumque
1321 2322 1484 2405 4444449444,

304 2427 417 2488 4444444
433 2425 553 2506 imbres,
579 2428 663 2509 ipues
678 2435 876 2509 rumpuntur,
901 2436 930 2490 44
943 2446 1057 2492 rursus
1070 2429 1202 2509 placatis
1217 2425 1356 2488 44444444
1370 2441 1487 2488 amnem

305 2529 421 2592 laetitia
443 2529 551 2592 mundi
571 2537 742 2595 reseratur.
790 2531 962 2612 Septimius
985 2531 1018 2592 in
1034 2529 1248 2612 Ephemcride
1271 2529 1349 2592 belli
1370 2526 1485 2590 Tmiani

304 2632 372 2694 122
396 2633 463 2713 quis
482 2632 618 2713 peractis
641 2633 748 2696 sedato
771 2631 836 2696 lues
859 2635 1016 2714 instarque
1031 2634 1142 2697 aestivi
1162 2634 1304 2714 temporis
1327 2638 1485 2694 reseratum

306 2741 351 2796 est
372 2734 499 2796 caetum.

392 2837 458 2899 Non
483 2846 659 2899 rectorem
683 2836 917 2900 administravit
939 2840 1083 2902 Valesius
1105 2857 1196 2900 uvtu
1220 2841 1232 2900 4
1261 2839 1321 2916 36,
1347 2857 1404 2899 nec
1424 2854 1485 2897 me-

303 2939 366 3002 lius
402 2940 472 3018 alii,
512 2938 554 3001 de
592 2958 728 3020 quorum
765 2941 968 3022 opinionibus
1005 2959 1172 3004 censemus
1208 2939 1378 3003 tacendum
1409 2955 1481 3001 esse.

304 3043 433 3122 scripsit
454 3042 597 3106 Valesius
622 3062 682 3125 per
708 3043 782 3106 loeo
808 3053 837 3107 44
857 3046 922 3107 alia
943 3045 1039 3108 simili
1065 3061 1204 3106 maerore
1232 3043 1387 3124 deflendo,
1415 3058 1484 3124 4444

258 3143 517 3224 osdecolorabont
531 3147 659 3228 speciem
673 3145 760 3209 urbis
775 3154 932 3226 aeternae,
956 3145 1162 3230 crassabatur
1180 3165 1240 3228 per
1261 3135 1391 3230 44449441
1412 3143 1483 3206 mul·

302 3247 417 3327 teplices
436 3246 635 3329 fortunarum
657 3247 741 3310 44444
764 3268 832 3312 cum
853 3252 964 3333 pemitu
992 3249 1213 3326 nominandus,
1244 3249 1332 3311 ultro
1355 3245 1481 3331 [4444444

301 3351 445 3412 immines
468 3358 560 3414 semet
581 3357 753 3416 4444444444.
799 3371 929 3435 nomque
950 3360 977 3414 et
992 3352 1169 3416 resticulam
1190 3352 1227 3414 de
1242 3351 1381 3434 fenestra
1398 3367 1483 3433 prue-

301 3453 375 3514 torii
402 3451 535 3533 444444
569 3460 685 3516 remota
713 3454 826 3517 dicitur
854 3473 973 3536 semper
1001 3454 1141 3518 44444444
1174 3473 1372 3536 stuprosum,
1404 3454 1480 3517 ursus

301 3555 460 3616 summitas
489 3555 638 3637 quaedam
667 3557 749 3618 uelut
776 3557 885 3620 clauso
905 3558 1077 3640 colliporet,
1109 3559 1204 3621 nullis
1233 3558 1353 3640 quidem
1373 3555 1480 3619 44444444

298 3655 396 3738 fulta,
428 3657 482 3721 sed
503 3659 644 3721 nocitura
666 3659 833 3723 insontibus
861 3661 981 3738 multis,
1012 3669 1042 3724 44
1061 3663 1239 3724 Mucianum
1260 3660 1480 3738 Barbummqot
1577 3679 1578 3744 ]

301 3762 495 3842 apparitores
517 3762 695 3844 als'qrootiens
719 3763 873 3826 discretim
895 3763 981 3826 tmtdi
1009 3762 1128 3826 iubebat
1156 3773 1188 3826 et
1217 3783 1299 3845 quae
1328 3769 1475 3826 secuntur.
1577 3747 1578 3790 3

301 3863 388 3925 cuius
411 3865 570 3927 summitas
598 3862 642 3946 (id
665 3875 713 3928 est
735 3875 877 3928 extrema
900 3865 985 3948 pers)
1020 3876 1105 3929 recte
1127 3868 1300 3950 scripserat
1323 3863 1474 3931 Gelenius:
1577 3949 1578 3952 Ἴ

300 3966 365 4027 eius
388 3967 547 4029 summitas
576 3975 625 4030 est
655 3969 687 4028 in
719 3967 800 4029 libro
821 3970 969 4032 Vaticano
1000 3980 1031 4032 et
1053 3969 1138 4052 apud
1161 3970 1347 4034 Accursium
1368 3965 1478 4049 proler-
1577 3991 1578 4000 2

301 4076 419 4149 turque
442 4087 460 4130 e
483 4068 590 4132 codice
613 4069 892 4154 alindenbrogio.
939 4070 997 4135 sed
1015 4092 1087 4135 mox
1101 4073 1218 4136 Valesii
1241 4073 1385 4154 quuedom
1406 4067 1476 4130 44444
1577 4087 1578 4092 ’

301 4170 409 4234 444444
431 4171 626 4234 nullomodo
648 4171 908 4256 probaripotest.
944 4174 1112 4256 suspendit
1128 4169 1410 4238 cnim'llaximinus
1430 4187 1476 4230 rt-
1577 4177 1578 4254 Τ

300 4273 444 4335 sticulam
467 4292 530 4335 non
553 4284 589 4336 ut
612 4275 782 4356 quasdam,
814 4275 871 4340 sed
894 4287 930 4340 ut
951 4297 1060 4340 omnes
1083 4279 1256 4359 conligeret
1279 4273 1476 4341 accusationes
1577 4265 1578 4286 ¹

299 4394 384 4458 quae
408 4375 585 4440 clanculum
609 4380 638 4440 ei
661 4377 867 4460 inderentur,
893 4399 1000 4461 neque
1022 4383 1139 4464 scripta
1162 4398 1244 4462 quse
1268 4399 1305 4445 ea
1323 4373 1475 4442 conclude·
