3186 5108
397 1214 572 1318 lunas
601 1215 922 1318 mcncnvu
952 1213 1322 1371 mansuram
1357 1223 1478 1320 raso.

340 1481 406 1593 vt
427 1531 605 1594 scholarum
628 1545 709 1612 ques
730 1527 902 1593 indicimus
928 1527 1134 1594 hibernarum
1158 1527 1391 1594 enumerationi
1414 1525 1521 1610 aliquid

340 1634 607 1714 commentarioli,
638 1634 722 1715 parti
745 1633 856 1696 saltem
887 1634 1040 1697 iuvenum
1063 1633 1182 1716 quibus
1203 1643 1330 1715 paratas
1352 1631 1522 1714 multiplicis

339 1737 529 1800 eruditionis
551 1737 657 1818 copias
673 1737 894 1800 renuntiamus
909 1737 1041 1800 icrtasse
1063 1736 1234 1819 prolaturi,
1258 1731 1399 1816 accedat,
1422 1731 1522 1814 dispu-

339 1840 477 1905 tabimus
493 1840 534 1903 de
550 1839 698 1903 versibus
720 1859 785 1902 non
807 1840 904 1902 nullis
918 1837 1051 1921 Aetnae,
1077 1841 1238 1920 carminis,
1263 1849 1299 1902 ut
1321 1846 1395 1901 ante
1416 1835 1522 1918 aliquot

339 1963 439 2007 annos
461 1944 538 2006 satis
559 1941 738 2006 ostendisse
762 1941 855 2006 nobis
876 1943 1035 2025 videmur,
1061 1943 1263 2008 librariorum
1287 1941 1451 2006 erroribus
1471 1941 1521 2002 mi-

336 2067 411 2112 sere
441 2047 599 2127 corrupti,
629 2065 647 2108 a
678 2043 778 2108 doctis
806 2056 912 2110 autem
942 2046 1125 2111 hominibus
1154 2065 1268 2128 magna
1296 2065 1338 2108 ex
1359 2055 1448 2127 parte
1468 2061 1520 2105 non

340 2161 426 2214 recte
448 2152 645 2233 pertractati.
686 2151 718 2211 in
735 2168 798 2232 quo
821 2152 961 2214 carmine
981 2161 1072 2233 poeta
1094 2161 1262 2233 postquam
1285 2149 1402 2212 montis
1424 2150 1521 2211 incen-

339 2253 464 2317 diorum
481 2273 591 2317 causas
614 2255 777 2317 enarravit
800 2273 853 2318 eos
874 2235 1083 2336 reprehendit
1099 2256 1154 2334 qni
1176 2264 1212 2316 ut
1227 2251 1410 2334 magnificas
1424 2250 1518 2328 aedes,

339 2357 404 2420 loca
428 2356 543 2420 iabulis
566 2367 598 2418 et
621 2357 817 2420 carminibus
841 2357 1013 2438 celebrata,
1040 2359 1240 2439 egregiorum
1262 2356 1418 2420 artificum
1440 2353 1520 2417 tabu-

338 2462 385 2524 las
411 2469 594 2543 statuasque
623 2461 824 2525 admirentur
850 2463 1024 2542 longinqua
1054 2461 1167 2524 itinera
1197 2462 1390 2542 suscipiant,
1421 2460 1520 2538 ingens
1578 2463 1579 2543 l

338 2571 444 2626 autem
474 2562 553 2626 illud
582 2574 715 2627 naturae
746 2565 933 2628 miraculum
966 2565 1073 2627 visere
1107 2583 1170 2626 non
1204 2573 1336 2644 curent,
1373 2561 1520 2642 finemque
1577 2607 1578 2657 ,

339 2667 459 2731 deinde
480 2665 569 2748 lacit,
597 2676 631 2730 ut
653 2686 694 2730 ne
716 2665 850 2731 Aetnam
875 2667 1005 2751 quidem
1029 2667 1185 2748 miranda,
1210 2677 1246 2731 ut
1268 2669 1326 2748 ait,
1352 2665 1455 2729 fabula
1477 2683 1520 2724 ca-

340 2791 411 2835 rere
442 2769 656 2850 demonstret,
697 2773 730 2833 in
759 2773 835 2835 satis
864 2769 1033 2853 splendida
1063 2771 1219 2853 praeclari
1249 2770 1399 2835 facinoris
1425 2789 1442 2833 a
1467 2767 1520 2850 piis

340 2873 492 2937 iratribus
515 2873 740 2938 Catinensibus
762 2877 938 2958 perpetrati
962 2876 1154 2938 narratione.
1194 2893 1276 2956 quae
1298 2884 1363 2936 tota
1385 2872 1519 2936 carminis
1575 2843 1576 2885 ¹

338 2997 413 3061 pars
436 2979 495 3042 etsi
519 2997 581 3041 non
605 2980 711 3041 minus
733 2997 828 3059 quam
853 2978 995 3060 reliquae
1017 2997 1127 3042 omnes
1148 2977 1320 3060 depravata
1344 2987 1402 3057 est,
1426 2987 1517 3038 lamen
1574 2943 1575 3001 l

338 3081 585 3164 disputationem
615 3091 768 3160 nostram,
799 3100 839 3144 ne
867 3082 964 3144 nimis
990 3081 1081 3163 longa
1112 3082 1202 3145 lieret
1230 3081 1347 3164 (neque
1375 3081 1456 3143 enim
1476 3078 1517 3138 his
1573 3079 1574 3115 l

338 3185 568 3267 scriptionibus
582 3193 758 3248 commenta
774 3185 1019 3268 qualiacumque
1035 3184 1136 3249 doctis
1154 3183 1298 3247 breviter
1312 3178 1516 3267 significanda,
1572 3187 1573 3229 l

338 3287 397 3352 sed
425 3290 559 3352 iuvenes
588 3298 735 3352 accurate
764 3287 900 3352 docendi
930 3307 1001 3352 esse
1028 3288 1211 3374 videnlur),
1243 3308 1354 3353 eorum
1381 3301 1516 3350 versuum
1571 3281 1572 3343 l

338 3391 561 3456 emendatione
576 3393 884 3474 circumscripsimus
899 3391 1017 3475 quibus
1032 3393 1117 3455 clara
1131 3395 1250 3474 aliquot
1264 3391 1419 3456 artificum
1434 3403 1516 3470 opera
1570 3387 1571 3458 l

338 3506 636 3560 commemorantur.
1569 3495 1570 3500 ’

425 3600 572 3681 Legimus
596 3597 640 3660 ibi
664 3601 742 3662 haec
770 3597 811 3682 (v.
829 3600 890 3662 etl
915 3597 987 3682 ss),

467 3705 541 3787 quin
563 3705 653 3766 ctiam
678 3703 793 3766 Graiae
811 3704 894 3786 fisos
917 3711 1039 3767 tenuere
1061 3701 1189 3766 tabellae

469 3809 605 3889 seqnove,
631 3826 712 3870 nunc
737 3806 869 3890 Papiriae
890 3813 1031 3870 rorantes
1053 3813 1121 3870 orte
1142 3805 1256 3889 capilli,

469 3907 525 3972 stab
548 3916 632 3972 truce
653 3929 735 3974 nunc
753 3912 851 3993 parvi
871 3909 1006 3974 ludentes
1030 3909 1168 3974 Golcbt'de
1188 3914 1265 3986 noti,

469 4031 551 4076 nunc
572 4013 674 4075 tristes
696 4014 780 4076 circo
802 4013 951 4077 subrectae
973 4013 1088 4077 altario
1110 4032 1219 4077 cervae

470 4118 645 4199 volneraque
665 4124 765 4198 pater,
790 4135 871 4181 nunc
891 4117 992 4202 ylario
1013 4119 1086 4181 civo
1108 4119 1256 4201 upana,

471 4219 543 4302 quin
566 4221 655 4281 etiam
678 4219 734 4282 illo
755 4238 865 4284 monus
887 4240 1013 4304 operum
1034 4219 1199 4306 turbaeque
1220 4229 1389 4286 morantur.

343 4325 374 4386 in
397 4323 498 4387 altero
520 4322 677 4385 versiculo
700 4320 830 4386 lacobus
852 4325 998 4408 sipnaque
1020 4327 1165 4406 scripsit,
1196 4324 1314 4406 librum
1338 4321 1512 4401 llehdigera·

341 4447 417 4490 num
433 4435 465 4490 et
479 4435 604 4507 partem
626 4427 843 4507 inpressorum
858 4428 1087 4510 exemplarium
1103 4440 1249 4509 secutus,
1276 4423 1513 4491 llelmstadieosis

342 4533 507 4614 siquenm
535 4528 646 4598 habet,
680 4531 713 4590 in
736 4546 798 4609 quc
821 4533 947 4615 sopanus
976 4531 1068 4608 latet,
1100 4531 1185 4614 quod
1216 4543 1343 4613 praeter
1370 4533 1511 4611 inpressos
