3204 5104
387 355 477 416 lnorx
499 372 665 417 raorronrrr
688 371 873 418 aroannam
891 356 984 415 4866.
1207 339 1281 411 343

103 540 200 602 dinero
223 561 373 605 versuum
397 553 591 605 monstrante
615 542 698 605 libro
720 544 942 624 Florentino.*]
991 545 1183 624 inquorum
1207 561 1282 604 ver-

102 662 184 706 suum
213 646 424 726 explicatione
454 644 495 708 de
524 645 653 727 ignibus
682 665 760 726 quos
791 647 823 707 in
854 644 971 709 fodinis
1000 645 1218 709 accendebant
1247 657 1283 710 ut

102 763 167 807 saxa
193 747 352 810 mollirent
381 757 477 829 atque
505 767 546 810 ex
569 749 647 830 ipsis
676 750 770 810 etiam
793 767 901 812 eorum
925 750 1016 811 venis
1039 733 1164 811 melalla
1188 768 1282 810 exco-

102 859 228 928 querent
255 849 388 912 uberius
416 851 587 932 aliquando
617 851 780 932 disputare
809 853 994 932 poterimus.
1042 853 1282 933 antiquissimus

100 961 142 1014 est
160 970 226 1015 mos
249 964 281 1015 et
297 955 329 1014 in
346 954 473 1016 Hesiodi
489 955 666 1034 Theogonis
682 964 957 1017 commemoratus.
997 957 1161 1036 proximus
1176 965 1282 1017 autern

101 1055 208 1117 llaoilii
241 1075 371 1134 versus,
408 1059 627 1140 materiamque
655 1076 748 1119 maon
776 1065 860 1120 certo
888 1057 1044 1139 duplicari
1071 1066 1099 1121 ot
1127 1065 1211 1136 orte,
1249 1061 1281 1120 in

101 1161 183 1220 cuius
204 1169 381 1222 monstroso
404 1162 481 1222 vitio
504 1171 598 1242 turpe
621 1172 670 1223 est
692 1160 835 1222 Iacobum
859 1158 1081 1241 adquievisse,
1113 1181 1184 1223 oum
1207 1162 1282 1222 olim

102 1272 179 1324 certe
201 1281 351 1325 numeros
373 1273 538 1326 curassent
560 1264 615 1345 qui
632 1263 821 1345 duplicarier
844 1265 1056 1345 scripserunt,
1083 1265 1190 1345 inepta
1205 1283 1282 1326 sene

102 1367 218 1444 passiva
246 1365 339 1427 verbi
368 1364 483 1445 lomna,
517 1367 575 1430 iste
606 1367 702 1447 igitur
724 1385 837 1431 versus
866 1375 921 1429 aut
949 1365 1137 1429 abiciendus
1159 1377 1207 1430 est
1229 1377 1283 1430 aut

101 1467 325 1532 emendandus.
372 1467 576 1533 abiciendum
599 1489 685 1548 esse,
718 1481 842 1550 utpote,
875 1479 909 1532 ut
931 1470 993 1548 ait,
1024 1471 1207 1552 alchyruista
1231 1469 1283 1532 di-

101 1589 208 1650 gnum,
235 1571 387 1635 iudicavit
409 1573 568 1654 Scaliger,
593 1571 812 1652 adsensusque
835 1573 864 1635 ei
889 1581 937 1634 est
959 1573 1136 1653 Bentleius,
1169 1592 1282 1653 quam-

102 1693 190 1754 quam
216 1677 310 1739 simul
342 1677 383 1738 ita
413 1695 486 1740 oum
515 1674 686 1739 emendare
715 1677 898 1756 temptavit,
931 1677 1147 1759 materiamque
1175 1677 1282 1739 rudem

101 1795 171 1838 cara
197 1777 400 1860 duplicaverit
429 1786 513 1856 orto,
545 1779 695 1840 nimirum
724 1789 760 1840 ut
790 1780 841 1841 hic
869 1797 981 1841 versus
1011 1788 1080 1860 post
1103 1780 1282 1860 proximum

101 1880 292 1944 tmioerctur.
338 1900 451 1946 verum
475 1881 507 1944 id
530 1902 571 1944 ne
595 1883 655 1962 ipsi
672 1881 803 1962 quidem
825 1881 982 1962 placuisse
996 1880 1141 1961 videtur,
1167 1892 1198 1946 et
1213 1902 1282 1944 me-

100 1983 164 2044 rito.
210 1984 385 2046 llarklandi
408 1985 486 2047 hacc
501 1985 561 2048 luit
576 1986 772 2063 conlectura,
797 1985 1014 2066 materiamqtae
1036 2003 1146 2048 monus
1168 1993 1282 2048 certam

99 2085 251 2167 duplicare
270 2105 329 2168 per
350 2095 458 2150 ortem.
506 2107 547 2148 no
571 2087 629 2148 hoc
651 2086 781 2168 quidem
804 2089 917 2168 placet.
965 2105 1039 2149 nam
1061 2105 1125 2169 quo
1140 2090 1282 2170 apertius

100 2199 143 2250 est
170 2189 266 2252 linem
295 2191 445 2253 versiculi
477 2190 684 2272 depravatum
714 2209 782 2252 esse
811 2210 847 2252 eo
878 2191 983 2252 minus
1011 2191 1105 2253 simul
1140 2211 1211 2254 cum
1245 2211 1281 2253 eo

99 2293 189 2354 etiam
217 2302 323 2356 cetera
353 2293 503 2357 mutanda
533 2304 625 2373 sunt,
657 2293 697 2356 ad
729 2313 863 2375 quorum
894 2293 1025 2354 formam
1048 2294 1159 2356 ultima
1181 2293 1281 2356 verba

98 2395 322 2474 quodammodo
356 2396 508 2460 videntur
541 2417 610 2460 esse
643 2395 889 2460 adcommodata.
942 2396 1116 2460 omittimus
1148 2398 1280 2461 aliorum

98 2508 235 2564 conatus.
288 2498 476 2564 brattearios
505 2521 523 2562 a
551 2509 642 2582 poeta
672 2500 814 2580 intellegi
843 2508 929 2562 recte
958 2501 1068 2562 statuit
1097 2502 1281 2563 Francisous

99 2603 220 2682 lunius,
245 2603 452 2667 scribendum
476 2613 581 2668 autem
604 2621 788 2682 censemus,
817 2604 1012 2665 conservatis
1034 2614 1188 2684 quantum
1212 2605 1280 2665 lieri

100 2715 197 2785 potest
218 2705 372 2769 librorum
394 2708 520 2784 litteris,

247 2811 465 2892 materiemque
486 2829 580 2872 manu
602 2817 686 2872 carlo
708 2829 869 2872 orooroans
891 2829 1051 2873 aurursus.

180 2914 214 2974 ln
245 2912 356 2977 eodem
384 2913 466 2976 libro
489 2914 605 2976 Manilii
629 2933 658 2974 ιν
683 2914 744 2975 ilfi
767 2932 811 2975 ss.
843 2914 921 2975 haec
943 2913 1094 2994 legimuS,
1128 2913 1154 2974 si
1184 2912 1282 2975 libros

99 3015 168 3076 olim
192 3017 361 3098 impressos
383 3017 560 3096 sequimur,

249 3128 292 3182 eat
314 3119 441 3201 aequale
462 3118 549 3181 nillil.
596 3127 732 3182 terrenos
755 3120 878 3202 adspice
899 3127 1016 3183 tractus

249 3231 275 3286 et
298 3223 395 3286 moris
417 3230 446 3284 ct
466 3224 544 3286 notis
563 3223 714 3304 supientia
733 3223 863 3302 flumina
884 3223 982 3302 rt'pis:

249 3328 363 3388 crimen
385 3325 493 3407 alatque
513 3323 657 3406 frequens
680 3333 709 3388 et
729 3325 817 3388 laudi
837 3325 935 3386 noxio
956 3326 1060 3388 iuncto
1081 3332 1136 3388 est.

249 3429 293 3490 sic
314 3429 428 3491 steriles
451 3429 543 3491 terra
566 3428 653 3490 laetis
675 3430 837 3491 intervenit
859 3446 960 3491 annus

249 3551 287 3594 oc
308 3530 404 3594 subito
428 3532 542 3612 rumpit
560 3549 660 3612 parvo
683 3531 859 3596 discrimine
877 3530 979 3612 salus:

250 3643 279 3697 et
299 3633 384 3697 modo
403 3641 512 3714 portua
534 3641 603 3696 erat
620 3635 725 3717 pelopi
732 3681 739 3710 ,
765 3636 827 3696 iam
846 3633 932 3715 [orto
954 3632 1125 3714 charybdis,

250 3745 278 3800 ct
298 3741 380 3800 nunc
399 3755 457 3818 per
479 3736 631 3818 scopulos,
657 3756 739 3799 nunc
761 3755 881 3818 compos
904 3736 1018 3799 labitur
1041 3738 1151 3810 omnis,

249 3839 441 3920 calfaciens
464 3841 521 3902 iter
543 3847 598 3902 atat
618 3857 769 3920 quaerens
791 3843 891 3904 eritve
913 3840 1039 3902 ceditve.

100 3945 174 4005 mira
198 3953 272 4006 sunt
287 3943 339 4004 vel
361 3943 467 4023 potius
489 3943 596 4023 inepta
619 3961 700 4023 queo
716 3942 845 4006 lacobus
868 3944 900 4004 in
924 3943 973 4004 his
990 3940 1136 4006 versibus
1160 3942 1284 4004 molitus

100 4057 160 4108 est:
187 4065 269 4126 quae
291 4047 468 4128 praeterire
497 4047 596 4110 satius
625 4057 673 4110 est
696 4064 790 4126 quam
820 4047 950 4108 molesta
973 4045 1185 4125 disputatione
1208 4063 1284 4106 oon-

101 4148 212 4213 lutare.
258 4151 375 4230 optime
398 4159 504 4212 autem
529 4167 595 4211 rem
611 4147 845 4212 administravit
860 4149 1032 4212 Bentleius.
1081 4149 1107 4210 is
1130 4150 1162 4210 in
1185 4149 1284 4210 altero

165 4391 187 4454 *l
217 4391 314 4456 [aaran
337 4391 465 4454 flaccens
487 4405 512 4441 o.
538 4395 588 4444 ιιι
606 4404 628 4441 r.
666 4389 805 4456 quaerltur
834 4391 936 4454 argenti
963 4402 1072 4450 semen,
1104 4401 1176 4440 nuno
1201 4401 1282 4440 aurea

99 4489 180 4542 vena,
200 4477 369 4544 Torquentnr
387 4476 494 4528 tiammo
514 4476 621 4542 terrae]
