3186 5108
373 459 462 522 lrnrr
486 478 652 523 ιιιοτιοιιιιι
676 479 858 524 ateramum
877 459 971 522 tete.
1220 446 1267 518 97

94 647 165 729 quod
185 667 280 713 versu
303 652 415 731 quinto
446 651 563 730 legitur
582 643 728 735 Ἀσσησοῦ
751 651 982 731 Wesselingius
1013 652 1045 713 in
1068 649 1270 714 adnotatione

92 751 125 814 ad
144 753 286 816 Herodoti
302 753 370 814 rste
395 762 485 816 caute
509 773 572 816 nou
588 753 735 817 decernit
755 755 860 817 virine
882 774 923 817 an
945 753 1055 836 oppidi
1076 773 1194 816 nomen
1216 756 1269 816 sit.

94 854 207 918 videtur
229 867 335 920 tamen
351 856 507 938 oppidum
529 859 633 938 potius
657 857 736 920 illud
760 857 822 920 dici
847 859 880 919 in
903 858 1019 920 vicinia
1042 858 1137 921 Mileti
1162 859 1269 937 situm,

93 969 122 1020 ut
141 961 170 1022 in
192 961 293 1042 patria
315 958 432 1023 Anthei
464 979 527 1024 non
551 963 657 1024 minus
679 980 774 1042 quam
806 962 838 1022 in
867 961 939 1023 aliis
961 961 1059 1024 reltus
1090 981 1152 1024 non
1176 963 1273 1024 nullis

93 1060 185 1126 fabula
206 1064 426 1128 fluctuaverit:
459 1063 553 1126 aliter
574 1067 660 1127 enirn
683 1075 898 1127 narraverunt
918 1063 1107 1128 Aristoteles
1130 1076 1162 1127 et
1183 1067 1274 1127 llile-

91 1166 234 1230 siaearum
272 1186 380 1230 rerum
414 1169 603 1249 scriptores,
642 1167 760 1250 quibus
789 1177 824 1231 ut
853 1166 988 1230 testibus
1023 1171 1274 1231 commemoratis

92 1269 266 1333 Parthenius
302 1272 518 1335 narrationem
555 1273 596 1332 ita
633 1273 760 1352 incipit,
795 1265 850 1335 Ἐκ
879 1268 913 1334 δὲ
935 1265 1172 1358 Ἁλικαρνασσοῦ
1204 1273 1274 1343 παῖς

87 1366 195 1448 Ἀνίίτίς
217 1373 253 1438 ἐκ
275 1371 428 1460 βασιλείου
449 1373 554 1460 γένους
577 1368 737 1461 ὡμήρευσε
758 1369 841 1462 παρά
857 1372 974 1461 Φοβίιρ,
999 1371 1043 1440 ἑνί
1065 1378 1124 1439 τῶν
1148 1372 1274 1440 Νειλει-
1326 1357 1328 1364 ‚

91 1475 156 1554 διἰν,
184 1472 253 1543 τότε
279 1481 436 1562 κρατοῦντι
466 1475 634 1563 Μιλησίων.
687 1477 832 1541 obsidem
862 1477 1023 1542 Antheum
1052 1477 1093 1541 ad
1123 1479 1274 1542 Phobium

91 1589 254 1643 venturum
288 1601 359 1645 esse
388 1581 498 1663 Apollo
528 1581 702 1644 Alexandri
739 1584 786 1645 eis
821 1581 930 1645 verbis
968 1583 1160 1646 vaticinatur
1192 1603 1274 1664 quae

90 1682 185 1761 paullo
207 1684 303 1746 aliter
326 1685 514 1767 explicanda
537 1705 608 1749 esse
636 1687 837 1767 suspicamur
864 1697 958 1767 atque
982 1687 1161 1751 lleinekius
1187 1685 1272 1749 lecit.

91 1789 204 1866 putavit
236 1789 320 1850 enirn
350 1782 496 1875 ὃμηρείης
525 1781 613 1875 ὅρκια
640 1782 731 1852 πιστά
759 1789 855 1852 fidem
886 1809 955 1852 esse
985 1788 1153 1852 obsidibus
1182 1809 1277 1871 prae-

89 1888 227 1952 standam
250 1892 319 1954 sive
341 1891 489 1958 obsidum
512 1893 598 1955 iura:
633 1892 719 1956 unde
750 1893 885 1955 coniecit
913 1891 1121 1955 scribendum
1145 1892 1277 1955 fortasse

91 2011 152 2056 csse
173 1990 407 2080 ἐπιβυσάμενος.
453 1996 545 2059 nobis
567 2015 673 2078 neque
693 1998 862 2078 quicquam
886 1994 1074 2059 mutandum
1092 2015 1162 2059 esse
1184 1995 1277 2058 vide-

90 2103 265 2180 tarneque
287 2099 341 2161 illa
364 2101 584 2182 interpretatio
607 2099 793 2182 probabilis,
820 2120 893 2162 cum
913 2110 945 2162 et
968 2101 1085 2162 mirum
1103 2102 1146 2162 sit
1165 2099 1279 2163 dictio-

91 2219 156 2262 nem
180 2203 266 2265 illam
296 2193 385 2287 ὅρκια
406 2197 496 2267 πιστοί
524 2213 638 2267 ancta
661 2213 694 2266 et
715 2203 879 2266 Homerica
908 2203 1139 2284 significatione
1171 2203 1280 2266 detor-

91 2307 176 2383 queri
208 2318 241 2368 et
270 2308 376 2369 minus
402 2316 609 2388 expectemus
632 2326 705 2369 eum
728 2307 784 2388 qui
807 2307 912 2390 aliquo
933 2309 1022 2368 venit
1052 2317 1087 2370 ut
1115 2306 1210 2369 obses
1239 2309 1280 2368 sit

90 2406 146 2470 dici
178 2410 341 2491 inplorare
376 2408 471 2471 fidem
502 2429 597 2491 quam
627 2429 756 2474 servare
792 2421 824 2473 et
852 2410 1043 2491 promissum
1082 2411 1277 2491 persolvere.

91 2512 191 2593 itaque
217 2504 291 2599 ὅρκι’
316 2506 461 2598 ὃμηρείης
482 2507 556 2577 πίστ’
583 2507 807 2600 ἐπιβυσάμενος
830 2516 857 2576 is
879 2533 949 2578 esse
972 2514 1101 2577 videtur
1130 2516 1184 2595 qui
1211 2512 1280 2575 deis

90 2615 224 2680 testibus
246 2616 405 2680 advocatis
428 2619 478 2680 ius
501 2616 672 2680 iurandum
695 2616 785 2681 dedit
807 2638 842 2680 se
863 2616 1006 2680 obsidem
1031 2617 1173 2681 futurum
1195 2637 1278 2679 esse.

90 2721 186 2799 potuit
204 2722 302 2801 enirn,
328 2709 397 2782 nisi'
415 2719 565 2800 fallimur,
588 2713 677 2807 ὅρκια
694 2714 918 2806 ἐπιβυσάμενος
940 2741 977 2783 ea
1000 2723 1156 2783 sermonis
1171 2719 1305 2783 brevi-e

89 2833 149 2886 tate
171 2825 323 2904 coniungi
347 2842 409 2905 qua
433 2825 531 2887 multa
553 2824 705 2887 dixcmnt
734 2833 845 2905 poetae
869 2835 900 2887 et
923 2823 1047 2905 Graeci,
1080 2826 1190 2904 tragici
1214 2843 1282 2885 ma-

89 2927 187 3006 xime,
222 2939 254 2990 et
282 2929 396 2990 Latini.
444 2926 529 3008 quod
558 2926 677 2991 deinde
707 2927 837 2991 additur
865 2947 906 2990 ne
932 2927 1120 2989 Actaeonem
1150 2925 1282 3007 quidem

89 3030 205 3092 llelissi
242 3030 341 3092 lilium
371 3029 495 3093 Antheo
530 3031 744 3112 pulchriorem
781 3031 864 3112 lore,
903 3029 1126 3112 adgnoscimus
1162 3049 1281 3092 morem

89 3131 377 3196 Alexandrinorum
407 3144 582 3215 poetarum,
615 3136 670 3216 qui
698 3135 977 3216 comparationibus
1007 3145 1038 3196 et
1067 3135 1223 3213 exemplis
1247 3154 1282 3194 eo

89 3239 131 3299 uti
155 3237 303 3300 solebant
332 3247 368 3301 ut
389 3237 568 3301 tabularum
592 3248 623 3300 et
646 3239 850 3302 historiarum
879 3241 985 3301 minus
1008 3239 1154 3299 tritarum
1176 3238 1283 3299 varie-

90 3351 150 3403 tate
174 3343 316 3404 carmina
339 3339 577 3422 distinguerent
606 3352 702 3424 atque
733 3361 829 3424 saepe
853 3363 870 3406 a
894 3343 944 3404 via
967 3342 1058 3422 quasi
1085 3339 1284 3403 declinantes

89 3463 220 3507 amoena
250 3443 448 3507 deverticula
479 3455 673 3526 quaererent
706 3446 866 3527 simulque
903 3443 1114 3508 eruditionem
1144 3453 1284 3506 ostente-

92 3559 172 3610 rent.
228 3550 298 3610 eius
328 3547 412 3610 modi
442 3549 540 3611 multa
570 3549 767 3630 legeremus,
804 3550 865 3611 nisi
897 3549 1017 3630 elegiae
1047 3545 1284 3610 Alexandrinae

92 3663 218 3731 praeter
240 3653 372 3733 exiguas
395 3651 547 3733 quasdam
576 3653 747 3734 particulas
776 3654 966 3733 periissent:
1000 3671 1086 3714 nunc
1114 3660 1286 3713 consuetu-

92 3753 201 3818 dinem
239 3756 325 3818 illam
354 3759 572 3835 cognoscimus
607 3775 648 3818 ex
677 3757 858 3818 latinorum
894 3766 1060 3836 poetarum
1096 3755 1282 3816 imitatione.

91 3861 192 3923 veluti
208 3858 350 3922 Catullus
374 3859 406 3921 in
422 3859 638 3941 pulcherrima
655 3860 756 3940 elegia
773 3878 868 3941 quam
891 3858 931 3921 ud
949 3861 998 3921 Μ’.
1017 3857 1134 3922 Allium
1158 3858 1286 3938 scripsit

97 3961 215 4041 [licebit
237 3964 323 4025 enim
346 3963 592 4044 perversitatem
616 3963 701 4025 illam
725 3974 929 4026 contemnere
957 3983 1019 4045 qua
1048 3980 1154 4044 nuper
1181 3971 1213 4024 et
1236 3960 1287 4022 di-

92 4067 224 4128 scissum
245 4077 294 4129 est
317 4067 375 4128 hoc
396 4085 522 4128 carmen
545 4075 575 4128 et
591 4067 651 4127 alia
675 4076 795 4129 temere
816 4067 938 4129 effutita
960 4065 1043 4148 sunt)
1065 4067 1198 4146 figurata
1215 4083 1288 4125 ora-

92 4171 179 4232 tione
210 4173 310 4233 utitur
339 4180 373 4232 ut
409 4168 450 4231 ad
487 4168 636 4250 paludem
667 4170 862 4232 Pheneaeam
899 4168 940 4232 ab
972 4171 1105 4232 Hercule
1140 4171 1287 4231 siccatam

93 4271 301 4353 degrediatur
331 4291 466 4354 eamque
506 4271 643 4334 tabulam
680 4272 823 4335 breviter
854 4272 1102 4354 comprehendat.
1154 4269 1211 4333 sed
1242 4271 1287 4332 illi

93 4375 266 4439 Alexandri
290 4396 404 4438 versus
431 4375 549 4438 habent
579 4395 641 4458 quo
664 4375 842 4454 offendant,
875 4369 946 4439 οὐδὲ
970 4372 1114 4462 Μελίσσῳ
1137 4368 1289 4460 Πειρήνης

93 4473 205 4543 τοιόνδ’
232 4475 425 4567 άλφσσίβοιον
452 4471 533 4565 ίίὸυρ
556 4472 691 4563 Θηλήσαι
715 4478 808 4563 μέγαν
836 4473 913 4555 υίάν,
939 4473 993 4564 ἀφ’
1021 4469 1057 4542 οὗ
1081 4477 1158 4562 μέγα
1184 4471 1289 4562 χάρμα

95 4573 354 4670 ΚορίνβῳἜσται
369 4578 419 4647 καί
435 4582 568 4669 βριαροῖς
591 4573 686 4666 direct
702 4576 904 4666 Βακχιάδαις.
945 4603 1017 4644 nam
1034 4603 1105 4644 rum
1131 4583 1160 4642 in
1181 4579 1289 4642 codice

149 4699 268 4752 llnptl'r
283 4701 396 4754 Opureula
413 4699 441 4743 11.
1067 4703 1080 4750 't'
