3268 5108
434 369 522 430 luam
545 385 709 430 necatorem
729 385 914 429 simeram
935 366 1027 428 tabl.
1280 349 1329 424 59

134 565 189 616 aut
211 573 345 636 prorsus
367 557 550 638 absumptas
571 559 668 625 icisse
692 555 775 619 liber
798 557 1022 638 Neapolitanus
1044 553 1149 634 dicet,
1172 558 1230 636 qai
1251 556 1329 618 leae

134 669 258 721 tantum
281 660 389 740 habet,
422 663 482 724 blec
504 664 533 724 ri
550 669 619 743 post
642 662 763 744 Stpptirs
786 661 904 742 olipeid
924 658 1061 722 restabit.
1108 659 1183 722 hine
1213 658 1327 722 laetum

135 772 184 823 est
213 773 250 825 ut
278 765 361 826 elius
394 765 487 826 aliter
513 764 599 845 quod
627 764 738 827 deerat
767 765 937 827 restituere
965 772 1170 844 temptarent.
1224 763 1329 827 extitit

133 867 221 928 enim
244 869 301 947 qui
325 869 469 949 ineptum
492 868 571 930 illnd
594 869 757 930 restitnerit
776 867 879 930 andos
900 865 1072 942 scriberet;
1099 867 1183 929 alius
1204 865 1329 928 restabit

134 971 280 1048 retinuit,
306 971 363 1033 sed
378 969 504 1033 addidit
524 973 566 1034 od
579 972 681 1036 emm
702 971 785 1052 (nam
806 971 865 1032 hoc
887 972 921 1032 in
944 969 1035 1034 libris
1050 968 1242 1051 quibusdam
1265 989 1328 1034 nou

133 1075 273 1136 sinceris
295 1075 437 1156 legitur),
467 1076 565 1138 falsus
588 1076 639 1138 hic
661 1093 800 1156 qunque,
824 1093 1025 1156 comaeque
1048 1073 1169 1154 duplex
1191 1093 1328 1156 praepo-

131 1180 206 1242 sitio
229 1178 357 1240 tolerari
381 1179 607 1260 possitneque
626 1187 697 1260 port
718 1177 803 1241 idem
826 1178 878 1240 bic
893 1195 964 1240 esso
982 1187 1078 1258 atque
1097 1184 1223 1258 postem
1247 1176 1328 1240 alius

131 1283 278 1362 donique
308 1281 435 1344 restabit
457 1301 621 1361 erumnas,
660 1281 746 1364 quod
776 1283 809 1343 in
838 1281 1028 1344 benteliano
1057 1279 1163 1344 codiee
1193 1279 1326 1360 aliisque

132 1405 196 1447 non
222 1385 320 1447 nullis
350 1387 588 1466 scriptumest,
621 1387 742 1466 posuit,
775 1385 849 1448 rudi
874 1385 969 1466 plane
997 1394 1094 1466 atque
1123 1384 1247 1446 inficeto
1276 1383 1327 1445 in-

132 1499 251 1569 vento,
287 1488 345 1551 sed
375 1489 540 1552 manitasto
569 1487 719 1570 explendi
750 1489 900 1552 versiculi
933 1497 1057 1550 conatu.
1110 1488 1216 1567 itaque
1249 1487 1328 1548 artis

132 1601 304 1672 praecepta
327 1611 391 1654 non
413 1594 491 1655 satis
511 1595 635 1655 curavit
655 1592 835 1656 Pridericus
858 1591 1006 1668 lacobus,
1037 1609 1109 1654 cum
1132 1591 1208 1652 hinc
1229 1590 1327 1670 profi-

130 1696 208 1756 cisci
230 1695 484 1758 emendationem
508 1713 598 1778 posse
616 1698 801 1760 existimans
819 1696 985 1776 scripsisse
1001 1695 1199 1775 Propertium
1220 1695 1327 1775 suspi-

132 1807 263 1860 caretur
289 1800 350 1862 Nee
372 1802 401 1862 si
418 1807 487 1882 post
509 1801 631 1882 saetae
653 1800 770 1882 attqe'd
790 1807 836 1861 est
856 1797 972 1861 arbiter
993 1798 1095 1862 andos
1118 1807 1186 1874 aut,
1218 1797 1245 1857 si
1268 1797 1327 1859 hoc

131 1903 319 1983 displiceret
347 1901 388 1984 (et
410 1901 488 1964 lerri
515 1921 593 1965 sanc
621 1905 753 1966 minime
781 1901 909 1984 potest),
948 1902 1059 1983 obruit
1087 1900 1170 1964 sedet
1196 1898 1323 1962 arbiter.

132 2007 192 2067 hoc
214 2006 389 2086 posterius,
422 2005 507 2088 quod
533 2005 627 2068 valde
659 2005 838 2070 admiratur
858 2004 1099 2086 llertrbergius,
1130 2022 1189 2084 per
1211 2023 1245 2066 se
1268 2002 1326 2064 bo-

132 2127 211 2171 nnm
234 2117 283 2170 est
304 2109 502 2189 aliorumque
526 2111 678 2190 Propertii
702 2129 855 2172 versuum
884 2107 1093 2172 similitudine
1115 2106 1208 2189 quasi
1233 2105 1325 2170 blaa-

132 2211 221 2274 ditur
243 2211 382 2292 quodam
405 2213 507 2292 modo,
538 2233 649 2276 verum
673 2233 754 2292 esse,
787 2233 860 2278 cum
886 2213 918 2275 in
942 2211 1024 2274 libro
1045 2211 1216 2291 archetypo
1239 2211 1325 2274 eius-

133 2315 218 2377 modi
250 2315 331 2396 quid
358 2317 513 2397 seriptum
542 2317 641 2380 inisse
670 2317 859 2384 incredibile
887 2317 942 2396 sit,
981 2333 1045 2378 nun
1065 2323 1231 2396 wmarus,
1263 2314 1325 2376 nisi

132 2421 210 2482 artis
241 2420 373 2499 regulae
401 2439 521 2500 susque
550 2420 656 2502 deque
685 2419 851 2483 habendae
881 2429 974 2482 sunt:
1012 2418 1194 2482 Fridericus
1219 2427 1326 2494 autem

133 2523 276 2600 Peleius,
308 2523 364 2602 qui
394 2524 548 2604 Propertii
579 2525 720 2586 earmina
754 2543 825 2586 curo
861 2523 929 2585 sais
959 2522 1193 2585 commentariis
1221 2541 1327 2603 nuper

134 2625 267 2688 londini
290 2625 409 2706 edidit,
440 2626 558 2689 librum
583 2629 744 2708 vulgarem
772 2625 973 2706 solutilem,
1006 2625 1162 2690 ridietdus
1183 2637 1231 2688 est
1253 2646 1325 2690 oum

134 2731 266 2811 propius
287 2749 304 2791 a
327 2748 403 2792 vero
426 2731 484 2792 hoc
497 2729 611 2793 abesse
633 2741 734 2811 potat,
759 2733 820 2793 Nee
841 2733 871 2793 si
889 2727 961 2811 post
979 2731 1103 2812 Sirpiae
1124 2729 1236 2810 oit'qais
1257 2748 1326 2792 me-

133 2841 180 2896 net
202 2832 320 2895 arbiter
341 2833 453 2896 rados.
501 2853 568 2912 nos,
601 2853 643 2896 ne
671 2845 791 2896 temore
814 2842 949 2914 vagetur
969 2834 1167 2911 coniectura,
1199 2853 1325 2896 omnem

133 2935 326 2999 emendandi
352 2935 610 3018 probabilitatem
639 2958 680 3001 ex
707 2938 905 3019 Neapolitani
939 2935 1013 2998 libri
1041 2936 1103 2999 lide
1137 2955 1324 3018 suspensam

132 3059 202 3102 esse
224 3037 448 3102 iudicabimus.
496 3059 606 3103 verum
630 3059 714 3122 quae
736 3042 853 3122 scripta
878 3042 910 3101 in
934 3060 971 3102 ea
993 3039 1074 3102 libro
1097 3050 1183 3118 sent,
1214 3043 1326 3106 Nessi

130 3151 197 3224 port
219 3144 345 3226 Styptbr
364 3143 482 3223 atbairi
512 3143 654 3224 restabit,
694 3146 735 3206 ita
764 3155 800 3208 nt
826 3145 944 3226 scripta
972 3153 1048 3208 sunt
1079 3164 1143 3206 nou
1172 3143 1324 3208 videntur

133 3265 223 3327 posse
247 3246 390 3327 conpleri
420 3257 452 3308 et
473 3245 515 3308 ad
537 3248 652 3310 iustam
675 3249 826 3310 carminis
856 3247 986 3310 sormam
1012 3247 1157 3330 perduoi.
1204 3249 1323 3312 etenim

133 3369 235 3432 neqtm
258 3350 346 3414 aliud
363 3349 552 3413 vocabulum
575 3352 716 3434 suppetit
739 3351 825 3432 quod
841 3339 1029 3434 Propertius¹
1052 3351 1158 3432 aptius
1180 3350 1348 3416 scriberes

133 3455 273 3533 potuerit
285 3473 382 3536 qnam
396 3455 499 3516 andos
516 3473 633 3535 neque,
658 3465 693 3517 ut
707 3465 800 3518 antea
815 3454 967 3535 diximus,
991 3457 1018 3517 si
1042 3453 1167 3518 remit
1181 3455 1322 3536 scripsit,

131 3558 274 3620 omittere
300 3567 384 3620 recte
413 3559 517 3640 potuit
536 3559 644 3622 rtoebi.
692 3559 798 3639 itaque
829 3559 861 3620 in
891 3557 999 3621 codice
1027 3557 1198 3640 archetypo
1229 3567 1324 3638 puta-

134 3679 201 3722 mus
223 3661 281 3724 bas
302 3671 425 3724 tantum
449 3661 581 3740 litteras,
606 3661 731 3739 restabi,
756 3661 853 3724 lectas
876 3681 956 3742 esse,
988 3682 1027 3726 ex
1050 3661 1179 3742 quibus,
1208 3672 1244 3725 ut
1267 3681 1323 3724 ve-

132 3762 277 3826 cabulrun
306 3765 421 3828 saltem
451 3766 594 3828 Latinum
618 3775 718 3844 esset,
752 3765 869 3828 laetum
894 3775 943 3828 est
963 3765 1109 3829 restabit:
1141 3766 1323 3846 Propertius
1406 3795 1413 3809 =

133 3865 209 3946 quid
248 3868 413 3948 scripserit
448 3869 645 3932 livervinum
679 3868 986 3950 Wassenberghium
1025 3869 1211 3932 adsow
1251 3887 1322 3932 essa

134 3969 365 4050 ermdmamus,
397 3972 549 4034 nimirum
572 3972 647 4054 boc,
679 3975 741 4036 Neo
761 3973 791 4036 si
812 3981 882 4054 post
905 3974 1026 4056 Stypiaa
1048 3973 1166 4054 &quit
1193 3971 1323 4035 restabi-

134 4089 185 4135 ers
207 4092 310 4136 ramas.
359 4075 484 4156 Stygias
505 4075 609 4138 undas
639 4085 771 4138 mortem
803 4075 885 4138 dixit
907 4077 1054 4138 similiter
1075 4087 1172 4157 atque
1195 4075 1277 4140 libro
1300 4095 1322 4138 tr

135 4177 151 4234 9
173 4177 212 4237 26
237 4176 360 4240 loeutus
382 4189 441 4257 est,
473 4179 548 4241 Cum
570 4180 667 4261 eapite
689 4179 742 4242 boc
766 4179 888 4262 Stypiae
910 4181 971 4242 iam
990 4187 1172 4260 permeatur
1189 4197 1299 4260 optor.

215 4279 249 4341 ln
272 4280 324 4343 his
346 4281 443 4362 igitur
471 4279 577 4344 tribus
607 4281 802 4346 carminibus
824 4284 1040 4346 commenticia
1064 4301 1217 4346 versuum
1245 4301 1322 4344 cen-

135 4381 288 4460 plemam
311 4383 387 4446 libri
408 4385 604 4467 Neapolitani
629 4386 693 4449 lide
715 4385 953 4467 redarguimus:
989 4406 1052 4448 non
1071 4385 1190 4450 desunt
1213 4404 1322 4448 orem-

136 4484 183 4562 pla
204 4483 303 4548 udae
327 4488 361 4550 in
382 4487 495 4552 eodem
517 4487 598 4552 libro
622 4490 816 4554 mutationis.
854 4489 971 4573 accidit.
991 4489 1048 4554 boc
1072 4491 1104 4552 iu
1128 4507 1164 4553 oo
1181 4488 1321 4554 carmine
