3204 5104
401 384 487 446 lunsx
510 401 675 446 esuriem
697 400 875 444 currerem
893 384 987 444 4866.
1212 371 1285 444 317

115 571 307 634 scribendum
336 590 406 634 esse
437 590 584 635 coerrsro
613 572 645 633 ia
673 571 730 634 liae
751 573 871 634 civitate
897 604 940 618 —·
968 579 1084 653 quarite
1109 572 1237 636 solitudo
1259 582 1288 636 et

116 678 231 738 uastitas
249 676 361 757 satura
382 677 422 738 sit
443 676 472 737 si
492 673 568 736 aiiii
589 675 774 756 relinquitur
794 675 858 736 nisi
871 674 949 756 qnod
972 675 1068 737 iader
1082 693 1208 738 severus
1231 676 1286 738 el>-

114 779 236 841 soicer'it.
281 797 354 840 nam
378 797 420 840 ex
442 779 613 841 Neaarieno
641 775 722 839 libro
751 775 897 840 adfertur
918 780 1042 861 coqitate
1072 778 1168 860 idque
1192 781 1285 842 etism

112 882 158 942 elii
179 881 313 959 hebent3
339 882 393 943 elii
416 883 512 964 eoqita
534 889 577 957 te,
602 881 699 964 coqt‘ta
720 889 771 958 tu,
797 883 946 964 cautere,
971 885 1086 965 coqitet.

187 987 230 1048 Be
246 985 413 1049 benefieiis
433 1004 462 1046 ιν
478 986 553 1046 462
577 985 655 1048 haec
676 985 842 1064 leguntur,
868 987 935 1067 quis
957 1003 1027 1069 erqo
1049 988 1286 1048 emerecersiam

108 1087 202 1168 fecere
229 1087 351 1152 eademt
379 1107 421 1150 ea
449 1094 572 1170 qromm
599 1105 664 1150 esse
685 1087 840 1151 ammaim
869 1090 931 1150 sit?
958 1090 1024 1169 qais
1050 1107 1110 1151 aaa
1133 1090 1286 1173 iaqratum

111 1195 260 1256 deluatur
282 1192 447 1268 damiam,
472 1191 531 1254 sibi
552 1193 612 1272 ipsi
633 1191 791 1254 inutilem?
813 1191 885 1272 qaid
899 1195 1022 1254 aetem?
1044 1211 1111 1254 urm
1133 1192 1189 1254 toiri
1209 1212 1287 1254 aar·

111 1303 192 1358 ratur
212 1295 363 1358 adversus
386 1313 505 1358 summa
526 1293 666 1376 beneficia
687 1295 779 1356 amici
799 1296 850 1356 sai
871 1297 1010 1377 iuqrotas
1033 1313 1114 1376 esse,
1144 1295 1287 1378 qumodo

112 1399 281 1480 idfecerit?
311 1405 414 1460 utrum
442 1406 597 1478 tamqoram
625 1415 691 1459 rem
718 1405 836 1478 turpem
855 1397 963 1479 fecerit
982 1417 1025 1459 aa
1047 1405 1199 1480 tamquam
1222 1416 1286 1460 rem
1354 1409 1356 1416 ’

111 1503 202 1565 sutilem
224 1501 283 1564 sibi
304 1510 332 1564 et
350 1501 549 1583 profuturam
571 1501 837 1582 miseriorem,
862 1518 991 1581 rteqaam
1008 1500 1155 1563 homiaem
1177 1502 1287 1563 coristi-

110 1623 183 1680 mas,
213 1607 265 1668 eui
282 1623 400 1687 poeria,
428 1623 489 1666 aaa
512 1605 563 1666 cai
582 1611 723 1666 curatore
750 1622 826 1685 opas
853 1605 904 1665 sit.
950 1603 1029 1684 qaod
1056 1622 1116 1666 eoa
1138 1603 1288 1666 accideret

110 1711 164 1770 risi
182 1716 305 1791 qratiam
333 1725 398 1770 esse
421 1725 481 1788 per
507 1724 539 1768 se
566 1706 767 1788 metendam
789 1706 1000 1786 amiestumqae
1022 1715 1108 1768 esset.
1156 1724 1287 1786 prorsus

108 1811 272 1875 absurdum
297 1821 347 1872 est
367 1810 510 1892 quemodo
527 1809 557 1871 id
569 1808 687 1890 feeerit.
734 1810 901 1872 Pincianus
923 1807 1130 1872 scribendum
1152 1809 1287 1871 coniecit

109 1915 242 1995 quomoda
271 1914 303 1976 id
327 1912 428 1995 seres,
465 1912 570 1994 paullo
597 1913 782 1976 concinnius
810 1913 935 1994 Lipsius
969 1911 1111 1994 quomodo
1140 1911 1172 1974 id
1197 1911 1284 1993 fers:

109 2018 246 2096 sequitur
261 2015 346 2078 enirn
363 2016 523 2078 eristimas
547 2025 579 2078 et
600 2014 760 2077 antecedit
777 2023 941 2077 narratur.
988 2014 1046 2078 sed
1068 2034 1109 2077 ne
1134 2015 1190 2076 hoc
1213 2015 1286 2095 qni-

107 2117 175 2180 dem
202 2121 355 2182 Senecam
385 2119 551 2200 scripsisse
580 2137 616 2180 es
644 2117 760 2180 decent
787 2137 868 2198 quae
898 2120 1003 2180 stetim
1031 2116 1205 2180 adduntur.
1252 2117 1284 2178 in

108 2222 270 2284 Neaerieno
293 2221 375 2284 libro
398 2223 552 2303 scripturn
574 2232 643 2283 eret
665 2220 697 2283 id
715 2220 840 2302 feceris,
873 2239 912 2282 cx
935 2240 997 2302 quo
1020 2220 1080 2282 alia
1103 2239 1215 2283 manus
1237 2218 1286 2281 ei-

106 2325 191 2386 tinxit
221 2325 252 2386 id
277 2325 395 2407 feeerit.
449 2335 596 2405 putamus
625 2323 657 2385 id
682 2323 793 2406 seceris
823 2325 994 2386 mutatione
1023 2342 1086 2385 non
1115 2323 1213 2385 nimia
1243 2324 1285 2384 ite

105 2427 333 2490 emendandum
350 2447 419 2489 esse
434 2437 470 2489 nt
484 2425 643 2489 scribetur
658 2425 800 2508 qumodo
817 2429 985 2489 lassemur
1007 2445 1081 2488 nam
1097 2424 1285 2506 indignandi

104 2531 153 2592 vel
175 2530 331 2594 irascendi
354 2529 488 2592 verbum
512 2529 698 2610 requiritur.

185 2635 228 2696 Dc
251 2633 415 2696 benefieiis
439 2652 480 2694 vu
505 2633 543 2695 ll
568 2634 587 2693 6
611 2634 732 2694 Seneca
761 2630 955 2694 demonstret
985 2633 1017 2694 in
1046 2650 1083 2692 ea
1105 2632 1160 2712 qui
1184 2631 1286 2694 bene·

106 2737 205 2799 licium
227 2737 349 2818 accepit
371 2735 450 2797 nihil
473 2736 609 2816 emplius
631 2733 880 2798 desiderandum
902 2753 972 2797 esse
995 2743 1124 2814 praeter
1144 2735 1285 2796 animum

104 2839 351 2920 referendeeque
385 2839 505 2920 gratiae
534 2838 739 2901 voluntatem.
792 2846 858 2900 tum
888 2838 966 2899 hece
994 2837 1089 2917 vulgo
1121 2836 1283 2917 leguntur,

106 2943 179 3006 ‘dic'
209 2944 308 3024 iuquit
339 2942 429 3004 ‘milti
455 2943 484 3005 si
504 2941 674 3004 reddidisse
696 2940 866 3021 beneficiam
889 2939 1130 3014 elimosinam,
1162 2940 1192 3002 si
1209 2959 1285 3022 qra-

102 3048 172 3108 tiam
192 3047 357 3110 rotmtuse.
404 3045 504 3108 eodem
526 3063 596 3128 erqo
618 3045 680 3108 ioco
703 3045 822 3126 estqui
849 3043 981 3106 reddidit
1001 3049 1028 3104 et
1057 3043 1111 3124 qai
1131 3061 1190 3103 aaa
1212 3041 1286 3104 red·

102 3149 197 3212 didit.‘
249 3157 356 3211 cetura
384 3167 466 3210 nanc
493 3148 570 3211 ittae
590 3165 685 3230 pone:
716 3147 745 3208 si
771 3145 879 3209 obiitus
908 3153 985 3209 esset
1005 3147 1121 3227 accepti
1141 3144 1280 3225 bmeficii,

101 3254 129 3314 si
149 3271 185 3315 ae
207 3259 381 3333 temptasset
401 3251 519 3332 quidem
540 3258 649 3334 qratus
671 3267 751 3324 esse,
775 3267 904 3331 seqares
926 3249 1012 3311 illam
1032 3249 1166 3332 qratiam
1187 3255 1285 3310 rettu-

101 3355 178 3418 tisse.
234 3356 340 3435 priora
371 3354 511 3435 intellegi
541 3363 722 3434 nequeunt,
754 3370 860 3432 neque
890 3351 987 3414 multo
1015 3351 1115 3431 magis
1144 3351 1283 3431 intellegi

101 3467 230 3538 possunt
260 3458 448 3522 mutationes
476 3475 558 3538 quae
587 3473 693 3536 nuper
720 3455 882 3518 institutae
912 3463 996 3517 sunt.
1052 3455 1084 3516 in
1113 3453 1284 3516 Nezerieno

101 3560 178 3623 libro
208 3562 240 3623 si
266 3559 344 3622 illud
366 3581 429 3622 non
453 3561 605 3641 scriptum
629 3567 698 3621 eret
724 3557 809 3638 quod
839 3557 954 3637 reliqui
977 3567 1049 3620 ento
1070 3557 1205 3640 qratiam
1228 3557 1285 3618 he-

100 3661 186 3726 bent.
226 3662 333 3726 addita
348 3663 465 3726 deinde
482 3680 545 3726 une
559 3662 664 3723 littera
680 3661 784 3722 omniu
806 3661 910 3723 senari
928 3658 1077 3722 videntur
1099 3659 1158 3720 hoc
1180 3657 1281 3734 modo,

102 3767 179 3829 ‘dic’
198 3767 294 3847 inquit
318 3767 425 3828 ‘mide
449 3771 479 3830 si
492 3783 679 3828 ernnrnrssnr
694 3762 881 3845 beneficum,
906 3762 1022 3826 diceres
1046 3762 1131 3825 illum
1151 3763 1284 3845 qratiam

100 3870 267 3932 rettulisse:
292 3869 392 3932 codem
414 3887 485 3952 erqo
508 3869 569 3932 loco
592 3869 710 3949 estqui
731 3866 864 3928 reddidit
884 3873 912 3928 et
934 3867 986 3947 qui
1005 3885 1066 3928 aaa
1089 3865 1231 3928 reddidit.

183 3971 303 4034 Eodem
325 3970 408 4034 libro
429 3991 498 4053 cap.
526 3972 564 4032 l9
587 3971 607 4030 8
636 3969 713 4034 haee
740 3968 808 4030 iere
830 3969 903 4030 olim
927 3966 1131 4048 legebantur,
1162 3968 1192 4029 si
1212 3985 1284 4030 vero

98 4073 399 4158 sesquivicesimam
421 4094 482 4138 aaa
503 4081 620 4138 mamm
641 4072 766 4156 qaudam
790 4071 845 4134 sed
863 4073 1017 4153 pascitur,
1042 4070 1096 4133 sed
1117 4077 1145 4132 et
1166 4071 1285 4152 suppti-

98 4182 150 4242 ciis
179 4178 313 4240 omnium
341 4185 474 4242 aetatum
503 4176 711 4240 credelitatem
737 4173 939 4238 insatiabilem
968 4178 1105 4248 exercet,
1138 4191 1192 4236 nee
1221 4173 1281 4252 ira,

97 4284 147 4346 sed
176 4281 323 4345 aviditate
348 4279 481 4362 wedam
509 4279 667 4342 saeviendi
689 4279 785 4360 sarit,
821 4279 851 4342 si
879 4281 911 4340 in
940 4295 992 4338 ore
1016 4283 1181 4357 pareatum
1205 4275 1284 4356 filios

99 4386 233 4470 inquiat,
264 4386 294 4447 si
313 4403 374 4446 aaa
395 4389 548 4448 caecatas
571 4383 702 4464 simplici
721 4389 816 4444 morte
837 4381 1002 4462 distorquet
1026 4397 1080 4440 aec
1102 4379 1166 4440 avit
1187 4379 1284 4440 solam

94 4491 264 4568 pertmros,
296 4487 350 4550 sed
377 4488 533 4568 eoecoquit,
565 4487 594 4548 si
622 4504 676 4548 ars
705 4487 770 4548 eius
798 4491 843 4548 est
863 4503 956 4546 curor
983 4491 1011 4546 ct
1032 4500 1150 4563 semper
1174 4481 1286 4542 recenti
