3186 5108
375 411 464 475 imm
487 430 653 476 ιιοτιοννιι
676 431 859 476 atturniam
877 410 971 473 4858.
1201 394 1271 468 147

206 591 286 689 ἦρα
307 597 340 666 τὸ
364 598 416 665 καὶ
439 597 630 688 Κένταυρυνς
659 595 695 667 “d
720 626 771 687 μοι
792 581 985 688 πεπρυρίνος
1007 591 1096 672 ὕπνος

282 697 395 790 ἦλθεν·
420 697 437 769 ὃ
462 701 496 768 δὲ
517 697 639 789 τλήμων
662 702 742 779 οἶνος
763 703 831 791 ἔχει
851 699 1034 792 πρόρασιν.”

92 807 250 888 inquibus
273 808 421 872 versibus
445 809 595 872 Centauri
620 813 737 872 mentio
761 809 794 872 lit
815 818 949 891 propter
971 809 1136 870 Homerica
1164 805 1216 867 illa
1241 807 1272 866 in

91 909 217 992 Odyssea
240 932 287 974 ιιι
311 913 392 991 295,
422 908 501 984 οἶνος
531 908 583 976 καὶ
606 907 776 998 Κένταυρον
805 906 974 996 ἀγακλυτὸν
997 906 1173 998 Εὐρυτίωνα
1203 899 1268 972 duo’

91 1011 129 1076 tt
149 1011 266 1102 μεγάρῳ
290 1009 468 1100 μεγαθύμου
492 1009 678 1100 Πειριθόοιο,
703 1016 790 1078 unde
814 1016 987 1078 Nicarchus
1009 1016 1097 1078 anth.
1124 1015 1187 1076 Pal.
1206 1013 1267 1075 xil

91 1118 225 1182 similiter
248 1121 376 1202 repetiit
399 1115 478 1190 οἶνος
500 1115 553 1182 καὶ
568 1113 740 1205 Κένταυρον
764 1113 930 1184 ἀπώλεσεν.
971 1120 1067 1183 huius
1089 1119 1187 1198 igitur
1204 1117 1276 1197 cpi-

92 1224 261 1300 grammatis
282 1225 492 1285 imitationem
517 1223 656 1285 inveniri
687 1225 720 1286 in
744 1225 885 1287 carmine
909 1221 994 1305 quod
1018 1223 1104 1285 inter
1126 1220 1275 1282 catalecta

92 1325 256 1406 Vergiliana
289 1314 445 1410 quartum¹
476 1324 636 1390 decimum
659 1335 707 1390 est
737 1329 860 1409 primns
890 1336 1044 1408 quantum
1071 1326 1192 1388 scimus
1213 1324 1301 1386 Do-tt

92 1426 197 1491 bracus
211 1428 439 1492 animadvertit
454 1428 583 1492 advers.
608 1440 631 1492 t.
649 1450 672 1492 ιι
688 1451 721 1512 ρ.
737 1433 767 1492 9.
799 1430 1028 1511 adscripsimus
1044 1429 1189 1490 Latinum
1205 1427 1276 1508 epi-

91 1550 219 1610 gramma
245 1533 339 1614 quale
369 1551 387 1595 a
416 1542 509 1614 poeta
537 1534 716 1615 proiectum
744 1554 814 1596 esse
845 1543 1011 1615 putamus:
1045 1551 1118 1593 nam
1148 1534 1180 1593 in
1205 1531 1277 1592 vul-

92 1637 162 1714 gatis
182 1635 422 1718 exernplaribus
444 1635 743 1718 depravatissimum
767 1648 826 1700 est.

208 1742 285 1816 (tuis
305 1740 393 1816 deus,
420 1741 537 1816 Octavi,
562 1749 590 1803 lc
611 1739 698 1803 nobis
720 1739 868 1803 obstulit?
889 1759 932 1802 oo
954 1758 1031 1822 quoe

286 1843 401 1920 ditm,
427 1863 458 1921 a,
483 1846 576 1906 mittio
595 1843 708 1926 ponito
729 1843 822 1906 ducta
842 1846 950 1906 utero?

214 1945 389 2024 ‘traducum
414 1949 444 2010 si
465 1955 509 2010 cst
531 1947 633 2029 culpo,
658 1947 727 2010 bibi.
774 1965 835 2009 sun
856 1965 1001 2028 quemque
1023 1953 1167 2010 sectatur

284 2049 374 2131 sato:
398 2050 472 2132 quid
494 2051 638 2116 rirtmcriti
658 2053 773 2113 crimea
795 2050 906 2112 bobert
927 2049 1058 2130 cyntlrit’

211 2155 327 2234 scripto
349 2154 469 2235 quidun
491 2162 546 2217 tuo
565 2172 621 2216 ons
643 2155 772 2218 nuttam
794 2153 978 2216 mirabimur
1000 2161 1027 2216 ct
1049 2161 1077 2216 tc

288 2265 413 2340 ruptum
435 2265 464 2319 ct
484 2259 652 2346 itomanam
672 2256 811 2338 flebimus
833 2257 1011 2320 hasteriam:

210 2360 264 2424 scd
285 2367 320 2424 tu
341 2362 446 2424 nullus
469 2362 543 2423 cris.
588 2361 732 2442 perversi
752 2361 842 2424 dicite
862 2379 979 2440 monce,

287 2463 369 2528 bunc
390 2481 550 2548 superasse
569 2465 658 2546 putri
678 2477 756 2546 quoe
774 2463 837 2546 suit
858 2463 999 2527 invidio?

93 2567 122 2628 in
149 2569 239 2632 tertio
261 2585 360 2632 versu
388 2567 465 2630 boni
494 2567 570 2630 libri
600 2567 719 2630 habent
747 2567 900 2630 vacuorum
927 2569 958 2630 si
983 2574 1029 2630 cst
1055 2564 1203 2648 culpabili
1229 2565 1282 2628 val

92 2669 247 2752 clipeiue,
278 2671 425 2734 homines
451 2680 558 2733 antem
580 2669 664 2733 docti
687 2671 769 2732 nihil
791 2671 878 2752 quod
907 2671 1036 2752 pmbari
1060 2671 1159 2752 possit
1181 2671 1282 2732 extri-

92 2785 211 2854 carunt,
239 2774 299 2838 sed
323 2775 421 2838 multa
443 2785 565 2837 temere
588 2785 622 2838 et
643 2775 760 2856 partim
784 2775 893 2855 inepte
915 2774 1130 2855 protulerunt.
1177 2772 1280 2852 nobis,

92 2888 249 2960 postquam
284 2889 464 2960 comparato
499 2877 681 2940 Callimachi
719 2887 863 2960 poemate
897 2877 1115 2940 intelleximus
1147 2877 1282 2939 alterum

92 2979 242 3046 distichon
257 2981 388 3046 Octavio
410 2980 621 3044 tribuendum
644 2999 727 3060 esse,
753 2979 845 3044 iaoile
869 2979 927 3042 luit
950 2981 1046 3044 unius
1069 2980 1194 3042 litterae
1211 2997 1283 3041 rnu-

92 3085 201 3148 unone
225 3086 256 3148 id
272 3085 358 3167 quod
374 3105 486 3150 verum
511 3095 560 3148 est
583 3085 765 3148 restituere.
805 3086 950 3165 proximo
967 3101 1064 3146 versu
1084 3083 1158 3164 quid
1180 3081 1284 3145 bonus

93 3197 121 3248 et
141 3190 290 3270 antiquus
312 3187 396 3252 liber
423 3205 487 3269 qua
513 3190 635 3252 utimur
663 3187 830 3270 praebuit:
865 3188 897 3249 in
926 3188 1090 3268 plerisque
1120 3186 1284 3268 exempla-

95 3290 179 3354 ribus
193 3291 270 3373 quod
293 3293 447 3372 scriptum
470 3301 530 3354 est.
571 3294 602 3354 in
626 3293 726 3354 altero
748 3292 900 3353 carminis
921 3309 1020 3354 versu
1043 3289 1135 3352 ducto
1156 3309 1174 3352 a
1192 3290 1285 3353 Nico-

94 3392 136 3454 lao
166 3395 291 3458 Heinsio
320 3397 465 3477 accipere
497 3413 559 3456 non
591 3393 825 3458 dubitavimus:
864 3393 1031 3474 legebatur
1064 3402 1157 3456 antea
1187 3393 1280 3456 duro.

94 3497 214 3578 elegans
236 3499 313 3562 satis
336 3500 515 3580 poematica
539 3499 617 3578 quin
639 3499 770 3579 Vergilii
794 3515 865 3560 esse
888 3497 1057 3560 cudamus
1079 3497 1167 3560 nulla
1190 3515 1283 3559 causa

93 3611 154 3680 cst,
187 3612 217 3664 et
245 3612 350 3684 potest
373 3602 523 3664 Octavius
552 3621 648 3682 quem
672 3611 831 3664 mortuum
853 3600 951 3663 deflet
980 3599 1065 3662 idam
1091 3619 1162 3664 esse
1186 3619 1281 3681 quem

95 3703 232 3766 lloratius
255 3707 288 3768 in
311 3724 494 3768 sermonum
517 3723 526 3766 ι
552 3705 590 3765 tu
615 3705 657 3768 82
679 3705 775 3768 simul
794 3723 867 3766 cum
882 3705 1021 3785 Vergilio
1042 3705 1178 3784 aliisque
1200 3705 1282 3766 ami-

93 3809 134 3868 cis
155 3817 386 3888 commemorat,
412 3827 494 3889 quae
517 3809 601 3870 Petri
618 3809 748 3872 Victorii
772 3807 832 3871 luit
854 3809 961 3889 opinio
984 3809 1225 3871 varicottim
1247 3807 1278 3886 7,

93 3921 142 3971 ουν
165 3911 295 3976 tortasse
312 3913 396 3978 lilius
419 3913 498 3976 eius.
539 3911 596 3974 sed
620 3911 699 3974 haee
721 3931 775 3974 res
797 3931 868 3974 cum
891 3911 1024 3973 aliarum
1044 3929 1150 3972 rerum
1168 3910 1282 3993 dispu-

95 4017 206 4076 tatione
228 4017 391 4078 coniunota
416 4024 475 4093 cst,
501 4033 596 4096 quam
620 4016 651 4076 in
675 4013 763 4078 aliud
785 4025 913 4095 tempus
935 4033 1147 4078 reservamus.
