3204 5104
404 395 493 456 lanus
515 413 682 456 uscrrosru
706 413 890 458 uruuasnvu
908 394 1002 457 tatt.
1223 381 1296 454 367

111 592 146 644 ut
168 583 286 646 habent
301 582 373 646 Aldi
390 584 536 664 luniique
560 583 765 664 exemplaria.
812 593 898 646 certa
922 583 1100 647 emendatio
1119 585 1173 646 vix
1196 595 1299 665 potest

112 687 266 749 inveniri:
303 707 366 750 non
401 690 545 768 ineptum
579 696 664 750 esset
696 687 787 768 quusi
818 685 993 749 advenienti
1023 687 1125 749 morbo
1158 707 1297 750 usntouu

110 807 223 852 rrum.
272 793 315 852 To
344 798 424 852 rorte
452 798 506 852 aot
536 790 681 852 laruatus
710 796 764 850 out
792 791 923 852 cerritus
945 809 987 852 er.
1035 789 1183 854 breviore
1205 791 1297 853 verbi

110 893 318 973 explicatione
330 902 466 956 utuntur
477 893 648 974 Porpliyrio
661 893 778 954 llmatii
796 893 957 974 interpres
973 903 1004 954 ot
1017 894 1129 957 Paulus
1140 915 1172 976 p.
1188 895 1227 956 tt
1242 897 1295 974 tt,

109 1001 256 1074 certatus,
284 996 436 1078 fumeus.
484 996 672 1058 Philoxenus
701 997 757 1076 qui
788 995 905 1058 dieitur
932 999 1063 1060 cerritus
1084 993 1296 1084 παριμμανής,

109 1097 380 1185 παρε“μφάρακτοςε
400 1100 440 1162 de
457 1119 520 1180 quo
532 1100 703 1162 Salmasius
715 1098 796 1162 dixit
812 1102 845 1160 in
857 1101 980 1180 l'opisoi
994 1103 1147 1164 Bonosum
1160 1121 1229 1183 oap.
1242 1104 1294 1164 ll.

109 1205 295 1280 glossarium
318 1224 336 1265 a
358 1203 496 1266 llerndio
519 1205 552 1264 in
574 1203 734 1265 Welokeri
764 1212 796 1266 et
817 1203 927 1266 Naokii
950 1205 1054 1267 lluseo
1084 1215 1108 1266 t.
1133 1225 1153 1268 v
1176 1206 1296 1269 editum

112 1305 214 1386 {ouius
241 1307 385 1388 glossarii
415 1307 585 1388 particulas
615 1307 647 1368 in
671 1307 831 1370 Welokeri
858 1317 890 1368 et
912 1308 1074 1371 llitsohelii
1098 1311 1202 1372 llusoo
1225 1321 1248 1371 t.
1274 1330 1296 1373 u

108 1429 139 1490 p.
174 1413 236 1472 639
266 1421 515 1474 conmemoratas
548 1410 745 1492 Guelferbyti
779 1429 883 1492 nuper
916 1411 1033 1474 lrustra
1067 1415 1292 1498 quaesivimus)

106 1509 323 1600 παρεμμανής,
362 1512 672 1600 παρακειακωμένος,
707 1513 908 1590 subinserens,
944 1517 1090 1592 cortilus,
1126 1520 1294 1580 mrrt'osus.

106 1619 163 1680 uhi
187 1621 344 1682 corriosos
367 1619 576 1700 depravatum
592 1629 639 1680 est
654 1636 758 1698 neque
776 1617 911 1698 quadrat
927 1620 1076 1681 cariosos.
1116 1620 1296 1700 quadraret!

103 1723 263 1802 furiosus:
288 1723 347 1784 sed
362 1724 561 1802 suspicamur
574 1723 679 1803 potius
694 1720 900 1784 scribendum
916 1741 986 1784 esse
1002 1741 1170 1786 cererosus.
1210 1735 1295 1787 oerte
1308 1743 1338 1788 to

108 1829 139 1888 in
165 1827 275 1908 Cyrilli
304 1826 416 1906 glossis
442 1826 560 1906 legitur
582 1818 838 1910 δημητριόληπτος
861 1843 1030 1887 cererosus.
1078 1825 1122 1886 ibi
1146 1823 1298 1912 δημητρὸ-

107 1933 218 2014 ληπτος
241 1931 347 2011 potius
368 1927 575 1991 scribendum
598 1939 661 2008 est,
687 1927 952 2010 quemadmodum
973 1927 1058 2009 apud
1083 1930 1240 1993 llermiam
1264 1931 1296 1992 in

109 2035 246 2096 Platonis
262 2032 438 2095 Phaedrum
455 2054 487 2114 p.
508 2033 568 2094 l05
593 2032 726 2112 legimus
749 2027 807 2094 εἰσὶ
830 2028 863 2094 δὲ
884 2027 936 2094 καὶ
957 2026 1143 2115 πανόληπτοι
1163 2029 1215 2096 aul
1237 2056 1297 2118 μη-

105 2133 267 2222 τρόληπτοι
294 2131 345 2199 καὶ
373 2133 614 2222 κορυβαντισμοί.
661 2133 875 2197 memorabilis
903 2145 951 2196 est
978 2145 1084 2197 autem
1114 2137 1165 2198 illa
1189 2139 1296 2219 Cyrilli

107 2243 229 2321 glossa:
263 2259 335 2302 nam
358 2241 496 2302 oererosi
518 2237 726 2318 vocabulum,
758 2238 799 2299 de
823 2257 886 2319 quo
909 2238 1004 2318 laiso,
1037 2248 1074 2300 ut
1095 2239 1213 2302 Graeca
1236 2261 1295 2304 vox

105 2345 217 2423 docet,
255 2343 385 2424 quidam
419 2344 462 2406 ita
496 2342 684 2406 dubitarunt
716 2352 752 2404 ut
785 2340 928 2403 seribere
957 2341 1077 2404 vellent
1107 2343 1294 2420 cerebrosus,

105 2447 246 2510 ostendit
274 2449 464 2508 marituma
489 2447 605 2508 Cerere
635 2444 807 2507 deductum
836 2464 905 2506 esse
936 2463 998 2506 nou
1022 2449 1296 2526 grammaticorum

105 2561 231 2613 tantum
254 2551 420 2632 opinione,
452 2548 508 2612 sod
537 2551 640 2630 ipsum
662 2549 778 2629 vulgus
800 2549 932 2611 cerritos
954 2567 972 2610 a
996 2547 1112 2612 Cerere
1136 2552 1298 2630 perculsos

105 2665 247 2736 putasse.
301 2652 386 2734 quod
419 2651 575 2734 quomodo
609 2651 834 2732 explicandum
867 2653 908 2713 sit
942 2653 1047 2714 minus
1081 2671 1137 2714 nos
1166 2653 1297 2733 quidem

104 2760 226 2820 seimus
249 2775 342 2837 quam
366 2755 496 2837 quidam
519 2755 705 2837 mythologi‚
731 2755 787 2835 qui
809 2757 913 2816 omnia
936 2757 1057 2833 sciunt,
1082 2751 1135 2818 sal
1157 2749 1198 2826 ὡς
1222 2753 1297 2829 Ζεὺς

103 2855 233 2947 ‹irai-fell
245 2852 357 2946 Ἥραν.
383 2879 456 2922 nam
468 2879 509 2922 ne
522 2861 568 2921 eis
581 2859 711 2940 quidem
723 2877 805 2940 quae
817 2856 992 2920 Lobeokius
1002 2857 1154 2939 Aglaoph.
1188 2878 1220 2939 p.
1233 2861 1290 2923 stt

103 2965 297 3046 significavit
319 2973 386 3026 tuto
408 2964 454 3025 uti
470 2981 652 3044 possumus,
678 2961 935 3044 quandoquidem
952 2979 1034 3042 quae
1050 2960 1090 3023 ad
1106 2962 1296 3024 Graecorum

103 3067 255 3154 Δήμητρα
276 3068 440 3149 pertinent
461 3066 548 3129 nullo
572 3067 641 3127 iuro
663 3066 768 3127 omnia
790 3063 831 3126 ad
854 3065 1001 3127 Cererem
1024 3065 1272 3128 transferuntur.

193 3173 312 3234 Verum
336 3169 535 3232 redeundum
564 3169 691 3231 tandem
714 3167 824 3230 estad
848 3168 1043 3230 Ciceronem.
1091 3169 1123 3229 in
1146 3168 1297 3248 pulcher-

104 3279 188 3338 rimo
218 3276 315 3355 igitur
344 3273 419 3334 libri
449 3272 490 3335 de
514 3271 631 3334 linibus
653 3291 673 3332 v
696 3272 856 3352 prooemio
879 3272 947 3332 l’iso
968 3269 1158 3333 Academiae
1180 3270 1297 3334 nobili-

102 3382 180 3444 tatis
203 3379 315 3460 spatiis
336 3376 516 3439 admonitus
538 3375 579 3438 de
593 3377 625 3436 vi
643 3374 783 3455 loquitur
804 3393 900 3455 quam
923 3374 989 3436 loca
1005 3373 1142 3438 habeant
1164 3374 1205 3436 ad
1228 3393 1296 3438 mo-

103 3485 239 3546 moriam
263 3481 419 3543 olarorum
434 3481 575 3542 virorum
598 3478 761 3540 inanimis
777 3477 997 3540 revocandam.
1037 3487 1188 3540 secuntur
1205 3477 1293 3558 haee,

102 3597 169 3651 tum
194 3587 325 3661 Quintus
352 3586 414 3646 ‘est
431 3585 541 3665 plone,
576 3584 655 3655 Piso,
688 3589 722 3643 ut
749 3581 839 3643 dioir’
864 3583 971 3662 iuquit.
1021 3581 1107 3642 ‘eom
1128 3599 1175 3642 me
1197 3583 1296 3662 ipsum

100 3691 163 3752 lato
186 3689 272 3751 modo
293 3689 459 3750 venientem
480 3684 669 3748 convertebat
690 3684 732 3746 od
753 3701 817 3746 sese
841 3685 985 3747 Coloneus
1008 3683 1057 3746 tlte
1079 3683 1179 3761 loma,
1208 3685 1295 3746 ouius

101 3795 208 3858 incolo
230 3791 387 3873 Sophocles
417 3790 452 3852 ob
482 3789 582 3852 oculos
611 3787 807 3862 vorabatur,
841 3805 927 3870 ouem
949 3789 1009 3850 scas
1037 3805 1128 3870 parom
1158 3787 1295 3850 admirer

101 3914 256 3981 mamque
277 3913 310 3956 eo
331 3893 469 3956 delecter.
516 3911 562 3954 me
583 3891 703 3973 widem
725 3892 766 3953 od
782 3891 921 3954 altiorem
943 3892 1118 3952 maneriam
1134 3891 1294 3973 Oedipodis

100 4003 164 4064 luo
186 3999 333 4062 venientis
362 3997 462 4059 atillo
484 3995 658 4058 mollissimo
679 3997 815 4057 coruum
841 4013 990 4076 pauonum
1012 4001 1111 4056 orent
1130 3993 1204 4056 ltoeo
1227 3997 1295 4076 ipso

100 4107 173 4166 loco
201 4101 383 4182 requirentis
413 4101 525 4181 species
552 4098 700 4180 quaedam
729 4101 890 4175 ooomovt't,
920 4099 1053 4159 inaniter
1081 4098 1210 4174 aalma,
1242 4098 1295 4160 sed

100 4207 256 4270 roomooit
278 4204 399 4266 tameo)
436 4201 606 4283 adsoripsit
621 4201 796 4282 Madvigius
822 4201 984 4263 ‘Coloneus
1007 4201 1057 4262 illo
1079 4201 1173 4264 tomo.
1213 4202 1294 4263 mire

101 4311 228 4374 dietum
244 4307 373 4370 videtur
395 4316 426 4368 et
448 4315 502 4368 aut
519 4305 647 4368 Coloous
662 4306 713 4368 itte
730 4304 912 4386 ponendum
929 4303 1044 4382 luisse,
1070 4302 1156 4384 quod
1170 4305 1295 4366 Bromio

102 4417 138 4476 in
165 4421 306 4474 mentem
329 4411 433 4488 venit,
465 4418 537 4487 aut,
562 4409 589 4470 si
612 4427 725 4471 nomen
748 4408 976 4489 appellativum
998 4407 1118 4470 addere
1140 4407 1291 4488 placeret,

101 4518 161 4581 tali
192 4513 347 4578 utendum
377 4513 475 4576 luisse
499 4513 531 4573 iu
555 4531 617 4592 quo
640 4506 818 4592 proprietas
846 4511 952 4592 aliqua
980 4519 1160 4590 notaretur,
1191 4509 1291 4590 ielut,
