3268 5108
314 371 360 442 14
428 387 526 447 Sicu
548 404 766 448 murmanus
787 401 977 448 ttrrmuts
999 389 1176 448 Farnmrmr
1197 388 1381 450 Grumun.

309 575 431 636 litatem
454 585 486 636 et
509 573 647 636 laudem.
687 593 769 654 quae
790 575 896 636 omnia
919 573 995 636 dum
1018 575 1092 638 laeti
1113 579 1331 656 agnoscimus,
1356 595 1420 638 non
1443 595 1506 658 pu-

309 687 414 739 tamus
434 687 541 738 tamen
564 696 634 737 esse
651 675 852 738 infitiandum
873 677 915 738 ab
938 677 1001 738 illis
1022 679 1161 758 egregiis
1183 681 1386 760 egregiorum
1402 681 1507 742 bomi-

281 791 386 842 snnm
408 780 550 842 consiliis
571 789 667 860 atque
689 779 933 859 cogitationibus
953 801 972 841 e
994 780 1114 860 quibus
1135 772 1357 846 lierolineusis¹
1381 784 1506 846 schola·

311 902 382 945 rum
408 883 602 944 universitas
629 881 783 960 eltlornit,
816 883 876 944 etsi
905 882 1046 945 nondum
1074 883 1259 948 aberratum
1288 897 1335 948 cst
1365 887 1502 966 longius,

309 997 415 1048 tamen
448 987 566 1048 saeculi
600 987 765 1065 ingenium
793 985 1026 1064 aliquantulum
1059 986 1229 1050 deflexisse
1258 987 1505 1070 verendumque

309 1108 379 1152 esse
403 1107 456 1168 ne,
482 1088 569 1151 side
592 1089 736 1150 instituta
758 1087 800 1149 ab
823 1089 885 1150 illis
907 1089 1028 1151 ratione
1045 1091 1146 1170 magis
1167 1091 1262 1152 etiam
1278 1089 1503 1168 declinaverit,

308 1211 459 1272 magnum
480 1193 607 1273 capiant
630 1201 661 1253 et
685 1192 809 1252 litterae
833 1201 865 1252 et
894 1191 1097 1272 respublica
1119 1192 1361 1256 detrimentum.
1407 1204 1505 1275 atque

309 1296 388 1357 baec
408 1315 472 1358 una
495 1305 564 1357 erat
587 1312 753 1356 causarum
777 1313 835 1355 cur
856 1295 1018 1358 initiorum
1040 1305 1221 1358 nostrorum
1243 1297 1429 1358 memoriam
1446 1299 1506 1358 boc

307 1399 507 1478 potissimum
521 1408 666 1477 tempore
681 1395 899 1458 renovandam
914 1396 1160 1478 liberaliumque
1175 1399 1376 1478 ingeniorum
1392 1417 1506 1462 exem-

307 1501 361 1581 pla
383 1499 530 1581 diligenti
553 1501 741 1581 cogitatione
766 1499 941 1578 repetenda
965 1519 1035 1562 esse
1057 1519 1275 1564 censeremus.
1323 1502 1443 1582 inqua
1466 1521 1503 1564 re

307 1605 335 1665 si
356 1622 532 1685 parumper
546 1605 598 1664 bic
619 1600 895 1680 commorabimur,
920 1621 984 1664 non
999 1622 1151 1666 veremur
1172 1623 1214 1666 ne
1237 1623 1275 1666 ee
1290 1623 1373 1684 quae
1395 1616 1504 1668 nostra

305 1717 411 1769 aetate
426 1706 511 1768 bene
536 1715 568 1768 et
589 1707 706 1786 partim
728 1706 892 1785 praeclare
908 1705 988 1767 laeta
1006 1716 1079 1767 sunt
1102 1715 1155 1768 aut
1179 1707 1326 1786 ignorare
1346 1717 1404 1768 aut
1418 1709 1504 1769 velle

305 1810 465 1872 occultare
488 1819 520 1870 et
547 1810 609 1876 acti
638 1808 713 1868 olim
735 1809 887 1888 temporis
909 1808 1125 1870 tantummodo
1155 1807 1336 1872 laudatores
1359 1828 1430 1874 esse
1454 1813 1505 1872 vi-

307 1911 459 1990 deamur,
491 1911 660 1990 aberitque
689 1929 876 1972 asermone
898 1921 1004 1972 nostm
1026 1913 1129 1974 omnis
1152 1911 1292 1990 invidia,
1324 1932 1397 1976 cum
1420 1933 1504 1994 quae

305 2015 348 2077 ad
370 2016 578 2096 pristinorum
608 2014 733 2074 illorum
757 2013 975 2093 exemplorum
1003 2015 1231 2094 praestantiam
1253 2025 1410 2096 quantum
1433 2015 1504 2079 fieri

305 2127 411 2200 potest
433 2115 610 2179 revocanda
633 2135 703 2178 esse
726 2125 875 2196 putamus
896 2114 1090 2177 deflexerint
1118 2115 1193 2179 inde
1217 2137 1280 2179 nou
1303 2129 1366 2180 tam
1390 2120 1505 2201 singu·

306 2223 409 2283 lorum
433 2221 595 2282 homiuum
619 2237 714 2300 qtiam
737 2219 838 2299 ipsius
859 2220 978 2280 saeculi
1000 2218 1139 2299 quadam
1161 2221 1265 2301 culpa,
1290 2241 1399 2301 neque
1417 2241 1501 2303 quae

306 2323 424 2385 dicturi
455 2341 565 2385 sumus
592 2321 634 2384 ad
656 2331 797 2384 nostram
820 2323 958 2382 maxime
986 2321 1124 2384 scholam
1146 2325 1347 2404 pertineant,
1378 2324 1438 2387 sed
1461 2325 1502 2388 ad

305 2427 420 2490 iactam
443 2425 602 2507 quandam
628 2443 854 2506 peromnem,
885 2434 922 2486 ut
942 2423 1089 2502 videtur,
1121 2425 1324 2488 Germaniam
1354 2428 1503 2494 iuvenilis

307 2530 516 2592 institutionis
537 2529 800 2591 immutationem.

392 2634 520 2695 lllarum
542 2642 650 2696 autem
672 2633 896 2712 cogitationum
918 2651 935 2692 e
959 2629 1077 2711 quibus
1098 2632 1204 2693 schola
1226 2615 1333 2694 nostra
1355 2642 1430 2694 nata
1454 2645 1503 2697 est

306 2737 412 2817 qualis
434 2735 532 2798 luerit
558 2737 647 2797 ratio·
660 2753 732 2796 eum
755 2744 788 2796 et
810 2735 989 2796 litterarum
1013 2735 1227 2796 monumentis
1252 2734 1402 2815 pluribus
1424 2756 1504 2800 cou-

304 2849 369 2904 stet
390 2849 422 2902 et
443 2839 621 2920 pleniorem
652 2839 722 2899 eius
744 2838 888 2899 notitiam
914 2837 1046 2900 allatura
1076 2838 1117 2898 sit
1139 2838 1273 2918 lloepkii
1295 2839 1437 2900 narratio
1460 2839 1502 2902 de

305 2962 369 3025 qua
391 2953 485 3006 autea
500 2941 651 3020 diximus,
675 2951 742 3002 tum
765 2957 888 3003 summa
910 2941 1143 3002 sententiarum
1159 2937 1290 3002 fortasse
1313 2959 1377 3003 non
1397 2953 1502 3023 potest

305 3049 420 3109 melius
442 3045 585 3127 cognosci
609 3061 704 3125 quarn
727 3063 768 3106 ex
790 3042 883 3104 brevi
906 3042 965 3106 sed
987 3043 1117 3123 egregio
1138 3041 1248 3104 libello
1270 3062 1368 3123 quem
1389 3045 1504 3108 Frido-

305 3153 391 3214 ricus
420 3149 735 3212 Schleiermacherus
765 3144 867 3207 edidit
894 3163 977 3208 auno
1006 3165 1177 3223 nocccrur,
1211 3149 1331 3227 coeptis
1361 3147 1402 3209 de
1425 3168 1504 3212 con-

304 3254 411 3318 denda
426 3254 605 3314 litterarum
620 3250 831 3312 universitate
847 3249 944 3310 variis
966 3249 1078 3329 agitari
1101 3249 1253 3326 consiliis,
1278 3269 1415 3330 quorum
1432 3253 1502 3333 ipsc

303 3359 465 3440 particeps
493 3365 578 3432 erat,
609 3353 764 3433 scriptum
794 3351 884 3412 illum
912 3354 1047 3413 strictim
1076 3361 1107 3413 et
1134 3363 1171 3415 ut
1198 3371 1260 3414 uon
1284 3353 1438 3416 exhausta
1461 3357 1503 3418 sit

304 3463 471 3538 materies,
504 3457 562 3520 sed
590 3454 748 3536 cogitandi
777 3453 952 3516 subtilitate
981 3456 1157 3534 copiosum,
1188 3455 1346 3535 insignem
1375 3456 1500 3520 liberali

303 3565 443 3645 ingenio,
469 3561 573 3642 capita
596 3577 704 3620 rerum
719 3559 886 3619 verissima
901 3555 1116 3636 disputatione
1139 3558 1350 3638 complexum,
1375 3563 1436 3622 etsi
1461 3561 1502 3624 de

302 3687 366 3730 unu
389 3666 487 3729 nullis
509 3681 592 3744 quae
615 3663 752 3723 eximius
767 3665 818 3722 vir
840 3658 992 3722 disseruit
1014 3660 1155 3723 dubitari
1180 3671 1294 3741 potest,
1319 3673 1354 3724 ut
1376 3667 1503 3728 nonsit

303 3769 485 3832 mirandum
508 3785 571 3830 non
593 3766 735 3826 omnium
758 3782 840 3844 quae
862 3763 1027 3844 proposuit
1049 3763 1253 3825 consiliorum
1274 3775 1384 3844 postea
1406 3767 1502 3830 babi-

302 3883 366 3936 tam
389 3891 459 3936 esse
483 3872 647 3933 rationem.
695 3865 754 3928 sed
780 3876 909 3946 praeter
937 3867 998 3927 alia
1021 3865 1119 3928 multa
1148 3865 1228 3928 illud
1256 3865 1362 3930 docuit
1386 3873 1502 3934 rectis-

301 3979 400 4053 sime,
432 3976 658 4038 universitates
681 3969 853 4032 littererias
875 3967 1062 4030 Germanica
1085 3968 1316 4031 consuetudine
1339 3973 1502 4036 institutas

302 4100 366 4143 uon
390 4082 437 4142 eis
466 4077 585 4141 linibus
607 4075 764 4136 contineri
792 4083 827 4134 ut
855 4072 1056 4152 congregatis
1078 4073 1111 4132 iu
1134 4090 1234 4133 uuum
1262 4073 1364 4134 locum
1386 4077 1511 4157 siugu-'

301 4185 404 4247 larum
426 4169 543 4246 artium
565 4179 682 4242 scholis
709 4177 843 4238 iuvenes
864 4175 1074 4255 plurimarum
1103 4191 1211 4236 rerum
1236 4177 1416 4255 cognitione
1439 4182 1501 4242 im-

302 4287 443 4351 buantur
465 4297 497 4348 et
519 4284 560 4348 ad
582 4279 730 4345 obeunda
758 4282 792 4341 iu
815 4279 941 4340 civitate
964 4295 1098 4340 munera
1121 4275 1393 4359 exsequendaque
1417 4301 1500 4362 quae

301 4389 342 4452 ad
364 4390 510 4472 publicas
532 4387 740 4448 necessitates
762 4383 927 4463 pertinent
948 4383 1074 4460 negotia
1088 4390 1333 4461 praeparentur,
1358 4381 1419 4444 sed
1442 4405 1501 4446 ex·

225 4511 229 4519 ·
302 4494 418 4557 celsius
439 4488 562 4574 aliquid
584 4489 632 4548 eis
652 4487 850 4566 propositum
873 4503 955 4562 esse,
981 4483 1013 4546 id
1038 4493 1085 4546 est
1108 4493 1143 4546 ut
1166 4485 1200 4545 iu
1223 4481 1386 4547 mentibus
1405 4487 1499 4550 iuve-
