3240 5094
329 371 403 446 492
622 389 711 452 lnnu
733 407 899 452 enarrem
921 405 1100 452 amrium
1118 384 1212 450 tert.

219 635 224 642 .
327 597 395 640 eam
414 596 472 660 per
495 595 559 640 rent
580 597 613 640 se
631 578 712 660 sore.
757 577 880 640 Valesio
901 574 1062 640 debentur
1083 597 1105 639 a
1122 577 1270 658 Dynamio
1291 581 1457 658 nucepbom
1476 584 1503 636 et

327 682 421 744 solus.
470 682 597 744 insontt's
620 681 776 743 Castellus
798 679 899 743 dedit.

414 785 490 866 Cap.
516 785 570 845 83
596 783 670 846 inde
692 803 710 846 a
734 784 863 846 Gelenlc
893 781 1046 847 scribitur
1063 790 1133 864 post
1153 783 1306 866 multapoe
1319 795 1382 864 'per
1403 781 1502 844 delibe-

327 889 461 950 rationes
488 887 647 972 ambiguas
670 889 795 949 actitata
817 888 897 949 stetit
914 887 985 967 fiac
1005 889 1154 952 sanatio
1175 885 1355 968 abbatim
1376 885 1503 968 soporo

327 989 457 1054 tionibus
493 992 595 1053 inritis
625 990 666 1052 ad
703 991 862 1072 imperium
895 989 1013 1071 placuit
1041 989 1196 1052 lulianum
1230 989 1402 1052 womero.
1444 1008 1504 1051 ain

328 1094 457 1157 amesa
479 1095 592 1157 accium
612 1092 767 1175 proedicto
782 1093 842 1169 die,
867 1093 1012 1155 muscata
1033 1095 1117 1154 omni
1129 1091 1207 1174 quod
1222 1091 1333 1155 odoror
1347 1093 1504 1156 aommibn

327 1196 477 1260 racanati
498 1191 572 1283 (ad)
594 1198 732 1260 altiorem
755 1203 927 1280 nippestum
949 1203 1055 1274 meam,
1080 1195 1159 1278 pund
1174 1197 1296 1277 aquiiae
1309 1195 1504 1258 amatae-

327 1308 402 1364 rant
422 1307 450 1364 et
471 1295 745 1383 siprro‚1la9nstres
767 1299 946 1363 inscendcns
968 1317 1092 1380 masque
1114 1317 1207 1360 mann
1228 1299 1363 1362 retinens
1384 1298 1505 1361 aaran

326 1405 400 1467 iaec
421 1421 558 1466 samarie
576 1402 699 1484 placido
718 1407 887 1484 peraravit.
935 1421 1006 1465 cum
1029 1411 1134 1464 autem
1157 1401 1298 1466 adsumet
1317 1403 1360 1464 sit
1382 1403 1413 1464 in
1433 1400 1505 1464 libro

327 1505 487 1587 sulcensi,
512 1514 653 1588 praestat
674 1504 816 1570 scribere
839 1524 998 1586 nnsrnsns,
1024 1525 1059 1566 rr
1081 1524 1149 1569 cum
1164 1515 1240 1584 etc.‚
1267 1515 1302 1568 ut
1324 1505 1438 1568 melius
1457 1525 1507 1568 aa·

328 1611 456 1672 baereat
483 1611 594 1672 oratio.
641 1629 713 1672 mox
735 1608 914 1672 inscendere
937 1609 1088 1672 Gelenius
1109 1607 1216 1687 dedit,
1246 1607 1412 1672 Fuldensls
1433 1607 1509 1670 liber

327 1714 494 1796 iasipinens
515 1713 621 1776 babet.
660 1712 719 1776 sed
734 1710 942 1776 inscendendi
959 1711 1093 1776 verbnm
1109 1721 1239 1793 praeter
1254 1710 1511 1776 consuetudinem

326 1835 398 1880 cum
421 1814 527 1878 dativo
549 1835 624 1878 casu
646 1815 861 1895 coniungitur.
909 1817 1016 1898 itaque
1036 1817 1150 1879 melius
1165 1824 1213 1878 est
1227 1815 1343 1877 Valesii
1360 1815 1511 1878 insumo.

414 1917 507 1982 Libro
528 1939 576 1981 xri
602 1919 640 1982 tu
658 1919 670 1978 l
699 1920 845 1999 egregiae
868 1919 1081 1983 emendationi
1103 1917 1224 2000 aliquid
1246 1915 1430 1981 addendum
1452 1929 1509 1980 est.

327 2022 478 2102 leguntur
506 2023 602 2098 haec,
636 2041 695 2104 quo
722 2022 873 2105 dispalato
897 2022 986 2104 foedo
1015 2029 1133 2086 terrore
1161 2019 1404 2084 Alamannorum
1431 2039 1514 2105 reyes

303 2125 569 2188 sGbaodornorias
592 2132 620 2188 et
647 2125 838 2206 Vestralpas,
876 2115 970 2188 Vrins'
999 2128 1072 2209 quin
1101 2126 1193 2188 etiarn
1215 2133 1244 2188 et
1270 2125 1424 2188 Vrsioinus
1450 2143 1515 2186 aon

329 2229 495 2311 Serapione
518 2235 546 2292 et
560 2229 721 2290 Suomario
743 2235 772 2291 et
785 2230 931 2290 Hortaris
954 2229 985 2290 in
1007 2247 1103 2290 unum
1125 2227 1232 2292 robore
1253 2229 1368 2290 virium
1389 2245 1516 2290 suorum

328 2332 410 2392 amni
430 2331 548 2394 collecto
570 2331 730 2394 mamere
749 2349 845 2414 prope
866 2331 971 2394 urbem
987 2329 1223 2416 Arpentoratnm
1238 2341 1300 2394 etc.
1325 2330 1450 2393 Gelenii
1472 2339 1517 2393 est

328 2433 507 2498 medea.-
531 2433 697 2497 Fuldensis
713 2436 799 2496 enim
814 2433 897 2498 liber
912 2433 1009 2498 habet
1022 2434 1104 2498 belli.
1146 2436 1261 2518 aoma-
1281 2433 1414 2516 romae.
1454 2453 1514 2498 non

327 2537 457 2601 videtur
484 2536 720 2618 neglegendum
743 2557 813 2602 esse
836 2537 916 2602 illud
938 2537 1025 2614 belli,
1058 2537 1116 2602 sed
1138 2535 1346 2602 scribendum
1368 2539 1401 2598 in
1423 2555 1515 2600 rmum

329 2640 435 2704 robore
456 2642 570 2704 virium
592 2659 722 2704 mamm
744 2643 826 2704 amni
846 2642 965 2706 collecto
987 2659 1300 2711 nortmannorum
1323 2650 1385 2704 etc.

413 2743 532 2808 Eadem
554 2745 657 2826 capite
679 2745 876 2826 paragrapho
899 2745 917 2806 6
940 2745 1111 2809 scribimus
1126 2741 1295 2808 Ammonia
1315 2745 1396 2806 enin
1416 2751 1515 2806 sarta

328 2865 398 2908 mm
421 2849 554 2931 tmipnu
574 2855 745 2911 mutuantes
765 2855 878 2911 norant
891 2865 940 2910 ecs
955 2849 1065 2912 milites
1076 2848 1255 2931 permutsse
1266 2847 1377 2930 paucis
1391 2865 1515 2910 murat

327 2949 498 3014 latronibus
519 2959 645 3030 terram,
671 2969 800 3032 punem
821 2959 901 3014 metu
922 2952 1101 3034 mmanuelis
1122 2969 1278 3024 inmersa
1300 2949 1434 3034 pradum
1448 2969 1517 3013 con·

324 3055 445 3136 serrem
475 3056 598 3118 amissos
625 3053 768 3136 pluribus
790 3053 892 3116 abrae
914 3055 1057 3137 dispersi.
1104 3066 1153 3118 est
1175 3055 1262 3118 enim
1285 3055 1318 3116 ln
1341 3037 1424 3116 libro
1446 3055 1518 3116 Ful-

327 3156 419 3221 densi
451 3159 600 3239 iactura.
646 3155 780 3220 eandem
810 3156 1065 3222 emendationem
1096 3156 1170 3220 lecit
1198 3157 1310 3222 nouus
1338 3167 1370 3220 et
1392 3156 1519 3221 subtilis

328 3262 378 3322 vir
390 3261 424 3322 C.
439 3262 472 3322 F.
489 3262 538 3321 W.
552 3260 723 3323 Muellerus
738 3261 770 3323 in
783 3259 953 3324 Annalium
967 3262 1228 3343 philologieorum
1240 3262 1316 3324 anni
1329 3277 1518 3324 nncccnxnu

328 3372 418 3445 parte
441 3365 552 3442 tertia,
577 3382 659 3444 quae
682 3362 758 3426 dum
782 3364 860 3427 haee
881 3362 1051 3428 scribimus
1078 3363 1258 3447 (scribimus
1279 3373 1387 3427 autern
1410 3383 1517 3429 mense

327 3466 456 3548 octobri)
484 3465 682 3530 commodum
704 3466 858 3530 adfertur.

414 3571 612 3652 Paragrapho
636 3572 673 3632 lt
698 3568 904 3635 scribendum
927 3581 976 3634 est
990 3574 1116 3636 emersit
1138 3572 1208 3635 iaia
1229 3572 1390 3634 monton
1407 3571 1515 3654 pimus

326 3673 480 3736 celsarum
501 3681 682 3756 potestatum
703 3675 853 3738 ocream
875 3676 1069 3758 mariusque
1091 3675 1237 3738 Florartii
1253 3673 1407 3756 prorsam
1423 3693 1517 3756 proo-

327 3778 414 3852 torio,
438 3778 606 3858 periculose
627 3778 757 3860 quidem,
782 3778 836 3840 sed
858 3781 976 3840 ratiorre
997 3778 1133 3842 samaria
1151 3777 1354 3862 papnondenn
1369 3797 1435 3841 esse
1449 3797 1518 3841 onr-

327 3881 420 3944 sentis
442 3881 515 3943 dum
537 3901 664 3945 srnnnnr
685 3880 815 3944 barbari
835 3881 1012 3966 conglobati,
1038 3884 1093 3964 qui
1111 3885 1141 3946 si
1162 3881 1385 3965 dillumrssent,
1409 3890 1517 3946 monam

328 3983 431 4046 militis
454 3985 487 4045 in
502 3984 662 4048 seditiones
677 3987 779 4047 nativo
795 3985 896 4048 colore
907 3987 1118 4067 propensioris
1130 3985 1213 4068 ferri
1226 4004 1287 4047 non
1299 4003 1391 4067 paese
1405 3983 1513 4056 aim,

328 4092 481 4150 salertam
509 4087 569 4150 sibi
595 4089 771 4166 υίοεοήαπι,
802 4095 836 4151 ot
857 4106 995 4168 nmina,
1027 4108 1088 4151 non
1116 4090 1182 4152 sine
1210 4089 1389 4152 clamorum
1410 4095 1516 4152 condo

327 4191 465 4270 pavita
479 4191 649 4254 ubratwi.
690 4191 840 4272 leguntur
854 4193 1005 4254 instarent
1020 4202 1052 4254 et
1064 4195 1204 4274 mmai:
1229 4211 1366 4273 quorum
1380 4192 1512 4254 alterum

327 4290 466 4354 alienum
488 4311 506 4354 a
528 4294 703 4374 sententia,
734 4295 869 4357 alterum
899 4296 1066 4359 molestum
1095 4306 1155 4359 est.
1202 4295 1398 4358 indicativus
1419 4293 1514 4358 futuri

328 4403 391 4455 tam
424 4397 573 4458 convenit
601 4398 740 4459 sermoni
776 4397 941 4479 scriptoris
970 4417 1066 4480 quem
1094 4387 1192 4481 'quern
1222 4418 1272 4466 xlv
1300 4397 1334 4458 ll
1368 4399 1389 4460 6
1420 4399 1515 4462 resti.-

329 4497 460 4561 tuimus.
