3268 5108
296 383 343 458 30
588 399 677 461 lunrx
700 417 865 462 merrom!
886 417 1067 461 arsrrmrrrr
1086 399 1180 461 tstt.

295 607 421 654 somrmr
445 599 503 668 est,
535 607 641 669 neque
664 587 804 652 debebat
827 590 876 651 vir
898 589 1100 652 doctissimus
1130 589 1204 650 huie
1226 607 1302 650 suae
1324 589 1487 650 oonieetu-

296 710 350 756 rae
379 690 540 755 dillidere.
587 704 729 755 osterum
752 709 837 755 marr
865 685 922 755 est'
942 695 974 754 in
998 690 1242 764 llelmstediensi
1272 701 1305 753 et
1327 690 1486 771 Rehdigo-

296 814 372 858 rano
400 805 496 876 atque
528 797 560 857 in
585 795 712 876 Aldine,
743 797 777 858 in
806 797 880 858 olim
910 797 1066 877 inpressis
1094 801 1217 871 πηίου
1252 793 1293 857 de
1321 793 1488 856 Cantabri-

296 899 398 979 giensi
414 898 549 962 dubium
572 899 664 964 nohis
679 897 770 983 est.*)
819 900 898 961 haee
921 899 1018 980 igitur
1041 900 1186 961 restituta
1206 907 1298 960 sunt:
1332 897 1390 960 sed
1413 917 1487 978 pre-

295 1003 417 1066 ximum
448 1021 577 1066 carmen
607 1004 677 1066 sine
705 1001 977 1083 Cantabrigiensis
1005 1002 1122 1065 eodieis
1149 1021 1208 1083 ope
1243 1002 1368 1063 restitui
1402 1001 1488 1064 trullo

296 1105 387 1168 modo
409 1107 523 1188 potuit.

424 1210 522 1274 denso
539 1228 598 1291 per
620 1210 764 1294 attonitaq
785 1217 974 1291 mmpuotor
993 1209 1129 1291 futatim
1149 1209 1244 1273 mdes

426 1322 515 1396 atque
536 1315 569 1376 io
591 1331 682 1376 amne
703 1314 768 1375 mit
789 1331 992 1395 qaaecumque
1011 1315 1147 1396 poteratis
1167 1315 1282 1392 divum,

426 1425 454 1479 et
475 1418 563 1480 Mors
585 1434 697 1480 saemts
719 1424 797 1494 arat,
823 1419 885 1480 tum
907 1425 1008 1481 catera
1030 1415 1122 1480 turbe
1143 1417 1279 1493 deorum,

273 1541 286 1588 t
427 1527 509 1584 stant
530 1521 674 1601 utrinque
696 1508 813 1583 motos.¹

297 1642 471 1686 arsrrnrvr
494 1623 755 1686 llelmstadiensis
777 1634 810 1686 et
832 1625 976 1706 inpressa
999 1643 1061 1688 non
1084 1625 1171 1688 nulle
1194 1624 1406 1706 exemplaria;
1437 1643 1490 1685 ee-

298 1728 357 1790 teri
377 1726 569 1809 funduntur:
601 1727 660 1790 sed
683 1727 761 1790 illud
784 1728 882 1791 multo
906 1729 1023 1792 rectius
1046 1738 1105 1791 est.
1152 1738 1340 1810 sequentem
1361 1745 1490 1789 versum

298 1830 393 1892 talem
425 1829 575 1893 dedimus
599 1831 703 1911 qualis
736 1832 768 1892 in
797 1832 872 1893 olim
903 1832 1059 1912 inpressis
1087 1831 1325 1913 exemplaribus
1354 1831 1487 1911 legitur:

299 1933 373 1996 libri
397 1932 658 1998 llolmstadiensis
680 1944 712 1997 et
727 1934 970 2016 llehdigeranus
991 1937 1029 1998 Et
1047 1953 1105 2016 que
1125 1936 1159 1997 ia
1181 1935 1310 2014 habent,
1336 1935 1492 2014 reliquam

298 2047 405 2100 autem
427 2055 540 2100 versus
563 2047 686 2118 partem
701 2038 861 2118 omittunt,
886 2039 1100 2120 similiterque
1123 2041 1155 2100 in
1178 2037 1293 2102 Aldine
1316 2038 1491 2118 exemplari

299 2151 422 2206 tantum
445 2143 482 2202 m
503 2159 601 2222 quaes
629 2141 783 2222 seriptum
808 2151 866 2204 est.
906 2162 1051 2217 marnam
1074 2142 1238 2224 exemplar
1252 2141 1416 2221 Aldinum,
1442 2140 1493 2203 id-

300 2263 363 2325 que
388 2243 659 2325 Cantahrigiensis
682 2243 781 2308 eodex
804 2246 986 2308 confirmat:
1017 2248 1115 2309 oeteri
1137 2254 1301 2330 utrunque.
1347 2244 1406 2308 sed
1427 2263 1492 2306 me-

301 2356 349 2412 tus
372 2348 405 2410 in
428 2358 564 2429 utroque
587 2349 713 2428 agmine
734 2349 860 2412 stetisse
878 2348 1018 2413 absurde
1034 2349 1202 2414 dicuntur:
1230 2360 1278 2413 est
1299 2357 1406 2412 autem
1427 2367 1492 2410 mo-

300 2459 349 2513 tus
371 2451 451 2514 nihil
474 2451 535 2514 nisi
552 2450 757 2515 salsissimum
773 2453 920 2516 italorum
936 2464 1165 2531 commentum3
1193 2472 1266 2516 nam
1282 2454 1314 2515 in
1330 2451 1494 2515 eodieibus

300 2554 375 2618 deus
398 2555 554 2636 seriptum
577 2565 637 2618 est.
685 2557 739 2636 qui
763 2575 876 2620 versus
905 2557 1154 2638 inpeditissimos
1182 2567 1215 2620 et
1236 2565 1346 2640 aperte
1376 2555 1495 2637 depra-

302 2667 390 2720 vatos
411 2657 585 2722 emendare
615 2658 808 2722 studuerunt
830 2661 899 2722 lieri
928 2681 991 2723 non
1021 2663 1124 2742 potuit
1151 2662 1229 2742 quin
1259 2679 1388 2743 operam
1418 2679 1495 2740 per-

302 2761 428 2824 derent.
476 2781 549 2824 narn
578 2761 660 2824 libro
682 2762 811 2826 demum
835 2763 1088 2846 Cantabrigiensi
1118 2764 1309 2847 patefactum
1339 2773 1387 2826 est
1414 2763 1495 2825 elte-

302 2885 373 2928 rum
395 2865 606 2945 versiculum,
637 2886 709 2929 eurn
732 2867 813 2930 lorte
837 2869 870 2928 in
893 2888 930 2930 eo
952 2868 1034 2931 libro
1065 2889 1104 2931 ex
1127 2888 1190 2950 quo
1220 2869 1336 2949 reliqui
1366 2875 1496 2948 praeter

302 2967 598 3049 Cantabrigiensem
621 2969 744 3032 oodioes
767 2970 897 3034 deducti
920 2982 995 3034 sunt
1018 2991 1057 3035 ex
1079 2982 1171 3053 parte
1194 2970 1331 3034 detritus
1356 2981 1413 3034 ant
1433 2971 1495 3032 alia

301 3072 372 3135 labe
388 3071 533 3136 adlectus
547 3082 643 3152 esset,
668 3073 759 3136 Italos
774 3073 881 3155 aliquo
896 3076 1118 3157 supplemento
1141 3076 1297 3138 resarcire
1319 3073 1495 3152 studuisse,

301 3186 372 3257 post
398 3195 472 3238 eum
499 3185 604 3239 autem
632 3177 730 3240 aliurn
758 3179 918 3259 integrum
947 3198 1075 3242 versum
1105 3178 1274 3242 exeidisse.
1327 3176 1497 3240 Cantabri-
1618 3189 1619 3264 t

302 3280 421 3359 giensis
443 3279 529 3342 enim
551 3279 635 3342 liber
661 3280 740 3342 haee
766 3280 912 3362 praehet.
948 3279 1043 3364 Atque
1072 3285 1105 3346 io
1131 3282 1363 3364 bellandumqrw
1389 3283 1498 3362 miqm
1618 3273 1619 3360 j

299 3385 432 3464 potentia
460 3383 565 3446 divum
598 3385 636 3445 Ia
665 3402 820 3447 mmmm
847 3387 930 3448 vertit
957 3387 1033 3454 iam,
1045 3390 1132 3468 potra'
1159 3385 1293 3450 deutero
1318 3385 1423 3468 polluo
1461 3387 1499 3447 Et
1618 3379 1619 3408 l

302 3505 388 3550 mors
410 3505 522 3550 saevam
544 3495 613 3550 erat
634 3489 818 3551 tolosatem
841 3489 933 3551 turbo
954 3490 1080 3552 deorum
1109 3491 1201 3553 Stant
1225 3491 1378 3572 utrimque
1406 3487 1495 3550 detis.

303 3575 378 3653 hino
400 3589 549 3654 laoillima
572 3589 794 3654 emendatione
815 3595 979 3674 praeolara
1002 3591 1169 3674 ellieimus,
1200 3589 1296 3675 Atque
1317 3611 1355 3655 an
1378 3591 1499 3654 belloa-

302 3694 375 3756 dum
403 3713 479 3768 ovar
507 3695 614 3777 eoique
638 3698 775 3776 potentio
802 3697 907 3759 divum
937 3700 974 3760 la
999 3715 1154 3762 mamae
1182 3698 1275 3760 vead.
1321 3698 1384 3758 tora
1411 3696 1502 3778 patri

303 3798 434 3861 mosera
464 3798 568 3862 Pedes
605 3801 643 3861 m
669 3801 757 3863 Mars
787 3819 893 3864 namra
922 3809 1000 3883 erat,
1032 3803 1096 3864 iom
1122 3808 1223 3864 cetera
1252 3799 1343 3862 narbo
1371 3799 1500 3861 team

304 3903 395 3964 Stant
414 3904 566 3984 tumorque
588 3920 684 3965 nors.
731 3903 863 3967 dextera
891 3914 955 3966 stet
975 3904 1075 3968 Pallas
1098 3905 1174 3986 lovi,
1205 3923 1309 3985 aquo
1337 3904 1499 3984 proximos

304 4025 373 4069 eam
396 4007 531 4070 honores
552 4025 724 4088 oeeupasse
748 4009 893 4071 Horatius
915 4006 1004 4088 dioit,
1034 4008 1182 4071 similiter
1208 4017 1304 4088 atque
1334 4007 1368 4068 in
1390 4005 1496 4068 Ovidii
1585 4001 1590 4010 “

304 4111 597 4193 metamorphoseon
620 4128 666 4173 rm
689 4109 750 4172 753
776 4114 910 4174 Perseus
938 4111 986 4174 dis
1012 4112 1111 4175 mous
1131 4145 1176 4160 --
1201 4110 1285 4193 socos
1313 4109 1433 4172 totidem
1461 4109 1498 4169 de

304 4216 434 4296 caespite
455 4217 549 4296 ponit,
576 4215 709 4277 Lmvum
732 4217 885 4278 Mercurio
908 4215 1140 4296 teotmelli,
1172 4215 1282 4278 bellioo
1301 4216 1403 4296 sirpo,
1433 4209 1498 4274 Are

305 4319 386 4380 leona
408 4319 509 4380 medio
530 4326 584 4382 est.
1517 4317 1521 4332 '

374 4543 399 4608 'l
423 4542 514 4607 [Habet
530 4544 575 4595 ille
593 4556 693 4606 quoque
711 4544 806 4608 venti]
