3240 5094
314 429 389 501 456
610 443 702 504 lunax
724 461 890 506 nncrrourn
913 463 1093 506 issrrvnnvu
1111 445 1206 506 tete.

309 651 415 713 parea
444 632 534 693 venit.
583 633 770 713 Pomponius
792 634 872 696 Mela
894 653 916 695 ιι
942 635 953 694 4
983 636 1001 695 6
1031 631 1071 698 de
1094 635 1289 716 Borysthene
1317 636 1401 717 lonpe
1420 636 1491 695 venit

314 737 480 818 ipnotisque
501 741 586 796 ortus
609 734 779 816 efontibus
802 737 1008 820 qttadrapinta
1030 737 1150 799 dierum
1178 740 1237 800 iter
1258 739 1344 800 alveo
1365 739 1487 820 saenpit.

313 839 434 900 Plinius
456 838 515 919 Ep.
533 856 575 898 vn
599 837 675 899 275
695 857 754 920 per
776 841 928 902 silentium
950 843 1044 903 eiectis
1066 859 1159 903 sonas
1177 841 1261 923 ferri
1282 849 1326 918 et,
1355 843 1384 903 si
1403 847 1491 902 auen-

312 939 397 1004 deris
420 943 541 1017 acrias,
572 944 716 1023 strepitus
739 943 947 1022 vinculorum,
979 944 1098 1027 lonpius
1116 947 1233 1025 primo,
1258 944 1366 1006 deinde
1388 961 1491 1025 apro

311 1047 398 1106 mimo
421 1043 616 1107 reddebatur.
662 1043 849 1108 Ammianus
871 1065 907 1107 xx
930 1048 949 1106 6
973 1048 993 1107 2
1021 1048 1086 1108 viso
1114 1047 1197 1108 hoste
1224 1047 1406 1130 lonpissime.
1449 1064 1491 1107 nu

312 1148 331 1208 3
356 1148 374 1209 3
399 1147 485 1230 lonpe
506 1148 592 1210 visus
615 1167 635 1208 a
657 1147 811 1210 barbaris.
858 1167 914 1210 xxv
938 1153 956 1210 (i
982 1149 1020 1210 45
1043 1149 1097 1212 ltoc
1120 1150 1205 1232 lonpe
1226 1157 1392 1230 conspecto.

400 1251 483 1312 Satis
512 1251 730 1331 exemplorum
752 1249 901 1314 videmur
929 1271 1130 1315 coacervasse
1155 1262 1191 1314 ut
1212 1251 1365 1333 adpareat
1386 1251 1493 1313 frustra

222 1365 230 1386 ⁸
312 1353 410 1417 luisse
425 1354 481 1435 qui
497 1362 619 1416 mutare
635 1355 804 1416 voluerunt
820 1356 905 1438 lonpe
919 1355 1005 1437 quod
1020 1365 1067 1418 est
1084 1357 1116 1418 in
1131 1374 1229 1417 versu
1243 1357 1384 1418 Lucretii
1399 1375 1409 1416 1
1424 1355 1491 1432 330,

467 1455 548 1518 unde
569 1474 656 1518 mare
678 1459 819 1540 inpeneei
836 1457 936 1539 sontes
957 1465 1146 1540 externoque
1169 1459 1253 1542 lonpe

465 1557 595 1640 flamina
617 1560 835 1640 suppeditant?
856 1561 936 1623 unde
959 1561 1062 1624 aether
1083 1562 1189 1624 adera
1207 1563 1332 1643 pascit?

312 1680 386 1724 nam
403 1660 499 1725 'illud
526 1681 602 1724 sane
635 1663 806 1744 probamus
839 1663 926 1744 quod
956 1683 1042 1728 mare
1073 1665 1288 1727 accusativum
1323 1664 1495 1726 habuerunt

313 1783 420 1846 neque
434 1783 511 1826 vero
529 1766 758 1828 nominativum
781 1767 867 1848 quod
888 1767 1033 1830 lecerunt
1055 1786 1127 1829 cum
1149 1767 1203 1829 alii
1225 1776 1293 1830 tum
1316 1767 1388 1848 ipse
1410 1767 1494 1829 etiam

313 1868 549 1945 Lachmannus,
582 1870 637 1949 qui
665 1881 836 1950 propterea
865 1877 1046 1952 eatentapue
1075 1871 1214 1951 scripsit.
1260 1871 1428 1932 verissima
1453 1877 1495 1930 eet

313 1973 400 2032 enim
423 1972 557 2033 Bentleii
587 1972 823 2054 interpretatio,
859 1973 960 2036 ‘unde
982 1991 1088 2052 mare,
1121 1974 1242 2053 inquit,
1274 1973 1324 2035 sui
1348 1973 1449 2035 lantes
1470 1981 1496 2032 et

313 2073 443 2136 llumina
473 2083 605 2136 externa
635 2075 842 2157 suppeditant
873 2088 903 2138 et
932 2075 1118 2158 integrant!
1162 2074 1371 2156 suppeditant
1399 2085 1496 2138 autem

314 2179 415 2259 lanpe,
447 2177 481 2239 id
504 2187 554 2240 est
574 2195 690 2259 aquam
712 2179 907 2243 advehentes
937 2200 955 2243 e
981 2180 1166 2261 longinquo.
1213 2180 1265 2242 sui
1286 2178 1388 2260 sontes
1409 2181 1498 2241 Bent-

313 2281 396 2343 leius
418 2277 459 2342 ab
481 2283 549 2362 ipsc
565 2283 710 2345 Lucretio
732 2285 882 2364 sumpsit,
908 2285 998 2345 cuius
1020 2284 1098 2345 haec
1121 2293 1195 2346 sunt
1210 2299 1239 2344 v1
1255 2283 1317 2343 608
1334 2301 1390 2360 ss,
1415 2282 1499 2364 prin-

288 2387 391 2466 scipio
413 2403 499 2447 mare
520 2389 677 2448 miranter
698 2406 759 2448 non
781 2385 909 2448 reddere
931 2389 1030 2448 mariis
1053 2373 1231 2463 Naturam,¹
1262 2404 1320 2466 quo
1342 2389 1383 2448 sit
1404 2391 1498 2449 tannis

313 2491 462 2552 decursus
492 2507 659 2572 aquarum,
694 2490 803 2552 Omnia
831 2505 888 2570 quo
915 2491 1040 2550 veniant
1067 2507 1110 2551 ea·
1138 2493 1221 2551 omni
1244 2488 1376 2570 fiumina
1400 2495 1495 2570 parte.

313 2592 398 2656 Adde
420 2612 513 2676 vapos
535 2591 642 2654 imbris
664 2598 909 2674 tempestatesque
931 2593 1082 2668 volantes,
1114 2593 1223 2654 Omnia
1246 2609 1324 2673 quiae
1345 2593 1447 2652 maria
1467 2609 1498 2652 oc

314 2707 416 2760 terras
445 2702 653 2778 sparpantque
680 2697 858 2778 ripamque:
889 2691 974 2756 Adde
995 2712 1067 2756 suos
1085 2694 1196 2776 sontes.
1244 2693 1383 2756 marinos
1405 2694 1499 2755 tontes

315 2801 409 2864 etiam
433 2801 466 2861 in
488 2800 549 2861 alia
573 2798 786 2879 disputatione
809 2807 977 2876 memorat,
1003 2798 1177 2860 v1890ss.
1202 2797 1346 2860 sednon
1370 2795 1515 2882 debellat¹

315 2903 476 2966 Bentleius
503 2911 645 2964 veterem
675 2900 812 2982 probare
841 2893 1031 2989 opinionem·
1056 2919 1118 2980 qua
1152 2901 1294 2983 inpenuei
1321 2903 1356 2962 in
1385 2899 1502 2984 inpendi

315 3017 470 3070 mutatum
493 3014 552 3067 est.
584 3003 736 3067 nimirum
751 3005 921 3086 principali
938 3003 1167 3084 significatione
1183 3021 1246 3065 non
1262 3004 1397 3065 multum
1413 3002 1499 3064 distat

316 3111 489 3191 ingenuum
513 3107 553 3170 ab
570 3109 729 3188 ingenito,
754 3108 816 3168 nisi
840 3107 925 3188 quod
947 3109 1005 3168 hoc
1028 3109 1231 3188 participium
1255 3116 1320 3186 est,
1347 3105 1426 3168 illud
1446 3103 1498 3167 ad·

316 3215 482 3292 motivum,
509 3213 693 3293 pariterque
717 3210 857 3292 ingenita
877 3222 989 3273 natura
1008 3211 1173 3290 ingenium
1188 3208 1318 3272 dicitur.
1358 3207 1496 3272 adiectivi

315 3315 472 3397 quaedam
502 3334 583 3396 quae
614 3315 677 3376 huc
705 3315 867 3395 pertinent
890 3314 1033 3393 exempla
1056 3313 1160 3375 attulit
1183 3311 1416 3388 WakefielduS‚
1447 3307 1496 3372 sed

315 3420 422 3480 minus
445 3429 531 3481 recte
554 3419 600 3480 eis
623 3437 700 3479 usus
724 3427 787 3479 est:
814 3435 870 3478 nos
892 3417 984 3496 plura
1007 3415 1193 3478 adiciemus.
1241 3415 1400 3478 luvenalis
1421 3415 1437 3476 3
1461 3413 1494 3472 43

315 3531 427 3604 manto
446 3523 641 3604 praesentius
665 3528 742 3582 esset
763 3523 882 3582 attamen
904 3537 1017 3602 aquae,
1048 3519 1145 3580 viridi
1165 3521 1194 3580 si
1214 3519 1354 3602 morpine
1376 3517 1497 3580 cludere

315 3625 416 3687 endas
440 3623 543 3686 Herba
564 3641 618 3686 nee
641 3626 804 3707 inpeneum
826 3623 978 3684 violarent
998 3639 1156 3683 marmora
1172 3621 1275 3703 tofum.
1317 3621 1496 3684 Prudentius

317 3729 406 3790 Cath.
432 3730 450 3789 3
476 3728 511 3788 54
543 3727 649 3809 fundit
676 3744 746 3808 opes
769 3745 843 3808 oper
865 3728 1030 3808 inponens,
1063 3727 1155 3786 Dives
1185 3724 1363 3806 aristiferae
1389 3724 1493 3807 sepelis

314 3830 474 3894 Ausonius
490 3833 564 3892 llos.
584 3831 624 3890 65
648 3829 703 3891 seb
727 3831 865 3912 inpenuis
888 3831 1020 3912 epirotae
1039 3827 1174 3909 sontibus
1196 3826 1318 3889 lterboe.
1368 3827 1448 3890 idem
1466 3825 1494 3884 in

318 3934 417 3996 Glaris
439 3932 616 3996 urbibus3
645 3933 677 3992 44
713 3934 876 4016 inponerem
898 3934 985 3994 etius
1004 3931 1067 4013 seit
1088 3929 1221 3992 anchora
1251 3931 1391 4012 siquam,
1422 3923 1492 4011 quad

317 4037 459 4117 Scaliger
489 4046 575 4099 recte
605 4037 769 4117 explicuit.
816 4036 990 4098 Eumenius
1013 4034 1100 4096 Grat.
1131 4043 1190 4095 aot.
1217 4033 1324 4095 Const.
1353 4035 1391 4095 40
1415 4035 1433 4094 2
1457 4031 1493 4092 tic

316 4142 442 4224 inpenei
463 4141 602 4223 turpique
621 4139 719 4221 sontes
741 4147 776 4201 et
796 4138 906 4220 abique
924 4140 1047 4219 prosint
1068 4139 1113 4199 ire
1132 4135 1291 4217 festinant.
1340 4136 1491 4198 conficiunt

318 4261 386 4304 rem
410 4244 555 4325 exempla
578 4243 674 4305 etiam
695 4242 864 4323 apertiora.
910 4243 1023 4302 Fronto
1047 4239 1087 4302 ad
1110 4242 1149 4302 ll.
1168 4239 1339 4300 Caesarem
1362 4259 1371 4300 1
1394 4239 1411 4300 3
1433 4235 1490 4318 pi

316 4345 396 4407 Nab.
412 4348 562 4408 Baianum
578 4345 692 4408 calidos
708 4363 814 4426 specus
827 4345 905 4406 moto
921 4362 1012 4424 want
1028 4345 1104 4406 istas
1116 4341 1300 4425 fernandus
1315 4341 1489 4403 balnearum·

317 4453 349 4510 in
372 4448 479 4530 quibus
503 4451 581 4531 ipnis
604 4467 671 4510 cum
687 4455 808 4529 suompte
831 4455 919 4528 atque
937 4445 1026 4527 famo
1041 4443 1217 4508 accenditur
1232 4443 1375 4526 brevique
1395 4445 1491 4504 mim-

316 4553 431 4634 pm'tur.
472 4559 504 4613 at
526 4551 573 4613 illi
594 4552 719 4633 inpenai
739 4569 869 4632 vapores
883 4551 959 4631 puri
970 4550 1165 4630 perpetuique
1181 4553 1269 4613 sant.
1294 4548 1377 4630 prati
1388 4547 1490 4628 pariter
