3184 5108
395 1297 570 1397 INDEX
595 1298 911 1398 tuottottvtt
936 1297 1303 1398 Ansttvtltvtt
1333 1309 1453 1402 1863.

334 1553 469 1666 Editus
496 1612 545 1665 ost
580 1601 621 1664 ab
650 1602 728 1666 lulio
756 1603 893 1681 Bergero
927 1602 1093 1684 doctisque
1129 1604 1366 1666 commentariis
1399 1605 1509 1685 copiose

335 1714 502 1770 anamotus
531 1704 613 1768 liber
635 1723 698 1786 quo
720 1706 807 1766 varia
830 1715 1043 1768 monstrorum
1072 1704 1306 1788 beluarumque
1329 1725 1442 1788 genera
1461 1706 1510 1770 do-

334 1807 521 1872 scribuntur
540 1808 726 1890 (Truditrona
749 1809 988 1891 necrolopnpnee,
1013 1827 1052 1870 on
1074 1810 1164 1872 rdoitr
1186 1809 1223 1874 de
1245 1810 1413 1892 l'nntiprr'tt
1431 1818 1457 1873 et
1475 1810 1511 1874 dr

334 1931 439 1993 piapen
468 1929 524 1995 ope
552 1931 589 1976 en
611 1911 745 1974 occrilent
765 1928 823 1973 snr
844 1912 984 1993 quelques
1009 1914 1110 1995 points
1138 1913 1176 1976 de
1197 1911 1344 1993 lofolrln
1374 1914 1416 1976 dn
1441 1931 1511 1976 arer-

335 2016 472 2078 oer'llrnae
500 2014 593 2078 etde
621 2013 765 2076 Plistoire
793 2014 961 2093 noturelle,
996 2013 1114 2096 pulrlils
1149 2033 1212 2096 pur
1239 2015 1325 2080 tuter
1346 2019 1458 2100 anper
1481 2016 1512 2080 le

335 2119 457 2199 llr'vrey.
498 2120 570 2180 Por.
597 2119 703 2196 l836).
756 2118 891 2197 sumpsit
926 2117 1011 2180 huno
1039 2117 1157 2182 librum
1186 2120 1346 2198 Bergerus
1374 2139 1392 2183 o
1418 2119 1512 2185 codice

335 2221 452 2284 saeculi
476 2221 591 2284 decimi
620 2222 676 2301 qui
704 2220 777 2282 olim
801 2221 884 2281 Petri
909 2220 1027 2282 Pitheci
1058 2219 1117 2283 luit
1143 2232 1175 2284 et
1203 2231 1371 2302 praetcrea
1393 2221 1512 2285 Phaedri

336 2323 458 2386 fabulas
481 2325 630 2386 eontinet.
684 2321 769 2385 idom
798 2321 892 2400 liber,
923 2322 981 2385 sed
1009 2325 1163 2404 integrior
1190 2323 1272 2404 (nam
1302 2327 1337 2388 in
1361 2327 1513 2388 Pithoeano
1585 2395 1586 2416 χ

336 2426 444 2490 codice
468 2437 500 2490 et
522 2427 621 2490 maior
643 2445 717 2507 pars
739 2425 945 2507 praelationis
974 2436 1005 2488 et
1033 2428 1120 2489 tertii
1148 2430 1367 2491 commentarii
1392 2428 1513 2510 capitula

336 2541 464 2611 praeter
485 2531 625 2611 primum
648 2530 752 2592 omnia
775 2529 889 2591 omissa
912 2529 996 2612 sunt)
1031 2529 1114 2592 inest
1144 2531 1176 2592 in
1206 2530 1314 2594 codice
1337 2531 1514 2611 Guelferby-

335 2645 409 2697 tnno
432 2652 553 2710 extrui,
587 2632 642 2714 qui
664 2633 739 2694 olim
767 2632 827 2695 luit
855 2634 1038 2695 monasterii
1062 2632 1346 2714 Wiaenburgensis
1374 2636 1514 2716 scriptus-

337 2757 400 2818 que
424 2746 472 2800 est
495 2736 608 2798 eodem
631 2736 755 2798 saeculo
777 2735 910 2797 decimo.
958 2734 998 2798 de
1022 2753 1084 2816 quo
1106 2735 1213 2799 codice
1236 2736 1414 2802 Ludovious
1434 2740 1515 2799 Tros-

336 2842 403 2902 sius
418 2839 501 2902 dixit
523 2848 554 2902 et
577 2859 639 2902 uon
663 2841 748 2902 nulla
772 2837 847 2901 inde
864 2839 1024 2918 excerpsit
1046 2839 1078 2900 in
1095 2839 1231 2919 epistula
1247 2858 1342 2921 quam
1359 2840 1400 2904 ad
1413 2841 1514 2904 lulium

336 2942 543 3006 Fleutelotum
566 2944 694 3024 scripsit
716 2953 747 3004 et
764 2943 965 3004 Hammonius
988 2960 1071 3004 anno
1086 2961 1253 3004 mcccxtrr
1276 2941 1392 3006 edidit.
1428 2942 1515 3006 hebe-

336 3045 413 3108 bant
435 3056 541 3108 autem
565 3043 677 3108 eodem
699 3045 823 3107 saeculo
846 3043 969 3107 decimo
990 3044 1108 3108 librum
1139 3045 1228 3108 illum
1260 3048 1356 3110 etiam
1387 3045 1515 3110 monaehi

336 3148 527 3211 Bobienses:
559 3167 632 3212 nam
656 3167 753 3229 quem
783 3147 882 3210 index
911 3147 1064 3210 librorum
1088 3147 1294 3212 Bobicnsium
1322 3171 1340 3212 a
1364 3149 1515 3214 lluratorio

338 3253 369 3313 in
391 3253 625 3332 Antiquitatum
651 3252 828 3314 ltalicarum
851 3261 934 3314 tomo
955 3251 1051 3312 tertio
1073 3250 1179 3314 editus
1202 3273 1234 3333 p.
1253 3255 1314 3316 823
1339 3271 1515 3316 commemo-

337 3365 385 3416 rat
421 3357 464 3416 lle
492 3355 624 3416 diversis
652 3353 813 3436 peceribus
842 3361 1048 3415 monstrorum
1078 3352 1190 3416 librum
1213 3369 1226 3410 1
1252 3374 1316 3420 non
1345 3357 1514 3420 dubitamus

336 3457 475 3520 eundem
499 3477 580 3520 esse.
615 3456 756 3538 denique
779 3455 909 3519 lacobus
925 3455 1064 3535 Geelius,
1090 3457 1141 3518 vir
1157 3459 1304 3538 eximius,
1330 3461 1422 3524 ouius
1442 3477 1514 3521 mor·
1582 3507 1583 3544 ᾗ

336 3571 400 3623 tem
429 3561 571 3641 graviter
600 3559 757 3622 lerremus
791 3560 851 3620 nisi
881 3560 1035 3622 sciremus
1065 3559 1323 3624 candidissimam
1353 3565 1513 3626 animama
1582 3547 1583 3552 ¹

336 3666 419 3726 tristi
443 3663 627 3726 infelicitate
650 3661 817 3725 liberatam
841 3681 922 3742 esso,
949 3663 982 3724 in
1006 3663 1150 3744 catalogo
1173 3662 1329 3727 librorum
1354 3663 1514 3728 manuscri-

336 3778 462 3849 ptorum
486 3767 540 3848 qui
565 3765 640 3828 inde
662 3764 704 3827 ab
725 3784 808 3827 anno
830 3783 959 3826 unccxtt
984 3764 1197 3828 bibliothecae
1220 3765 1375 3847 lugduno
1397 3771 1513 3831 Batavae

335 3878 539 3944 accesserunt
561 3889 593 3950 p.
613 3868 669 3931 22l
691 3869 947 3930 commemoravit
966 3865 1116 3950 Anonymi
1136 3869 1173 3932 de
1195 3869 1290 3933 beluis
1310 3871 1511 3956 [repetentum

336 3976 484 4036 incertum
514 3991 557 4034 ear
579 3991 635 4053 prro
658 3971 756 4034 codiee
784 3971 969 4052 descriptam
997 3971 1035 4033 ulr
1064 3971 1171 4034 lncobo
1195 3974 1358 4037 Gronovr'o.
1405 3975 1513 4037 initium

336 4079 406 4140 eius
429 4076 513 4138 idam
540 4085 587 4138 ast
616 4085 711 4155 atque
743 4073 817 4136 libri
841 4075 1020 4152 Pithoeani‚
1052 4073 1110 4137 sed
1133 4075 1251 4138 desinit
1281 4077 1336 4156 ita,
1369 4085 1402 4140 ul
1422 4075 1512 4138 omit

335 4179 395 4242 sibi
415 4179 513 4242 cibnm
536 4179 734 4259 anquirerent
752 4176 933 4258 parentibus
957 4179 1037 4240 Finit
1059 4177 1178 4240 libellus
1201 4179 1368 4256 debelrem,
1396 4178 1513 4261 quibus-

335 4303 407 4345 cum
430 4301 536 4362 nequo
560 4282 654 4362 plone
678 4282 824 4361 congruit
846 4279 929 4342 liber
953 4281 1142 4344 Pithoeanus
1168 4280 1209 4362 (v.
1229 4300 1251 4343 tr
1275 4283 1327 4366 32)
1356 4301 1455 4364 neque
1473 4279 1512 4340 eis
1580 4363 1581 4368 γ

334 4383 445 4447 verbis
467 4385 588 4446 finitur.
635 4403 675 4448 ex
698 4385 798 4465 patris
820 4383 1012 4464 apographo,
1044 4393 1081 4446 ut
1103 4385 1165 4446 iam
1189 4385 1397 4466 intellegitur,
1423 4381 1512 4446 dbm·
1580 4383 1581 4414 ¹

336 4489 448 4552 hamus
470 4488 648 4552 Gronovius
670 4505 733 4550 uon
756 4485 843 4550 nulla
866 4487 971 4550 attulit
993 4486 1034 4551 ad
1055 4485 1179 4550 Aeliani
1208 4487 1250 4550 de
1273 4499 1387 4554 natura
1407 4487 1512 4550 mina·
