3184 5108
372 384 461 444 lnnex
484 399 650 444 1331133311
672 383 967 444 31333333131861.
1192 371 1263 442 281

95 581 183 636 umen
203 571 311 634 iubent
331 572 407 634 moli
427 571 564 653 specieru.
611 572 663 633 sui
683 589 770 632 umor
792 577 837 634 cst
864 579 892 634 et
917 573 1120 653 permanendi
1143 593 1268 636 conscr-

95 677 233 758 ooudt'que
260 693 293 738 se
315 675 409 737 insito
436 675 576 736 33133133
605 681 693 755 atque
721 673 916 755 adspernatio
943 675 1163 756 dissolutionis,
1196 679 1268 759 quio

94 781 201 842 3133133
227 779 323 840 multa
350 776 436 839 uoltis
463 776 542 839 dena
563 781 682 859 eripere
709 784 738 839 et
764 795 819 839 333
847 795 890 838 em
917 775 974 840 1133
1002 781 1053 841 cui
1073 779 1268 843 adsuevimus

94 901 187 945 rerum
219 883 306 963 capio
333 881 469 943 educere.
529 880 586 942 illu
618 899 732 962 quoque
763 899 814 942 res
843 883 935 943 morti
966 900 1021 945 333
1048 883 1164 944 3113331
1190 884 1269 965 meod

92 987 236 1048 13331331
257 986 407 1059 novimus,
440 983 495 1045 illa
517 983 558 1046 ad
579 1001 656 1065 prae
678 985 844 1045 transituri
864 1001 969 1046 sumus
990 986 1142 1048 nescimus
1164 987 1269 1068 paulic

92 1093 146 1154 siut
171 1097 198 1152 et
224 1088 384 1149 horremus
411 1087 524 1168 193313.
577 1086 732 1148 mussulis
756 1093 919 1166 praetereo
952 1087 1144 1150 tenebrarum
1172 1097 1267 1152 metus

92 1202 137 1272 est,
168 1196 199 1254 iu
225 1209 302 1272 quus
333 1188 505 1251 adductura
533 1206 616 1250 mms
645 1187 791 1251 creditur.
845 1190 973 1270 egregia
1001 1190 1105 1253 omnia
1134 1202 1209 1255 sunt
1237 1202 1268 1254 et

92 1307 224 1359 accurate
247 1294 344 1372 dicta,
373 1300 503 1372 praeter
530 1299 636 1352 tamen
665 1291 718 1353 illa
740 1309 822 1372 quae
849 1305 920 1372 post
942 1295 994 1356 sui
1014 1312 1101 1356 autor
1123 1303 1166 1357 est
1191 1314 1267 1376 pro-

92 1403 166 1462 xima
186 1406 271 1460 sunt.
318 1414 392 1458 nam
415 1412 478 1456 non
506 1394 633 1474 plenam
656 1394 721 1456 illic
743 1393 897 1457 babemus
919 1397 1104 1476 orationem,
1136 1397 1193 1460 sed
1216 1401 1268 1460 in-

91 1502 252 1584 perfectam
289 1509 322 1561 31
349 1498 440 1579 quasi
467 1495 686 1560 balbutientis.
740 1515 846 1578 neque
873 1517 948 1560 vero
984 1498 1199 1562 tantummodo
1226 1501 1267 1564 ad

92 1602 292 1685 conplendam
314 1601 462 1664 orationis
486 1598 617 1662 formam
637 1599 759 1681 aliquid
781 1599 882 1680 deest,
907 1601 964 1664 sed
987 1602 1068 1664 male
1091 1604 1267 1666 conmixtae

92 1718 158 1770 sunt
183 1706 264 1769 duae
288 1704 493 1786 expositionis
520 1712 638 1783 partes.
686 1704 804 1765 etenim
833 1702 919 1783 quod
946 1705 996 1767 sui
1024 1723 1112 1767 amor
1138 1716 1170 1768 et
1191 1725 1267 1789 per-

92 1809 229 1873 manendi
260 1805 534 1886 conservandique
568 1825 602 1868 33
633 1807 728 1869 133113
756 1806 902 1869 voluntas
935 1817 1030 1888 atque
1065 1807 1267 1891 adspernatio

91 1912 296 1976 dissolutionis
325 1906 468 1972 efficiunt
495 1919 530 1971 31
558 1909 702 1972 homines
732 1917 864 1971 mortem
895 1919 1049 1990 metuant,
1080 1910 1113 1973 id
1142 1930 1205 1974 non
1233 1913 1267 1975 iit

92 2027 248 2098 propterea
272 2012 358 2095 quod
380 2031 464 2075 mors
486 2012 584 2076 multa
607 2010 690 2074 bona
713 2011 760 2074 eis
782 2013 908 2092 eripere
935 2023 967 2076 et
989 2014 1125 2078 educere
1148 2035 1201 2078 eos
1228 2035 1267 2078 ex

92 2121 143 2181 hac
168 2121 217 2182 cui
240 2117 457 2180 adsueverunt
485 2135 592 2178 rerum
623 2115 711 2194 copia
733 2114 872 2192 videtur,
904 2114 961 2178 sed
989 2116 1049 2179 bae
1081 2117 1162 2180 duae
1191 2129 1266 2181 sunt

91 2243 141 2286 our
161 2240 245 2284 mors
266 2221 416 2282 timeatur
435 2237 559 2298 causae,
583 2219 683 2281 altera
697 2217 901 2300 adspernatio
917 2218 1143 2299 dissolutionis,
1168 2222 1267 2284 altera

89 2336 184 2388 metus
212 2343 252 2386 ne
280 2331 429 2385 consueta
464 2321 547 2382 bona
577 2322 765 2404 eripiantur.
824 2323 930 2403 itaque
960 2323 1043 2386 inter
1071 2323 1268 2404 adspernatio

89 2429 287 2492 dissolutionis
312 2426 437 2506 etquid
462 2425 584 2487 videtin
614 2443 650 2486 ea
673 2423 862 2488 exciderunt
891 2425 1009 2505 quibus
1031 2428 1150 2489 Seneca
1176 2429 1268 2508 prius

88 2540 302 2613 argumentum
325 2526 460 2591 absolvit
482 2537 513 2590 et
536 2526 576 2589 ad
598 2527 730 2590 alteram
753 2546 879 2590 causam
902 2547 960 2590 cur
988 2547 1005 2591 3
1027 2539 1128 2592 313113
1150 2529 1268 2593 abhor-

90 2653 207 2697 reamus
230 2633 397 2696 transitum
420 2630 506 2693 13311.

166 2738 261 2800 113113
288 2735 349 2796 3113
377 2744 452 2797 3331
478 2735 511 2796 13
534 2734 673 2796 Senecae
702 2734 830 2815 scriptis
858 2731 899 2796 dc
929 2733 1047 2814 quibus
1075 2753 1137 2796 ncn
1169 2735 1268 2797 inuti-

90 2841 156 2902 liter
184 2840 348 2921 disputare
375 2857 468 2919 posse
495 2835 588 2898 nobis
610 2835 770 2898 videmur.
824 2853 905 2916 qnae
935 2834 1066 2900 sortasse
1095 2839 1156 2900 alio
1185 2847 1267 2900 tem-

89 2963 158 3023 pore
187 2943 350 3024 paullatim
377 2958 619 3023 persequemur,
653 2940 679 3002 si
710 2957 747 3001 ea
769 2957 850 3019 quae
879 2939 931 3002 hic
952 2941 1115 3003 attulimus
1145 2939 1268 3002 idoneis

89 3045 242 3108 iudicibus
270 3062 334 3105 non
362 3042 563 3124 displicuisse
593 3041 862 3104 intellexerimus:
897 3061 984 3104 nunc
1013 3042 1054 3105 de
1083 3045 1179 3105 satira
1208 3044 1267 3106 Se-

90 3167 179 3210 necae
207 3165 306 3230 panca
329 3146 514 3209 subicimus.
561 3144 601 3207 de
624 3163 686 3226 quo
716 3143 823 3206 libello
845 3143 938 3208 valde
967 3145 1066 3208 laceto
1095 3157 1191 3228 atque
1213 3166 1267 3209 ar-

89 3261 167 3332 guto,
192 3251 248 3314 sed
271 3248 472 3313 librariorum
495 3248 658 3312 erroribus
674 3247 900 3328 doctorumque
923 3248 1085 3312 hominurn
1108 3269 1269 3312 commen-

89 3355 126 3416 tis
152 3353 281 3415 mirifice
310 3362 441 3430 vexato,
479 3371 551 3415 cum
578 3352 655 3414 satis
689 3352 787 3414 multa
815 3338 967 3432 pro'lerre
998 3353 1154 3433 possimus
1183 3364 1307 3434 quaest

89 3455 335 3520 emendationem
369 3466 423 3518 331
456 3464 574 3519 certam
610 3465 663 3518 aut
695 3455 766 3516 veri
798 3453 966 3518 admodum
1000 3454 1135 3517 similem
1171 3474 1267 3537 prae-

90 3558 196 3638 beant,
236 3560 390 3640 pleraque
416 3577 502 3620 nunc
529 3559 718 3637 omittimus,
751 3559 899 3638 quoniam
930 3576 1037 3619 rumor
1064 3556 1266 3639 percrebruit

90 3660 245 3740 proditura
269 3681 341 3724 mox
364 3681 433 3724 esse
456 3660 650 3742 exemplaria
672 3659 790 3723 cruditi
811 3660 948 3722 hominis
970 3660 1134 3740 diligentia
1157 3679 1267 3723 emen-

90 3761 171 3827 data:
203 3764 374 3828 scribimus
396 3774 500 3828 autem
529 3765 608 3826 haec
630 3771 767 3826 exeunte
791 3782 900 3826 mense
922 3762 1035 3844 Aprili.
1083 3763 1152 3826 fieri
1182 3765 1267 3826 enim

90 3885 147 3927 non
181 3877 283 3948 potest
312 3869 390 3948 quin
426 3868 478 3929 ille
509 3865 663 3948 quasdam
699 3864 831 3928 mendas
866 3885 945 3948 quas
975 3865 1096 3929 dudum
1133 3875 1268 3928 remotas

91 3987 154 4031 3333
176 3971 313 4051 oportuit
335 3970 446 4034 codem
475 3969 651 4050 modoque
679 3987 736 4031 nos
764 3969 941 4031 sustulerit.
987 3969 1045 4032 sed
1071 3971 1104 4031 in
1127 3988 1268 4031 commu-

90 4073 208 4135 nionem
231 4075 434 4136 inventorum
456 4091 629 4154 properare
650 4073 758 4153 pusilli
782 4073 901 4153 ingenii
925 4092 994 4136 csse
1013 4072 1159 4135 ducimus
1182 4073 1268 4134 illas-

92 4191 147 4253 que
175 4175 214 4238 de
243 4187 386 4258 tempore
414 4195 477 4256 quo
505 4177 578 4257 quis
603 4174 726 4257 aliquid
753 4177 842 4254 prior
870 4175 931 4237 3113
957 4174 1077 4237 viderit
1103 4185 1268 4238 concerta-

91 4281 186 4341 tiones
217 4279 378 4361 physicis,
415 4288 451 4341 31
484 4279 537 4341 1113
566 4279 627 4357 311,
666 4278 887 4358 relinquimus.
946 4279 1053 4357 itaque
1089 4297 1151 4339 non
1182 4279 1268 4340 nulla

91 4389 204 4444 1331331
233 4382 407 4445 adferimus
437 4399 572 4461 qnorum
602 4383 707 4444 minus
735 4389 845 4461 aperta
873 4380 951 4441 ratio
978 4387 1027 4443 cst
1056 4389 1088 4442 et
1118 4381 1268 4442 incertior

93 4479 214 4547 fortasse
236 4467 470 4566 31311311111133.
