3268 5108
409 367 497 428 lannx
519 383 685 427 ascalonia
708 384 887 428 Als'lthllvlt
914 365 1007 428 lati.
1254 351 1303 422 45

124 551 331 630 quaerendum
355 573 424 616 esse
452 553 602 636 adparet:
636 573 742 635 neque
765 555 850 616 enirn
873 553 1021 617 amnibus
1044 552 1194 617 inundari
1218 567 1305 616 carn-

124 677 169 738 pos
187 676 266 739 opus
290 665 397 720 estut
424 656 562 720 nebulae
590 677 650 740 per
672 677 726 720 eos
748 657 939 734 tundantur3
973 659 1048 720 satis
1071 668 1129 737 est,
1155 659 1182 719 si
1206 657 1304 719 vicini

122 771 184 822 sunt
196 759 358 824 amnibus.
392 762 499 841 itaque
515 760 656 823 scribere
672 771 813 843 praestat
828 780 900 842 quos
916 779 1023 823 rnnrrr
1039 763 1149 824 omnis.
1185 759 1303 823 deinde

122 882 237 927 rituum
260 883 303 926 ex
325 865 479 945 inpressis
502 884 562 927 non
587 865 684 927 nullis
713 865 911 948 recepimus,
942 875 975 926 et
1005 864 1089 927 idern
1113 863 1231 928 habere
1254 865 1305 925 vi-

122 966 202 1030 detur
217 967 320 1031 codex
337 966 625 1048 Cantabrigiensis:
652 987 724 1030 nam
737 968 878 1049 (lumino,
903 967 988 1049 quod
1004 969 1037 1030 in
1054 969 1187 1048 reliquis
1202 978 1262 1046 est,
1273 967 1299 1050 *l

123 1070 237 1150 probari
260 1072 385 1152 nequit,
410 1090 500 1151 cum,
525 1073 593 1134 sive
616 1070 752 1134 nebulas
773 1073 841 1133 sive
863 1090 958 1135 auras
980 1072 1110 1134 llumina
1133 1070 1218 1134 terre
1241 1071 1304 1134 dici

122 1187 270 1254 putamus,
295 1194 393 1256 parva
415 1193 451 1237 ea
474 1174 606 1238 flumina
628 1175 784 1256 adpellari
808 1177 953 1258 ineptum
975 1177 1029 1253 sit;
1057 1173 1195 1238 debebat
1217 1185 1304 1236 certe

120 1275 174 1340 dici
194 1279 244 1342 vel
262 1279 527 1360 percutientise.
568 1281 674 1359 itaque
697 1271 881 1360 putabimus
903 1277 1042 1340 describi
1066 1297 1160 1341 auras
1183 1297 1224 1340 ex
1246 1298 1305 1339 nc-

121 1379 195 1444 bulis
225 1392 259 1443 et
281 1401 390 1444 umore
414 1383 554 1462 primum
582 1401 680 1464 parvo
703 1382 779 1444 flatu
801 1385 959 1462 orientes,
992 1380 1110 1444 deinde
1140 1383 1303 1464 paullatim

121 1483 257 1547 lortiores
280 1495 311 1547 et
328 1487 445 1547 maiore
462 1485 578 1567 spiritu
592 1496 793 1568 proruentes.
834 1487 866 1547 in
889 1485 1083 1566 paenultimo
1099 1504 1195 1547 versu
1212 1485 1304 1548 valde

121 1586 269 1651 laudanda
292 1599 340 1651 est
362 1590 515 1670 sagacitas
538 1588 657 1669 iacobi,
683 1591 739 1670 qui
762 1609 862 1652 noar!
885 1574 1092 1651 scribendum
1115 1607 1185 1651 esse
1208 1589 1305 1650 intel-

119 1690 186 1752 lexit
207 1692 266 1755 ubi
289 1694 323 1754 in
346 1691 438 1754 libris
460 1711 566 1754 rerum
584 1693 712 1774 legitur.
752 1692 893 1774 denique
917 1695 949 1754 in
973 1693 1082 1754 ultimo
1097 1712 1193 1756 versu
1209 1711 1304 1774 prae-

119 1805 172 1856 stat
198 1795 333 1858 tortasse
362 1799 462 1874 intro,
495 1796 580 1877 quod
610 1798 643 1856 in
673 1794 780 1858 codice
805 1796 1048 1858 Helmstadiensi
1077 1815 1095 1858 a
1125 1807 1302 1858 correctore

118 1900 260 1980 scriptum
285 1909 350 1980 est:
382 1918 574 1980 quamquam
598 1899 728 1962 delendi
756 1911 860 1981 potest
881 1898 978 1981 infra.
1026 1899 1082 1962 has
1105 1900 1202 1980 igitur
1225 1919 1304 1980 quas

119 2005 309 2064 enumeravit
325 2013 494 2066 ventorum
516 2003 799 2066 subterraneorum
822 2022 932 2066 causas
955 2003 1129 2084 conplexus
1151 2013 1242 2083 pocta
1262 2005 1303 2064 ila

117 2108 222 2186 pergit,

236 2209 285 2272 bis
308 2212 403 2294 ipitur
424 2212 528 2273 eaesis
550 2219 644 2272 extra
662 2211 842 2292 penitusque
863 2211 959 2272 coacti

237 2316 399 2398 coeapdont
419 2316 512 2392 venti,
534 2322 675 2397 properant
696 2315 730 2376 in
748 2313 902 2396 sonabas,
928 2321 996 2376 orte

233 2426 407 2500 pupnontes
429 2418 560 2500 suffocat
580 2419 649 2490 iter,
675 2417 757 2480 velut
777 2417 864 2480 αηάα
881 2416 1037 2498 profundo

237 2529 341 2602 terem
362 2528 527 2604 quaterque
549 2520 703 2584 moesto
722 2538 835 2604 proves
857 2519 910 2581 ubi
926 2519 1059 2603 perbibit
1080 2539 1180 2596 curos,

238 2625 427 2707 inpemiaoot
445 2624 556 2705 flectus
579 2633 607 2687 et
623 2625 742 2706 primos
763 2625 888 2688 ultimus
910 2631 1017 2706 arpen

238 2727 323 2790 haud
344 2747 430 2790 secus
453 2728 619 2791 adstrictus
642 2730 805 2790 certamine
828 2729 963 2810 tangitur
986 2729 1046 2789 ictu

238 2833 367 2912 spiritus
389 2833 603 2914 involvensque
625 2851 680 2895 suo
702 2831 762 2894 sibi
778 2831 913 2912 pondere
935 2833 1018 2893 vires

239 2933 336 2996 dorso
354 2953 413 3016 per
434 2943 571 2998 ortcates
595 2943 718 2999 eoecrcet
738 2954 868 3016 corporo
890 2953 984 2998 venos

239 3045 267 3099 et
287 3057 474 3121 omnique
497 3039 554 3102 iter
576 3047 621 3102 est
637 3046 788 3120 properat
809 3040 978 3120 transitque
999 3048 1178 3115 aaronem,

240 3141 331 3204 donec
352 3141 499 3222 conduma
521 3142 666 3206 revolutis
689 3141 822 3205 aestibus
844 3146 943 3205 omnis

239 3246 329 3308 acite
349 3253 438 3327 atque
457 3247 568 3326 furcos
590 3255 652 3310 toto
673 3248 766 3308 vomit
787 3249 892 3330 iyaeus
913 3244 1021 3309 Aetne.

118 3349 229 3427 primos
257 3349 337 3412 duos
364 3369 477 3412 versus
507 3350 684 3412 rectissime
708 3351 848 3431 Scaliger
878 3351 1058 3430 constituit,
1090 3361 1303 3433 putemusque

119 3450 257 3514 iacobum
278 3455 307 3514 ei
332 3452 425 3516 bodie
447 3453 620 3516 adsentiri:
654 3454 746 3516 nihili
777 3455 862 3516 enirn
885 3462 959 3516 sunt
982 3472 1062 3535 quae
1085 3452 1160 3516 libri
1185 3454 1303 3518 habent

117 3557 214 3636 opiter
236 3565 267 3617 et
288 3559 398 3620 coactis
420 3555 446 3638 (a
469 3577 531 3638 quo
554 3578 617 3620 non
640 3557 804 3634 diversum
827 3568 875 3620 est
898 3556 984 3638 quod
1008 3560 1040 3619 in
1064 3557 1172 3620 codice
1195 3559 1303 3620 llelm-

117 3657 264 3720 stadiensi
285 3661 440 3742 soriptum
463 3670 511 3724 est
534 3661 662 3744 coortus)
683 3671 716 3725 et
737 3659 908 3743 ocutos.**)
951 3661 984 3722 in
1000 3679 1096 3723 versu
1119 3662 1212 3722 tertio
1227 3681 1302 3724 vcra

119 3760 209 3826 verba
228 3772 400 3847 pugnantes
421 3765 550 3846 suffocat
572 3767 645 3841 iter,
675 3783 757 3845 quae
781 3765 813 3826 in
837 3764 972 3845 reliquis
994 3763 1085 3825 libris
1109 3764 1222 3826 leviter
1244 3763 1304 3824 de-

119 3875 241 3943 pravata
264 3878 347 3948 sunt,
372 3869 505 3932 totidem
528 3869 644 3931 litteris
666 3869 784 3950 scripta
807 3867 903 3930 habet
920 3865 1201 3948 cantabrigiensis.
1231 3885 1304 3928 mox

119 3985 289 4032 racematur
311 3973 505 4053 aScaligero
527 3975 724 4052 accepimus:
750 3991 823 4034 nam
846 3971 1011 4054 iopemicat
1025 3969 1156 4033 delendi
1173 3970 1302 4052 quidem

118 4083 225 4153 potest,
251 4074 305 4137 sed
321 4085 357 4136 ut
373 4076 405 4137 in
424 4085 506 4138 tanta
525 4076 706 4138 mutationis
722 4074 873 4138 facilitate
897 4074 1071 4154 elegantior
1092 4076 1192 4137 oratio
1208 4091 1304 4154 prac-

119 4176 188 4238 lerri
204 4175 329 4241 debeat.
370 4178 489 4242 deinde
505 4199 651 4244 rariores
673 4179 789 4260 optima
813 4187 862 4240 est
877 4176 978 4239 lacobi
1003 4175 1199 4238 emendatio:
1227 4175 1313 4244 libri.

121 4331 316 4346 ¹—-——.

198 4419 223 4481 'l
244 4417 304 4485 [list
321 4425 398 4472 etiem
415 4425 442 4472 ia
463 4418 698 4487 decoemarum]

182 4503 222 4568 ”l
245 4505 337 4570 [liduit
355 4509 596 4573 damnosiores
613 4522 640 4558 o.
653 4513 705 4560 320
723 4505 831 4570 ortum]
