3204 5104
421 421 509 482 lunari
533 439 698 484 taorrouru
721 440 904 484 arenariam
925 423 1018 485 l867.
1237 409 1311 484 369

211 610 247 670 ln
275 612 415 671 oratione
444 609 485 672 de
513 611 583 690 lege
612 612 734 691 agraria
761 629 783 672 rr
818 609 898 692 (nam
928 631 969 673 ex
995 612 1191 676 orationibus
1220 617 1315 677 etiam

121 715 289 792 specimen
320 712 447 794 aliquod
477 723 647 794 temptatae
677 713 907 776 emendationis
936 715 1125 795 depromere
1155 718 1309 801 volumus)

121 811 139 896 ξ
162 816 203 875 30
230 817 311 878 haee
332 817 484 896 legimus,
516 823 549 877 at
577 817 674 879 uidete
702 836 793 899 quam
816 818 974 900 ditipeoter
996 820 1125 880 retineat
1146 821 1195 882 ius
1218 821 1315 883 trita

119 921 222 981 ar'oiae
250 920 418 1000 potestatis.
465 919 645 981 conuitium·
666 920 759 1002 lepem
781 922 932 982 curiatam
951 920 1119 1002 serentibus
1142 941 1162 984 o
1185 924 1315 986 tribunis

117 1021 218 1102 plebis
243 1041 333 1103 saepe
355 1029 399 1084 est
420 1025 617 1084 intercessum
647 1022 756 1104 (aequm
784 1031 883 1085 tameo
905 1042 960 1085 aas
982 1023 1015 1084 id
1043 1027 1218 1107 querimur,
1251 1045 1315 1089 esse

118 1125 201 1187 lianc
225 1124 419 1186 tribunorum
437 1123 535 1205 piebis
554 1133 746 1205 patestatem,
779 1133 896 1188 tautum
924 1126 1009 1187 modo
1032 1129 1061 1188 si
1084 1130 1151 1209 quis
1175 1147 1211 1190 eo
1230 1137 1315 1210 ¹pote-

118 1236 198 1290 state
215 1235 326 1289 temere
342 1235 386 1290 est
402 1245 477 1289 usus
493 1228 735 1310 existimomusl:
761 1227 965 1291 distributius
984 1228 1080 1309 plebis
1104 1230 1163 1312 lapi
1177 1233 1315 1293 curiatae

116 1350 214 1413 piram
235 1339 364 1412 praetor
381 1330 467 1413 serat
487 1331 595 1393 adimit
615 1330 820 1393 r‘utereedeodi
838 1338 1023 1412 potestatem.
1070 1335 1224 1414 seriptum
1248 1345 1315 1396 erat

117 1436 183 1518 iope
199 1435 325 1497 auriota
343 1451 433 1515 mam
453 1431 692 1513 praeterferat,
718 1432 775 1495 sed
798 1436 993 1496 necessarios
1015 1453 1085 1496 esse
1108 1435 1230 1498 dativos
1244 1447 1316 1517 post

117 1537 347 1601 Lauredanum
375 1536 522 1617 plerique
551 1535 790 1598 intellexerunt.
845 1547 965 1599 restant
998 1538 1057 1599 alia
1089 1538 1152 1601 duo
1186 1539 1311 1602 menda.

116 1661 195 1704 nem
221 1642 435 1702 emistimamus
457 1657 520 1700 non
543 1639 669 1719 plenam
686 1639 781 1700 ellioit
803 1641 1002 1702 sententiam.
1051 1642 1158 1721 itaque
1181 1650 1235 1704 aut
1257 1662 1315 1704 ex-

115 1744 200 1806 oidit
224 1741 346 1822 aliquid
369 1750 423 1804 aut
445 1742 566 1821 patius,
597 1740 684 1822 quod
713 1742 810 1803 multo
832 1743 901 1803 veri
931 1753 980 1804 est
1006 1744 1159 1822 similius,
1193 1764 1232 1805 ex
1254 1745 1314 1806 alio

115 1845 203 1910 illud
227 1844 327 1907 verbo
350 1844 558 1924 depravatum
581 1853 639 1905 est.
688 1843 772 1924 quod
788 1863 850 1905 non
872 1853 974 1924 potest
989 1845 1087 1908 fuisse
1103 1847 1314 1926 excogitatum

114 1969 131 2010 a
158 1948 356 2028 Pantagatho
387 1954 621 2026 merueramus,
654 1944 788 2008 verbum
819 1947 917 2008 multo
945 1966 1037 2028 quam
1069 1951 1226 2011 sententia
1252 1949 1315 2011 fert

114 2051 359 2116 vehementiae.
412 2050 503 2130 longe
534 2049 648 2112 melius
678 2050 818 2111 Halmius
846 2049 1051 2114 scribendum
1082 2071 1152 2113 esse
1181 2054 1316 2114 oonieoit

112 2156 339 2238 eoeapitomus:
373 2170 565 2232 quamquam
595 2152 778 2232 quaerenda
809 2171 878 2214 esse
912 2153 1042 2216 videtur
1075 2155 1178 2216 lenior
1209 2155 1314 2236 paullo

113 2255 318 2323 emendatio.
365 2253 404 2316 ad
427 2255 561 2317 alterum
585 2254 735 2316 mendum
752 2254 834 2318 docti
849 2255 993 2318 homines
1008 2259 1149 2320 animum
1170 2275 1234 2318 non
1257 2256 1315 2319 ad-

113 2367 304 2425 verterunt.
349 2376 464 2420 rerum
486 2376 548 2418 non
573 2366 657 2418 reete
680 2375 714 2419 se
737 2357 833 2420 habet
862 2357 942 2420 illud
968 2377 1063 2441 neque
1085 2367 1184 2421 tamea
1206 2378 1260 2421 aas
1283 2359 1315 2420 id

112 2466 302 2547 mmmmm,
327 2460 384 2523 sed
407 2467 506 2522 tamea
528 2459 667 2522 alionum
692 2469 750 2522 est.
796 2470 920 2540 poterat
941 2461 1004 2523 diei
1027 2480 1121 2543 aeque
1143 2481 1233 2540 aero,
1257 2480 1316 2543 po-

114 2575 206 2631 terat
232 2565 419 2644 simplioiter
433 2581 546 2644 nepae:
571 2560 628 2624 sed
650 2563 737 2625 aliud
758 2561 888 2624 videtur
909 2563 1026 2642 latere,
1052 2563 1211 2626 obtectum
1235 2565 1314 2626 illud

113 2673 198 2733 vitio
223 2668 402 2747 scripturae
424 2663 593 2727 admodum
616 2665 750 2744 vulgari.
796 2675 943 2746 putamus
966 2668 1051 2727 enim
1075 2667 1210 2728 Tullium
1234 2670 1329 2729 sori-·

112 2776 226 2857 psisse
255 2787 348 2850 nepte
375 2787 434 2829 riu
463 2786 518 2829 aas
546 2767 578 2829 id
606 2769 781 2848 querimur,
813 2787 877 2830 esse
904 2768 984 2831 hauc
1006 2769 1198 2831 tribunorum
1216 2769 1314 2850 plebis

109 2879 316 2960 potestatM,
349 2879 465 2932 tautum
493 2870 579 2931 modo
608 2872 724 2950 siquis
747 2889 783 2932 eo
801 2879 946 2951 potestate
968 2879 1077 2933 temere
1099 2878 1143 2933 est
1163 2889 1238 2934 usus
1261 2891 1314 2933 ax-

113 2993 322 3042 rosrruurs.
376 2975 408 3034 in
437 2974 577 3035 oratione
605 2973 787 3036 adouratius
814 2973 1004 3036 oonlormata
1032 2981 1102 3054 post
1131 2992 1224 3055 aeque
1252 2982 1313 3037 tam

112 3077 298 3145 dicendum
329 3086 397 3138 erat
424 3093 532 3158 quom:
568 3076 625 3137 sed
659 3077 791 3138 mutavit
820 3077 928 3138 Cicero
957 3077 1133 3138 institutam
1162 3078 1314 3138 orationis

112 3186 257 3248 formam
281 3197 318 3241 ea
340 3178 485 3241 libertate
509 3197 603 3259 quarn
619 3178 794 3258 Madvigius
817 3179 849 3240 in
866 3178 1018 3240 Cicerone
1043 3177 1082 3240 de
1103 3177 1220 3240 linibus
1241 3181 1311 3259 pi

113 3298 149 3350 et
177 3288 213 3346 in
232 3281 517 3344 Emendationibus
532 3281 670 3342 livianis
692 3301 724 3362 p.
743 3280 803 3342 titt
829 3281 1012 3343 declaravit.
1060 3283 1215 3363 exemplis
1231 3301 1312 3363 quae

113 3387 260 3473 protulit
281 3383 354 3448 addi
378 3393 481 3466 potest
501 3385 666 3446 Liuianum
690 3403 729 3446 ex
751 3383 833 3446 libro
856 3403 885 3446 rr
907 3403 976 3464 oap.
1002 3385 1060 3444 ll:
1090 3402 1197 3464 neque
1227 3386 1311 3446 enim

112 3494 233 3555 minus
259 3507 345 3551 nune
373 3506 468 3568 quam
497 3488 569 3548 olim
598 3485 639 3570 [1
653 3506 688 3567 p.
714 3484 799 3569 163]
827 3505 993 3548 censemus
1015 3505 1093 3548 esse·
1107 3484 1312 3549 scribendum

112 3613 177 3658 uec
200 3610 261 3654 rau
285 3609 395 3673 apuam
414 3587 510 3671 plebi,
536 3590 589 3652 sed
610 3588 670 3651 sibi
692 3589 839 3650 iuvidiam
853 3591 971 3671 quaeri.
1020 3588 1118 3651 luisse
1135 3591 1190 3670 qui
1213 3597 1312 3652 tamen

113 3699 166 3760 ibi
193 3694 404 3775 explicatione
429 3694 559 3754 minime
582 3691 742 3753 commoda
765 3693 847 3754 tueri
870 3701 1038 3755 aonaretur
1060 3711 1122 3754 non
1145 3695 1309 3768 miremur,

114 3797 319 3876 Madvigium
349 3796 383 3857 id
411 3813 555 3858 servasse
583 3803 732 3876 putamus
761 3814 823 3857 non
853 3795 998 3874 oonsilio,
1031 3793 1090 3856 sed
1118 3794 1204 3875 quod
1232 3794 1312 3857 forte

113 3903 232 3965 minus
247 3896 392 3961 attendit.
433 3898 465 3959 in
481 3898 609 3959 Liviana
631 3898 690 3960 hoo
704 3899 883 3978 ceterisque
901 3897 1145 3960 constructionis
1167 3898 1314 3959 similiter

114 4011 265 4067 mutatae
292 4001 447 4082 exemplis
475 4009 545 4080 post
574 4018 628 4062 aee
650 4008 711 4062 tom
733 4000 784 4062 vel
806 4019 866 4063 riou
889 4007 951 4062 tam
973 4000 1119 4080 sequitur
1146 3999 1217 4076 sed,
1250 4001 1312 4060 nisi

116 4105 211 4189 quod
241 4103 326 4185 apud
348 4105 471 4166 Livium
493 4121 564 4164 xtrv
586 4103 626 4166 tt
655 4121 718 4164 non
745 4103 898 4184 seriptum
928 4112 976 4165 est
1004 4101 1168 4181 inlibris,
1198 4121 1313 4163 verum

114 4204 308 4272 addendum
325 4225 393 4268 esse
408 4206 537 4269 videtur
550 4203 722 4286 Madvigio:
742 4205 942 4268 menifestum
959 4213 1126 4266 astantem
1148 4222 1212 4266 non
1226 4192 1312 4285 opus'

118 4331 196 4375 esse
219 4317 256 4371 ut
278 4307 363 4370 idem
386 4306 506 4389 ubique
530 4309 598 4387 flat,
623 4307 681 4370 sed
703 4310 768 4370 solo
797 4309 850 4369 illo
880 4315 997 4370 tontum
1018 4307 1104 4369 modo
1127 4305 1355 4373 Ciceronemts

117 4423 234 4498 partos
256 4413 435 4474 sententiae
456 4412 532 4473 satis
553 4413 723 4492 perspione
746 4411 942 4473 distinxisse.

212 4517 248 4578 ln
265 4513 376 4576 eadem
391 4514 532 4577 oratione
548 4512 565 4596 §
582 4514 622 4574 96
637 4515 755 4595 scripta
775 4514 851 4576 haee
874 4525 965 4594 sunt,
990 4517 1130 4591 Romam,
1156 4515 1188 4573 io
1203 4513 1314 4574 monii-

175 4629 295 4684 Hanptll
310 4629 420 4681 opusculi
434 4627 463 4670 rt.
1075 4635 1107 4686 24
