3186 5108
309 315 381 388 136
603 331 692 392 lsnsx
714 346 878 392 nuentonvx
899 345 1077 389 ansrrrnm
1102 325 1196 385 l858.

306 530 453 602 repetere
476 518 568 582 nobis
590 517 722 599 quidam
753 519 874 580 consilii
905 535 975 580 esse
997 515 1125 579 videtur
1155 533 1216 576 non
1241 514 1474 596 prudentissimi.

305 623 403 686 veluti
426 622 459 685 in
482 622 578 685 Milite
602 640 633 684 v.
652 623 714 684 282
737 619 821 702 quod
844 620 1035 682 liitschalius
1052 618 1199 680 Bothium
1220 628 1348 682 secutus
1368 618 1476 698 scripsit

753 721 1051 786 mmmm

434 828 508 892 milri
528 848 566 892 tte
588 829 693 891 cmo:
717 829 797 890 scire
819 827 885 888 nolo

309 932 392 1013 (libri
423 933 507 996 enim
531 934 591 994 scis
621 931 772 1015 habent),
803 931 835 992 in
865 949 901 994 ec
932 949 995 991 non
1025 927 1296 1010 adquiescendum
1319 936 1401 1006 erat,
1428 924 1478 987 sed

304 1034 524 1118 quaerendum
547 1054 647 1117 ecquo
675 1045 761 1100 certo
792 1045 824 1097 et
846 1044 956 1096 testato
986 1032 1130 1114 exemplo
1152 1030 1362 1094 demonstrari
1386 1038 1481 1111 posset

303 1148 446 1202 veterem
468 1139 607 1221 aliquem
636 1158 699 1201 non
729 1139 802 1202 scito
824 1137 943 1200 dixisse
971 1134 1029 1200 sed
1051 1137 1113 1198 sci:
1145 1137 1273 1197 interim
1300 1152 1356 1196 nos
1383 1151 1481 1194 monc-

303 1242 459 1324 syllebnnt
481 1245 562 1306 scios
584 1229 760 1324 ponemus.¹

279 1361 292 1407 t
390 1348 513 1409 Factum
538 1355 586 1408 cst
607 1356 713 1410 antem
736 1365 800 1409 non
823 1364 997 1426 numquam
1020 1354 1055 1407 ut
1078 1345 1240 1426 praeclara
1259 1341 1415 1406 llitscbelii
1435 1338 1482 1400 di-

302 1450 421 1512 vinatio
443 1451 534 1530 quasi
563 1448 700 1530 quodam
727 1449 898 1531 splendore
927 1450 1088 1511 oculorum
1116 1449 1217 1510 aciem
1245 1445 1483 1528 praestringeret

302 1571 408 1634 neque
424 1553 664 1634 intellegeretur
679 1553 803 1635 aliquid
818 1553 848 1614 ei
863 1551 904 1614 ad
918 1551 1091 1634 perlectam
1103 1551 1358 1633 probabilitatem
1368 1547 1482 1612 deesse.

303 1677 341 1718 ax
364 1676 426 1737 quo
449 1675 568 1737 genere
591 1657 768 1720 versiculus
790 1664 836 1718 est
867 1656 974 1718 llilitis
996 1656 1049 1718 ii.
1097 1654 1142 1717 ibi
1165 1665 1333 1736 postquem
1354 1651 1484 1716 Artotro-

303 1779 362 1840 gus
384 1769 418 1824 ut
441 1760 554 1823 stolido
577 1760 670 1821 militi
701 1760 824 1840 ingenti
852 1759 1070 1822 adsentatione
1093 1759 1234 1840 placeret
1262 1760 1340 1822 haec
1362 1754 1482 1818 ridicule

304 1862 397 1927 dixit

431 1968 504 2049 quid
526 1968 558 2028 io
582 1964 786 2048 Cappadocia,
810 1965 865 2028 ubi
885 1972 918 2028 tu
940 1967 1116 2048 priapeotcs
1137 1966 1240 2042 simul,

431 2072 467 2132 eti
486 2069 573 2132 liedes
595 2067 761 2132 machaera
778 2068 869 2150 soret,
893 2088 954 2130 uno
978 2070 1038 2132 ictu
1059 2068 1247 2148 occide-rest,

303 2171 475 2256 respondet
498 2172 751 2256 Pyrgopolinices

430 2278 555 2340 sctietos
577 2275 649 2338 belli
669 2275 743 2356 quio
764 2281 841 2352 mot,
866 2275 929 2336 sici
949 2277 1096 2340 viverem.

302 2381 429 2462 egregie
453 2380 555 2462 plane·
570 2378 761 2441 liitschelius
784 2376 938 2441 librorum
963 2380 1075 2441 vitium
1098 2379 1242 2442 sustulit:
1268 2399 1403 2460 quorum
1418 2377 1484 2442 lm-

301 2483 470 2547 brcsianus
491 2483 520 2546 ei
544 2480 664 2544 habere
680 2481 769 2544 visus
792 2489 878 2546 esta
889 2532 981 2548 ......
995 2504 1020 2546 a.
1036 2482 1343 2566 snunrqrunrrnr.*]
1372 2484 1483 2564 reliqua

302 2587 362 2649 tria
384 2586 578 2668 exemplaria
601 2582 720 2666 quibus
748 2594 876 2667 praeter
898 2581 1142 2646 Ambrosianum
1170 2585 1244 2648 solis
1267 2596 1353 2649 recte
1375 2587 1484 2650 utimur

303 2693 380 2753 haec
404 2687 573 2771 praebent,
598 2685 638 2756 At
656 2688 776 2770 peditus
799 2689 860 2750 rete
885 2689 958 2770 quic
983 2694 1084 2764 eram,
1109 2687 1196 2750 unde
1217 2689 1293 2750 olim
1317 2687 1396 2754 laeta
1421 2700 1486 2752 sunt

302 2813 384 2874 quse
407 2792 494 2856 nullo
516 2792 608 2855 modo
630 2791 760 2874 probari
783 2801 926 2872 possunt.
973 2789 1292 2855 animadvertendum
1320 2803 1484 2856 esttamen

304 2897 336 2958 in
359 2895 450 2959 initio
472 2915 585 2958 versus
607 2905 639 2958 et
662 2898 693 2958 in
718 2895 823 2958 tribus
846 2896 908 2958 illis
932 2893 1170 2976 exemplaribus
1188 2892 1229 2957 dt
1247 2897 1402 2977 scriptum
1424 2915 1484 2959 esse

302 3009 335 3062 et
357 2999 390 3061 in
412 2996 621 3062 Ambrosiano
643 3018 660 3062 r
678 3000 818 3062 litteram
841 2998 1011 3060 ltitschelio
1033 2996 1237 3080 adparuisse,
1271 2998 1303 3062 id
1326 2999 1411 3080 quod
1431 3018 1485 3081 pu-

304 3113 406 3166 tamus
429 3121 492 3166 non
514 3101 612 3165 luisse
634 3102 880 3183 neglegendum.
928 3109 1013 3164 recte
1036 3101 1122 3164 enim
1144 3101 1322 3166 scribemus

432 3212 465 3268 ot
486 3207 584 3268 sodes
606 3205 678 3268 belli
698 3206 771 3287 quic
792 3213 871 3281 eret,
895 3205 958 3269 sivi
978 3206 1126 3268 viverent.
1169 3189 1172 3196 ⁴

304 3309 504 3392 aptissimum
532 3327 603 3371 esse
637 3308 854 3371 existimamus
891 3307 971 3370 illud
1000 3315 1043 3370 at.
1102 3309 1193 3372 miles
1223 3309 1308 3372 enim
1343 3330 1404 3373 non
1434 3307 1486 3370 ad-

243 3413 244 3418 ’
304 3412 441 3493 quiescit
464 3412 495 3472 in
521 3409 654 3473 ridicula
677 3412 806 3492 parasiti
830 3411 1061 3488 adsentatione,
1086 3411 1143 3474 sed
1160 3413 1281 3494 pariter
1303 3423 1397 3496 atque
1417 3413 1486 3474 alias

305 3515 379 3577 lacit
402 3523 577 3577 monstrum
599 3513 758 3576 mendacii
779 3523 891 3594 auget:
920 3514 1035 3576 ‘immo’
1059 3515 1165 3596 inquit
1190 3517 1277 3596 ‘quia
1297 3516 1380 3580 bello
1400 3517 1486 3578 satia-

307 3629 357 3681 tus
379 3637 466 3680 erent
482 3619 593 3679 vivere
616 3637 670 3678 eos
692 3618 770 3678 sivi:
796 3615 910 3698 quodsi
926 3617 1107 3696 voluissem,
1132 3619 1183 3681 vel
1207 3618 1314 3682 hebeti
1331 3621 1484 3683 machaera

306 3721 496 3802 quingentos
518 3721 588 3782 illos
609 3720 704 3782 simul
726 3719 988 3792 obtruncassem.’

392 3825 493 3888 llinus
520 3822 656 3886 feliciter
677 3842 772 3904 quant
803 3824 855 3886 hic
878 3824 1049 3886 liitschelio
1070 3823 1152 3887 alius
1174 3827 1323 3889 versiculi
1346 3823 1487 3890 emenda-

306 3929 350 3990 tio
372 3929 476 4005 cessit,
503 3946 599 4008 quem
620 3927 696 3988 satis
718 3935 804 3988 certe
832 3928 1004 3989 mutatione
1028 3929 1197 3990 restituere
1220 3948 1311 4010 posse
1334 3930 1422 3993 nobis
1443 3927 1485 3987 vi-

308 4031 432 4095 demur.
480 4031 512 4092 in
542 4031 641 4092 altera
671 4029 803 4092 alterius
832 4039 921 4092 actus
950 4049 1060 4108 scena,
1093 4030 1170 4093 dum
1198 4032 1367 4096 Palaestrio
1394 4029 1486 4094 adstet

308 4131 501 4214 fraudesque
524 4131 642 4212 quibus
671 4133 803 4195 militem
833 4131 974 4196 ludificet
1004 4134 1190 4213 meditatur,
1224 4135 1485 4218 Periplecomenus

308 4234 513 4316 lepidissimis
536 4234 683 4298 versibus
698 4237 803 4298 varios
824 4237 909 4298 servi
934 4237 1048 4298 multas
1070 4239 1275 4319 cogitationes
1296 4241 1399 4302 animo
1417 4253 1485 4318 per-

377 4456 401 4522 *l
425 4457 516 4522 [liutet
532 4457 717 4511 Ambrosianus
733 4461 761 4510 et
778 4458 941 4526 peditastelli
959 4461 1022 4526 quie
1039 4461 1136 4527 erent]

1573 4681 1574 4708 t
