3204 5104
357 375 430 448 356
651 394 741 455 tuom
762 411 929 456 xxcrrourn
950 412 1128 456 txsrrrnnrx
1146 393 1239 456 4867.

439 580 475 642 in
498 580 608 644 eadem
631 581 766 662 epistula
782 603 814 663 p.
836 582 895 644 tta
911 579 998 666 [152
1012 584 1048 644 N.
1055 580 1076 666 ]
1091 583 1169 645 haee
1190 583 1308 666 scripte
1322 595 1412 662 sunt,
1435 603 1521 646 moneo

354 686 447 769 tqitur
469 688 609 749 Maraeu
637 704 735 746 meum
764 687 854 748 etiam
882 693 971 768 atque
998 687 1088 748 etiam
1110 693 1139 748 et
1162 694 1197 750 ut
1218 689 1386 750 meodueru
1406 688 1519 766 obsecro,

353 791 591 870 quotiescumque
613 781 786 874 ἀδοξότερον
808 783 969 874 ἐνθύμημα
991 791 1092 852 animo
1107 793 1295 872 conceperis,
1322 792 1427 854 volvas
1448 791 1521 866 illud,

353 900 439 955 temet
459 893 590 955 diversis
616 892 850 976 fiquratiouibus
876 911 979 956 verses
1002 901 1180 974 tempusque
1202 901 1230 956 ot
1251 893 1352 957 outa
1373 894 1523 976 splendidis

352 996 488 1059 accolas.
536 996 627 1058 nihili
652 1015 721 1058 esse
744 1004 830 1059 temet
845 995 1046 1058 Heindorlius
1062 995 1235 1060 intellexit:
1261 997 1348 1060 unde
1364 999 1524 1079 suspicatus

352 1108 401 1161 est
423 1097 628 1162 scribendum
652 1119 721 1162 asse
745 1101 851 1162 volvas
869 1099 946 1162 illud
968 1107 1073 1161 tecum
1120 1099 1212 1162 nabis
1228 1099 1379 1164 librarius
1394 1100 1434 1162 de
1448 1101 1524 1161 sirni-

351 1201 436 1265 libus
458 1203 573 1265 litteris
596 1221 657 1264 non
674 1203 778 1265 nullas
793 1204 953 1282 omisisse,
979 1205 1092 1264 Fronto
1107 1211 1214 1264 autem
1230 1204 1397 1285 scripsisse
1412 1201 1525 1266 videtur

351 1307 457 1368 volvus
480 1303 557 1368 illud
579 1325 737 1370 rosnrrosrr
760 1325 795 1369 rr
817 1307 948 1391 diuersis
967 1304 1199 1389 fiqurotianibus
1222 1306 1313 1390 οἰῶ)

435 1407 485 1471 ad
508 1411 624 1472 amieos
646 1429 656 1473 t
682 1411 720 1472 tr
744 1431 777 1492 p.
796 1411 858 1474 208
881 1407 966 1492 [tut
989 1410 1027 1470 N.
1033 1407 1053 1491 ]
1075 1408 1228 1473 scribitur
1248 1429 1310 1472 aou
1331 1419 1365 1472 ut
1384 1399 1526 1492 por'pari

351 1531 524 1595 comparas,
549 1514 603 1576 sed
624 1521 658 1576 ut
679 1514 818 1576 aestimes
840 1520 978 1576 nostrum
993 1511 1142 1575 mediocre
1159 1515 1312 1596 inqenium
1334 1521 1474 1595 mmmmm
1493 1511 1524 1573 ol

351 1617 402 1679 illo
423 1617 557 1678 eoeimiae
578 1616 762 1699 eloquentiae
784 1618 850 1679 uiro
869 1615 987 1698 obsuat.
1033 1615 1137 1678 videri
1152 1614 1261 1697 adsuot
1282 1617 1315 1678 in
1338 1616 1443 1680 codiee
1464 1635 1523 1678 osse

350 1719 427 1782 dicit
446 1720 554 1782 Maius.
602 1737 665 1780 non
688 1719 828 1782 videtur.
874 1737 947 1780 nam
970 1728 1193 1800 praeterquam
1216 1719 1302 1801 quod
1324 1719 1413 1802 afuat
1433 1721 1522 1801 potins

350 1821 516 1886 librarium
539 1823 733 1904 scripturum
756 1823 854 1885 luisse
876 1821 1031 1884 credibile
1055 1833 1122 1904 est,
1146 1831 1247 1885 totum
1261 1822 1343 1886 iilud
1358 1822 1446 1906 usual
1464 1825 1521 1884 sine

351 1926 497 2008 exemplo
520 1936 597 1989 est..
626 1928 730 2007 tetigit
759 1928 841 1989 bano
863 1943 929 1988 rem
954 1927 1008 2006 qui
1033 1926 1175 1988 Latinum
1198 1944 1378 1990 sermonem
1400 1926 1521 2006 diligen·
1578 1923 1586 1948 ⁴

350 2031 471 2092 tissime
493 2039 710 2109 perscrutatus
733 2039 800 2092 erat
816 2030 1034 2091 Lachmannus
1056 2031 1090 2090 in
1113 2031 1337 2092 commentario
1353 2030 1520 2094 Lucretiam

350 2153 382 2214 p.
410 2133 482 2194 teo.
529 2143 676 2214 putamus
698 2134 799 2214 siquis
829 2131 1046 2196 membranam
1068 2130 1334 2196 Mediolanensem
1356 2132 1520 2195 adcuratius

350 2237 542 2317 inspexerit,
566 2234 787 2316 adpariturum
803 2237 831 2298 ei
848 2255 918 2298 esse
933 2245 988 2298 aut
1009 2234 1129 2312 abluat,
1153 2235 1240 2316 qnod
1255 2237 1354 2299 illaius
1368 2233 1520 2316 aliquando

350 2339 411 2402 sibi
435 2337 605 2402 videbatur
627 2339 752 2419 legere,
777 2347 832 2401 aut
853 2339 922 2401 sine
938 2339 1014 2400 vitio
1036 2337 1190 2418 scripturn
1209 2357 1351 2402 tormer.
1391 2337 1467 2402 dixit
1485 2339 1518 2398 ita
1585 2402 1586 2432 ἔ

349 2443 495 2505 iloratius
517 2443 620 2504 Serm.
646 2461 668 2504 tt
690 2443 708 2504 3
735 2443 794 2504 320
819 2440 892 2526 baec
914 2462 934 2504 a
956 2449 983 2504 te
1005 2459 1065 2502 nom
1086 2441 1215 2504 mulium
1236 2441 1354 2505 abludit
1376 2443 1476 2525 imoqo.
1585 2454 1586 2468 ¹

434 2547 469 2606 ln
492 2544 660 2625 Principiis
682 2545 830 2607 historiae
853 2565 885 2626 p.
911 2544 972 2607 230
996 2542 1017 2628 [
1018 2545 1082 2609 209
1104 2545 1143 2606 N.
1148 2541 1168 2626 ]
1191 2544 1269 2608 heac
1291 2543 1454 2624 dicuntur,
1479 2561 1519 2606 ac-

348 2655 446 2710 terum
474 2646 548 2710 bello
578 2666 620 2710 aa
645 2666 721 2728 pace
743 2648 858 2711 clarior
884 2649 1037 2710 Traianus
1064 2648 1230 2727 imperator
1250 2647 1469 2711 emistimaudus
1487 2647 1519 2708 sit

348 2753 380 2813 ia
402 2749 541 2833 ambiquo
563 2749 697 2832 equidem
718 2769 809 2832 pomo,
835 2751 898 2814 nisi
917 2750 995 2832 quod
1017 2751 1114 2812 armis
1136 2751 1226 2811 etiam
1249 2750 1419 2832 Sportumts
1437 2759 1463 2812 et
1479 2750 1518 2810 li·
1584 2735 1585 2752 ¹

347 2853 468 2917 riotltus
496 2853 687 2934 aliquantum
711 2862 853 2936 potuere,
881 2855 971 2935 pacis
999 2851 1117 2916 ortibus
1139 2853 1198 2914 ota:
1219 2854 1380 2936 quisquam
1404 2855 1518 2916 Traiano

347 2957 389 3018 ad
407 2957 570 3040 populum,
597 2958 700 3038 siqui
720 2956 867 3039 adaeque,
893 2957 1043 3038 acceptior
1060 2955 1172 3018 mittit.
1211 2973 1294 3036 quae
1308 2956 1517 3038 adscripsimus

347 3078 410 3122 non
432 3069 468 3122 ut
490 3058 734 3123 emendaremus
768 3057 855 3141 (sunt
878 3059 963 3122 enim
987 3057 1163 3120 rectissime
1184 3058 1352 3122 emendata
1374 3059 1414 3122 ab
1435 3059 1517 3120 licin-

347 3161 462 3241 dorfio,
488 3181 550 3243 quo
566 3163 709 3244 neglecto
724 3163 822 3225 Maius
836 3161 955 3244 qttrilem
973 3179 1052 3243 pono
1076 3171 1107 3222 et
1122 3159 1186 3223 uisi
1204 3162 1258 3241 qui
1277 3162 1412 3245 adaeqiie
1426 3163 1517 3242 inepte

348 3263 505 3348 retinuit),
530 3263 588 3326 sed
610 3274 646 3327 nt
667 3265 770 3326 levem
794 3264 948 3346 praeclari
971 3263 1108 3326 bominis
1124 3281 1267 3326 errorem
1289 3267 1514 3346 corrigeremus.

347 3369 464 3430 etenim
488 3367 632 3429 Nicolaus
654 3365 830 3448 Madvigius
852 3365 985 3430 Emend.
1005 3367 1071 3428 Liv.
1092 3385 1124 3447 p.
1146 3366 1204 3427 403
1221 3385 1249 3428 s.
1273 3367 1426 3432 vocabulo
1445 3363 1514 3448 quod

347 3481 395 3532 est
417 3469 551 3551 adaeque
566 3471 689 3532 Livium
705 3489 733 3532 tr
750 3471 789 3532 t3
812 3488 876 3533 non
900 3489 969 3534 csse
990 3488 1084 3533 usum
1109 3479 1194 3530 recte
1209 3468 1332 3550 docuit,
1356 3471 1413 3534 sed
1427 3471 1515 3532 minus

347 3583 433 3636 reete
448 3573 530 3636 dixit
544 3591 619 3635 voce
643 3573 695 3635 illa
718 3582 788 3654 post
803 3573 945 3636 Plautum
961 3574 1122 3634 neminem
1138 3571 1240 3636 exeis
1258 3591 1394 3653 quorum
1414 3574 1513 3653 scripta

345 3685 492 3739 extarent
520 3693 625 3757 neque
655 3677 689 3737 in
717 3677 805 3756 poesi
836 3693 942 3756 neque
972 3675 1004 3736 in
1034 3693 1127 3756 prosa
1154 3675 1295 3738 oratione
1325 3696 1415 3740 usum
1444 3693 1510 3738 esse.

345 3797 423 3842 usus
437 3787 485 3841 est
503 3797 540 3840 ee
555 3781 684 3858 Fronto,
709 3798 786 3842 usus
801 3776 954 3862 Apuleius
969 3779 1041 3839 liet.
1060 3794 1089 3838 rr
1105 3778 1136 3857 8,
1161 3778 1347 3841 commodum
1368 3779 1513 3842 acuarit

345 3890 373 3944 et
395 3900 459 3944 acce
480 3881 599 3963 quidem
620 3881 706 3965 lonqe
722 3881 830 3964 pluras
852 3883 975 3944 iuvenes
997 3879 1165 3944 advertunt
1185 3881 1255 3962 olii,
1280 3900 1354 3964 quas
1376 3883 1510 3944 aanor

304 4005 330 4050 u
345 3993 392 4048 ter
413 3972 559 4068 adaeque¹
589 3985 722 4048 latrones
745 3984 946 4047 arbitrarere.
994 3982 1080 4047 idem
1101 4002 1124 4045 x
1146 3985 1165 4046 2
1191 3985 1289 4064 filium
1316 3985 1509 4068 procrearunt

344 4089 456 4168 alium,
481 4089 535 4169 qui
555 4087 773 4170 adaequeiam
795 4087 1002 4150 duodecimum
1023 4105 1140 4149 aunum
1162 4089 1270 4150 aetatis
1292 4089 1505 4171 superassent

345 4190 430 4252 idem
445 4209 498 4252 rrrr
513 4191 550 4252 3l
575 4191 717 4254 immanis
739 4193 823 4253 cerui
842 4191 1075 4272 pinquissimum
1093 4189 1193 4272 samiis
1215 4225 1259 4236 -
1281 4191 1361 4272 quod
1381 4189 1507 4254 mcurrort

340 4311 419 4376 pone
440 4295 561 4357 culinae
584 4293 669 4375 [ores
696 4311 756 4355 uon
785 4293 945 4356 altiuscule
966 4311 1148 4376 suspensum
1170 4297 1256 4358 canis
1278 4293 1410 4377 odoeque
1429 4309 1504 4356 cruu-

412 4516 436 4582 *l
459 4517 588 4582 [Diversis
599 4519 627 4569 et
638 4517 720 4568 variis
731 4515 937 4582 figurationibus
955 4519 1045 4571 codas.
1060 4519 1111 4570 duo
1122 4519 1202 4571 omia
1211 4521 1400 4582 prmtamoaru
1413 4509 1499 4572 mitid
