3184 5108
407 389 493 451 lanan
516 407 683 452 ascalonia
706 409 884 453 assrrraarn
904 391 996 452 1863.
1219 379 1290 450 251

195 577 232 639 de
255 597 318 658 qua
341 577 486 640 scribunt
507 579 629 660 physici
654 577 739 660 quod
763 581 904 661 ignotum
927 600 1029 662 genus
1051 580 1211 662 quoddam
1234 581 1296 644 hu-

194 699 302 744 manae
331 679 449 744 iormae
477 682 672 746 simillimum
702 702 805 764 usque
832 683 873 746 ad
904 684 1091 747 umbilicum
1121 684 1236 748 habeat
1263 695 1296 747 et

192 803 299 846 semen
322 802 377 848 ore
400 785 556 866 concipiat
577 796 609 849 et
632 785 730 848 fracto
752 785 852 848 latere
875 789 1014 850 moriens
1036 787 1149 868 pariat.

257 907 308 966 19.
348 907 388 967 Et
410 907 443 968 in
465 904 554 968 lndia
577 925 649 967 cum
671 907 787 969 ceteris
809 907 990 988 quibusque
1015 907 1168 989 prodigiis
1191 906 1295 970 oditae

135 1007 151 1066 5
191 1019 357 1090 serpentes
371 1009 559 1072 atrocissimi
578 1019 753 1073 nascuntur
772 1012 910 1091 generis,
936 1029 1016 1091 quas
1031 1013 1171 1073 omnium
1194 1029 1294 1092 prope

190 1113 328 1175 colorum
350 1112 559 1175 varietatibus
580 1111 747 1176 distinctas
770 1133 840 1176 esse
865 1113 1048 1196 perhibent.

254 1234 307 1294 20.
348 1234 500 1296 llercules
529 1253 667 1314 namque
695 1235 836 1316 geminos
865 1252 986 1315 angues
1009 1232 1185 1297 secundum
1209 1233 1295 1314 quod

190 1347 281 1416 poeta
304 1337 419 1399 cecinit
448 1337 480 1398 in
504 1357 599 1400 manu
621 1356 772 1418 premens
795 1339 935 1414 eliserat,
967 1357 1046 1419 quos
1075 1337 1129 1399 ille
1157 1339 1230 1399 novi
1262 1347 1294 1399 et

188 1439 286 1519 ignoti
311 1442 533 1520 geneciacum
556 1440 747 1522 quibusdam
771 1441 941 1522 prostravit
963 1443 1123 1504 monstris.

113 1559 146 1617 tt
253 1561 306 1622 21.
348 1560 445 1644 Hydri
469 1571 637 1643 serpentes
656 1572 731 1625 sunt
752 1563 888 1643 aquatici
912 1563 966 1643 qui
990 1562 1103 1624 lluvios
1124 1579 1161 1623 ac
1183 1571 1293 1642 stagna

188 1663 305 1742 colunt,
338 1666 421 1726 sicut
450 1664 490 1726 de
520 1664 682 1746 aliquibus
710 1663 859 1728 Indorum
891 1665 1054 1728 vermibus
1085 1663 1291 1744 describitur,

189 1785 268 1846 quos
291 1766 336 1828 ibi
361 1787 462 1847 genus
485 1767 644 1848 quoddam
667 1769 792 1830 Oceano
814 1769 1031 1851 propinquum
1053 1767 1094 1829 ab
1116 1787 1209 1831 amne
1231 1768 1294 1829 Oc-

188 1867 275 1931 duha
298 1869 360 1932 sibi
376 1871 495 1933 victum
519 1872 656 1934 humano
672 1870 791 1934 femore
807 1874 978 1934 crassiores
1001 1873 1135 1934 traxisse
1156 1881 1188 1934 et
1202 1890 1293 1932 cocco

188 1971 352 2036 rubriores
373 1974 576 2056 perhibetur.

108 2091 142 2150 lii
252 2095 305 2156 29..
345 2093 440 2176 Aspis
469 2115 532 2158 non
561 2097 680 2159 catulos
708 2106 757 2158 set
779 2115 836 2158 ova
860 2096 970 2159 lovens
998 2097 1101 2177 gignit
1128 2105 1161 2158 et
1186 2094 1293 2157 minus

186 2197 259 2258 viva
283 2216 378 2277 quam
402 2208 524 2262 mortua
547 2209 649 2262 nocet.
698 2209 746 2261 cst
768 2208 862 2280 caput
885 2200 954 2262 eius
977 2200 1058 2264 sicut
1081 2199 1217 2262 turturis
1239 2216 1292 2258 ro-

104 2458 173 2522 quod
190 2458 328 2510 masculus
346 2471 394 2508 ora
412 2459 513 2508 inserto
532 2457 640 2523 viperae
664 2469 758 2508 semen
780 2461 889 2522 expuat.
927 2456 970 2507 illa
989 2459 1081 2508 autem
1104 2469 1136 2507 ax
1155 2454 1291 2520 voluptate

103 2543 218 2598 lihidinis
242 2547 270 2595 in
294 2544 398 2596 rabiem
421 2555 500 2594 varaa
523 2544 606 2608 caput
627 2544 710 2594 maris
734 2555 780 2594 ore
805 2547 944 2609 receptum
968 2543 1108 2609 praecidit.
1152 2544 1188 2593 ita
1212 2541 1242 2592 fit
1260 2547 1291 2592 ut

103 2643 195 2695 parens
213 2634 331 2696 uterque
348 2633 451 2696 pereat,
477 2627 615 2680 masculus
632 2629 697 2680 dnm
716 2629 779 2690 coit,
805 2628 904 2679 lamina
923 2628 989 2679 dnm
1007 2630 1083 2693 parit.
1124 2629 1292 2692 pipaiotoaoa

103 2717 128 2764 in
144 2718 229 2768 codice
249 2716 452 2779 Guelfarhptoao
472 2729 499 2778 p.
517 2711 581 2764 1111)
602 2713 778 2780 physiologus
802 2718 894 2766 monet
917 2714 950 2766 dc
969 2715 1074 2779 vipera,
1099 2727 1169 2779 qnae
1194 2713 1289 2765 faciem

103 2799 181 2853 hahet
196 2803 258 2864 viri,
279 2803 396 2853 laminae
415 2801 536 2852 mulieris
554 2812 639 2865 nsque
657 2800 691 2850 ad
710 2799 879 2860 umbilicum,
900 2803 928 2850 et
946 2812 1031 2865 usqae
1049 2799 1084 2850 ad
1101 2799 1215 2850 caudam
1227 2811 1290 2850 cor-

102 2887 204 2938 codrilli
223 2887 305 2938 hahet
324 2887 447 2951 liguram.
487 2885 584 2938 vadum
603 2886 719 2936 laminae
738 2899 791 2936 non
809 2885 908 2936 habant
928 2887 954 2935 in
972 2886 1033 2936 sinu
1051 2898 1109 2944 suo,
1133 2884 1182 2936 sad
1199 2888 1230 2936 ut
1247 2883 1289 2937 lo-

102 2985 192 3024 ramen
212 2987 278 3024 acus
296 2971 411 3033 hahent,
438 2976 466 3023 at
483 2973 505 3023 si
525 2971 661 3024 masculus
679 2969 725 3022 flat
742 2983 806 3022 curn
824 2970 936 3032 lemina,
962 2969 1077 3022 effundit
1094 2984 1187 3022 aeman
1212 2972 1240 3021 in
1259 2983 1290 3020 os

102 3057 227 3121 laminae,
254 3062 281 3110 et
298 3057 368 3109 bibit
390 3070 484 3109 semen
509 3057 622 3118 lamina,
649 3057 781 3123 praecidit
797 3057 948 3107 necessaria
973 3055 1085 3107 masculi
1108 3059 1138 3107 ut
1159 3057 1290 3107 moriatur

101 3144 235 3197 masenius
258 3145 358 3196 statim.
396 3156 458 3194 cum
482 3145 618 3194 creverint
640 3145 730 3193 autem
753 3141 814 3202 lilii,
840 3141 987 3193 comedant
1004 3145 1126 3193 ventrem
1151 3143 1245 3193 matris
1262 3145 1289 3193 et

101 3231 136 3280 sio
153 3235 254 3282 exeunt
271 3230 408 3295 patrueles
427 3233 454 3280 et
472 3229 631 3280 matrueles:
657 3242 723 3292 qaae
741 3229 933 3279 amandavimus
951 3241 998 3291 ope
1012 3231 1112 3291 partim
1129 3229 1223 3278 codicia
1239 3228 1290 3278 Vo-

100 3319 177 3367 ticoai
188 3329 264 3380 quam
277 3317 365 3366 Maius
379 3317 455 3366 class.
471 3319 539 3366 auct.
560 3319 578 3366 1.
593 3328 629 3364 vn
646 3327 673 3378 p.
689 3318 739 3366 ott
757 3315 844 3364 edidit.
882 3317 904 3364 is
921 3317 949 3364 io
965 3317 1017 3380 flos
1034 3315 1108 3365 hobal
1125 3318 1153 3364 at
1171 3315 1211 3364 slc
1225 3311 1290 3364 loris

99 3407 206 3453 exeunt.
244 3399 366 3466 patrolaa
383 3414 447 3465 ergo
465 3404 529 3452 snat
552 3403 579 3452 et
597 3399 735 3452 mairolas.
773 3399 959 3464 inteliapaator
976 3397 1131 3468 aarpaloiat
1148 3405 1172 3450 et
1191 3415 1291 3467 μητρα-

98 3483 174 3541 ioim.
266 3491 289 3537 l.
310 3489 401 3551 ignota
419 3486 449 3537 A.
516 3485 649 3552 quaedam
667 3485 696 3536 A.
782 3489 805 3535 t.
826 3489 919 3550 pareat
937 3485 967 3536 A.
1058 3489 1083 3535 l.
1103 3486 1178 3536 nollo
1195 3487 1290 3536 inacta·-

95 3575 149 3634 ptio
172 3576 201 3624 ia
224 3574 309 3624 indice
331 3574 362 3624 A.
453 3571 606 3639 prodigium
631 3571 662 3622 A.
750 3571 862 3634 sortasse
886 3571 1003 3636 ophitae.
1046 3577 1114 3622 certe
1137 3573 1170 3622 ab
1193 3572 1291 3622 Isidoro

98 3661 161 3722 oria.
176 3672 212 3708 xri
232 3660 245 3709 1
266 3664 297 3710 tt
318 3659 423 3725 ophites
440 3662 509 3710 inter
526 3663 658 3720 serpentes
676 3663 845 3709 enumeratur
858 3663 967 3721 propter
984 3659 1052 3708 mole
1068 3657 1210 3708 intellectos
1229 3669 1290 3706 oar-

97 3745 190 3795 sioulos
203 3743 303 3794 Laconi
316 3758 340 3793 rx
352 3747 401 3794 'itt
415 3757 436 3796 a.
457 3742 583 3809 pluribus
601 3743 645 3795 ille
661 3743 803 3807 (cenchris)
824 3745 895 3795 notis
913 3745 1044 3794 variatam
1062 3744 1181 3807 pingitur
1197 3740 1289 3792 alvom

97 3829 181 3890 Quam
200 3831 290 3895 parvis
309 3829 407 3880 tinctus
425 3829 540 3881 maculis
557 3828 702 3881 Thebanus
720 3829 835 3895 ophitas.
927 3828 1059 3881 &colora
1078 3828 1108 3879 A.
1169 3827 1289 3880 destina·

97 3916 179 3965 tasA.
263 3919 287 3966 ⁷.
310 3927 353 3966 ιιιι
372 3915 534 3966 Daarcules
551 3916 581 3966 A.
671 3919 696 3968 8.
715 3917 809 3981 poeta:
842 3917 914 3980 Vera.
934 3915 997 3966 Aea.
1016 3929 1060 3964 vm
1078 3916 1138 3965 att.
1210 3925 1290 3978 praa-

97 4003 203 4052 minens
215 4002 302 4052 closer
314 4000 348 4051 ad
361 4002 391 4052 A.
463 4005 488 4052 ε.
503 4005 528 4053 a.
543 4005 655 4053 nouerat
672 4002 755 4066 ignoti
768 4001 798 4053 A.
854 4003 1000 4052 menstruis
1011 4000 1041 4051 A.
1115 4003 1157 4051 to.
1177 4012 1232 4048 ιιιιι
1250 3999 1289 4050 De

97 4085 203 4138 hilidris
219 4087 250 4140 A.
323 4085 399 4137 llidri
416 4086 447 4137 A.
518 4085 602 4138 liunio
621 4100 652 4139 ac
670 4091 764 4152 stagno
782 4087 812 4138 A.
902 4091 945 4138 lt.
965 4084 1253 4148 describanturprA.

98 4174 137 4226 lt.
158 4172 337 4238 perhibentur
354 4171 384 4223 A.
439 4171 584 4224 Alexandri
606 4175 717 4236 epistola
737 4187 763 4236 p.
780 4176 812 4223 tt
831 4173 893 4223 inda
915 4173 948 4222 ad
971 4171 1062 4223 Cluias
1087 4172 1187 4222 numan
1212 4171 1289 4222 veni·

98 4271 166 4319 mus,
193 4259 267 4324 quod
291 4261 350 4310 sine
375 4259 447 4310 liexu
471 4261 542 4310 recta
567 4258 600 4309 ad
625 4259 761 4310 oceanum
786 4257 936 4310 terebatur:
960 4271 989 4321 p.
1005 4262 1036 4309 tt
1059 4257 1172 4308 ulterius
1200 4259 1288 4323 ipsam

97 4343 159 4395 litus
178 4345 285 4396 inerant
303 4343 361 4395 indi
378 4371 423 4394 —.
443 4343 471 4394 hi
488 4370 524 4382 -
541 4344 642 4395 dedere
659 4371 695 4382 -
711 4355 819 4394 rennes
837 4357 871 4395 ex
888 4345 947 4409 ipso
965 4344 1077 4396 litamine
1096 4345 1231 4395 attractos
1249 4340 1289 4394 la·

98 4442 171 4480 more
191 4429 310 4482 hnmano
328 4431 484 4494 crassiores,
507 4430 554 4494 qui
573 4431 650 4482 nohis
668 4431 741 4481 omni
760 4431 851 4493 generi
870 4431 985 4496 piscium
1004 4442 1101 4494 sapore
1120 4426 1287 4494 praeferendi

96 4519 166 4567 sunt.
262 4521 304 4568 lt.
324 4529 357 4566 tr
375 4517 412 4568 De
431 4516 523 4581 aspide
545 4517 580 4576 lio
598 4529 647 4579 pao
663 4517 744 4567 iodea
758 4517 825 4582 tait)
840 4516 870 4565 A.
944 4517 1027 4582 Aspas
1045 4517 1076 4565 A.
