3268 5108
230 326 236 336 '
314 323 361 394 56
607 335 695 394 lenm
718 351 884 394 nacrrouvu
906 351 1089 394 arremaro!
1108 331 1202 392 teat.

312 527 442 587 minime
468 525 633 605 insipiens,
663 521 771 584 dicere
794 522 882 584 nullo
905 520 996 583 modo
1019 521 1137 602 potuit:
1171 522 1269 582 mixta
1291 531 1339 584 est
1360 523 1445 583 enirn
1472 523 1507 584 in

312 631 371 692 hae
392 628 563 690 Simoentis
584 625 739 690 adversus
753 622 908 688 Achillem
930 625 1102 706 pugnantis
1124 626 1420 688 commemoratione
1442 625 1510 688 llu-

311 733 407 795 minis
430 731 514 794 notio
536 749 609 793 oum
631 730 758 792 notione
775 729 827 792 dei
850 728 1025 808 fluviatilis,
1050 727 1163 790 eadem
1186 729 1280 810 plone
1304 731 1508 809 rationeque

312 836 345 898 in
369 835 533 896 Homerico
562 834 702 896 carmine
733 851 773 894 ex
803 852 864 914 quo
895 833 975 894 laceo
1001 831 1168 912 desumpta
1198 842 1272 895 sunt
1304 832 1444 896 amnium
1475 843 1509 894 et

311 939 426 1002 lluctus
448 947 479 1000 et
502 936 555 1000 dei
578 936 690 1000 eadem
713 937 851 1018 imagine
872 933 1194 1017 conprehenduntur;
1232 937 1323 1000 ouius
1352 955 1510 1018 prosopo-

312 1042 421 1124 poeiae
444 1035 647 1122 pulchritudo
666 1042 740 1103 istis
762 1041 844 1103 lovis
859 1038 1026 1104 cunabulis
1046 1040 1254 1120 pervertitur.
1289 1039 1407 1104 deinde
1423 1041 1511 1102 lovis

312 1145 468 1209 cunabula
491 1165 554 1207 non
570 1153 694 1208 tanturn
714 1145 870 1207 inutiliter
888 1144 1147 1224 interponuntur,
1159 1139 1229 1206 'sed
1245 1143 1399 1206 absurde.
1433 1163 1512 1206 rec-

312 1251 432 1312 tissime
448 1248 535 1311 enim
550 1249 770 1312 Lachmannus
794 1249 883 1310 ‘haec
898 1243 940 1309 ab
953 1247 1047 1309 omni'
1075 1247 1180 1329 inquit
1204 1247 1311 1311 ‘huius
1332 1249 1390 1310 loci
1406 1267 1509 1310 sensu

311 1353 415 1416 aliena
436 1371 473 1432 ao
495 1371 627 1433 prorsus
648 1351 775 1416 diversa
798 1361 883 1416 sunt.
931 1350 989 1412 hoc
1018 1351 1104 1413 enim
1130 1361 1222 1433 poete
1245 1350 1334 1431 dicit,
1366 1352 1509 1432 ignotam

311 1475 396 1519 nunc
419 1455 543 1518 Troiam
566 1454 645 1536 lore,
677 1455 738 1518 nisi
761 1456 866 1518 omnia
888 1465 959 1536 post
980 1453 1101 1518 obitum
1125 1455 1224 1536 magis
1253 1456 1506 1518 innotescerent.

311 1558 392 1641 quid
406 1558 446 1622 ad
470 1562 547 1622 haee
569 1561 651 1623 lovis
668 1558 822 1624 manbota
840 1559 946 1640 porci,
973 1575 1066 1638 quae,
1091 1559 1118 1620 si
1134 1560 1185 1620 vel
1201 1561 1338 1622 maxime
1355 1560 1388 1621 in
1404 1560 1511 1640 Phry-

312 1664 362 1744 gia
385 1661 533 1742 luissent,
564 1665 714 1726 alroiae
745 1663 841 1724 exitio
869 1680 985 1725 nomen
1015 1681 1051 1724 ac
1073 1661 1186 1725 lamam
1217 1663 1340 1726 lucrari.
1360 1682 1424 1725 non
1446 1682 1511 1744 po-

311 1767 438 1828 tuerel’
485 1765 626 1848 denique
655 1785 696 1829 ne
719 1764 799 1828 illud
821 1765 953 1847 quidem
976 1766 1211 1829 Lachmannunr
1241 1766 1338 1848 sugit,
1370 1767 1511 1847 Proper-

310 1871 391 1934 tium
422 1879 588 1952 postquam
620 1870 751 1951 (lumino
779 1866 905 1932 dixerat
939 1888 1002 1932 non
1036 1871 1176 1951 potuisse
1210 1870 1306 1933 unius
1335 1869 1512 1932 Simoentis

311 1975 504 2037 mentionem
528 1973 643 2052 lacere,
675 1974 863 2054 praesertim
893 1993 965 2036 eum
988 1975 1021 2036 in
1045 1974 1209 2035 Homerica
1232 1974 1412 2036 narratione
1434 1975 1511 2054 pri-

312 2077 431 2139 mariae
453 2087 561 2159 partes
583 2077 701 2139 Xanthi
725 2085 842 2156 essent,
876 2075 974 2140 irater
999 2075 1115 2139 abillo
1138 2086 1260 2139 tanturn
1290 2077 1323 2139 in
1350 2077 1509 2140 auxilium

310 2179 531 2243 advocaretur.
578 2199 755 2262 quaecum
779 2179 918 2260 itasint,
954 2181 1141 2261 intellegere
1165 2178 1258 2242 nobis
1280 2179 1438 2259 videmur,
1476 2181 1510 2243 in

311 2285 482 2366 archetypo
498 2284 674 2366 exemplari
689 2282 857 2366 absumpto
879 2284 1023 2366 margine
1046 2292 1101 2346 aut
1115 2285 1224 2347 ultima
1240 2284 1390 2347 versiculi
1413 2297 1510 2366 parte

310 2390 416 2470 aliqua
439 2386 511 2450 labe
533 2386 699 2451 obscurata
730 2388 807 2451 haec
828 2397 951 2452 tantum
981 2387 1061 2450 lecta
1089 2406 1170 2466 esse,
1202 2387 1329 2450 Idaeum
1352 2389 1511 2452 Simoenta

310 2493 403 2568 lovis,
435 2510 536 2572 eaque
564 2491 597 2554 in
620 2491 728 2555 codiee
751 2492 954 2573 Neapolitano
984 2491 1053 2554 sine
1082 2491 1295 2572 conplementi
1324 2493 1509 2556 accessione

310 2606 436 2659 servata
459 2613 546 2658 esse:
580 2595 739 2676 conplevit
761 2593 879 2659 deinde
897 2614 1024 2658 versum
1040 2594 1189 2658 audacior
1212 2595 1303 2656 homo
1326 2596 1381 2676 qui
1403 2596 1510 2678 Phry-

311 2700 395 2781 giam
418 2698 505 2762 ldam
527 2717 598 2762 oum
622 2699 747 2762 Cretica
768 2696 980 2761 confunderet
1009 2708 1041 2760 et
1063 2697 1143 2760 iorte
1167 2699 1428 2764 reminisceretur
1449 2721 1510 2763 eo-

311 2821 381 2866 rum
411 2822 493 2883 quae
522 2801 609 2884 apud
631 2801 780 2866 Ovidium
810 2803 931 2883 legerat
960 2803 1253 2884 metamorphoseon
1276 2821 1327 2864 uu
1344 2805 1396 2882 99,
1422 2805 1510 2867 lovis

311 2905 465 2970 mantula
488 2907 612 2969 Creten:
643 2925 750 2988 neque
780 2906 864 2967 enim
894 2904 1016 2968 doctius
1045 2923 1118 2968 eum
1148 2924 1273 2968 errasse
1307 2903 1507 2986 pul-abimus.

312 3009 397 3092 quod
420 3011 447 3072 ai
470 3010 655 3091 quaerimus
676 3008 756 3091 quid
779 3009 847 3090 ipse
871 3008 1052 3091 Propertius
1074 3009 1249 3091 scripserit,
1279 3009 1418 3092 primum
1447 3010 1509 3072 hor

311 3113 456 3196 adparet,
482 3133 552 3176 oum
576 3113 746 3176 Simoentis
768 3113 896 3175 nomine
919 3133 992 3176 eum
1016 3113 1217 3176 coniunxisse
1234 3115 1508 3176 commemoratio-

311 3237 384 3280 nem
407 3215 604 3297 Scamandri,
629 3227 849 3299 praeparatam
872 3216 957 3278 illam
980 3217 1137 3298 plurativo
1159 3215 1328 3280 fluminum
1350 3216 1508 3281 vocabulo

310 3330 406 3402 atque
429 3330 654 3402 congruentem
678 3339 749 3384 cum
772 3319 952 3382 narratione
976 3321 1150 3382 llomcrica.
1197 3319 1316 3382 deinde
1338 3321 1420 3382 lovis
1447 3339 1508 3384 no-

311 3443 384 3488 men
417 3442 480 3505 quo
508 3423 703 3506 pertinuerit
736 3422 825 3486 dictu
861 3441 925 3486 non
959 3423 1088 3487 difficile
1118 3433 1183 3486 cst:
1224 3433 1373 3504 putamus
1404 3425 1504 3504 enim,

309 3527 394 3610 siqui
418 3528 496 3590 haec
519 3528 632 3591 lecturi
653 3537 738 3607 sunt,
763 3529 870 3591 statim
888 3526 1108 3590 recordatums
1123 3545 1193 3590 esse
1215 3546 1367 3590 versuum
1390 3529 1506 3591 horum

310 3633 565 3711 llomericorum,
594 3623 673 3694 ’All'
701 3622 751 3694 ὅτε
773 3626 812 3715 δὴ
834 3627 926 3717 πόρον
951 3627 1010 3702 ἷξον
1033 3629 1166 3716 ἐυρρεῖος
1187 3629 1353 3715 europeia,
1385 3625 1508 3696 Ξάνθου

310 3729 480 3820 δινήεντος,
512 3724 548 3798 ὃν
582 3728 728 3807 ἀθάνατος
760 3732 861 3799 τέκετο
893 3730 981 3806 Ζεύς.
1032 3753 1168 3816 quorum
1201 3754 1274 3798 cum
1307 3737 1507 3800 meminisset

310 3838 467 3902 Gustavus
489 3836 645 3918 Wolllius,
671 3839 721 3900 vir
743 3858 830 3902 nuno
852 3839 945 3902 libris
967 3838 1210 3919 diligentissime
1233 3839 1364 3920 scriptis
1386 3839 1504 3916 clarus,

284 4025 285 4028 Ἴ
310 3961 381 4006 cum
404 3952 477 4005 ante
507 3942 564 4004 hos
586 3941 724 4005 sedecim
747 3961 847 4005 annos
870 3945 994 4024 lipsiae
1026 3943 1165 4006 iuvenile
1194 3941 1336 4005 studium
1365 3940 1406 4003 ad
1429 3943 1507 4004 Pro-

310 4047 406 4127 pertii
423 4045 563 4108 carmina
578 4055 791 4127 converteret,
817 4046 896 4110 illud
919 4047 1042 4109 invenit
1059 4045 1144 4128 quod
1160 4047 1239 4126 quin
1256 4044 1298 4107 ab
1320 4045 1389 4126 ipso
1411 4054 1505 4126 poeta

309 4150 463 4229 seriptum
492 4151 533 4212 sit
562 4167 625 4212 non
653 4148 784 4213 videtur
812 4169 904 4233 posse
934 4149 1086 4230 dubitari,
1118 4149 1317 4230 Fluminaque
1340 4150 1506 4210 Haemonio

309 4253 475 4315 comminus
497 4253 558 4316 esse
579 4255 657 4332 viro,
683 4252 810 4316 Idaeum
833 4257 988 4317 Simoente
1009 4255 1091 4316 locis
1113 4271 1173 4314 ονι
1196 4271 1289 4316 rnocn
1308 4254 1502 4314 Scaurono.

310 4357 418 4436 itaque
441 4355 500 4418 hoc
522 4357 555 4418 in
578 4356 772 4438 exemplaria
793 4359 969 4422 carminum
986 4357 1099 4420 Catulli
1116 4354 1232 4419 Tibulli
1250 4356 1404 4437 Propertii
1420 4373 1505 4435 quae

310 4477 394 4521 anno
417 4461 581 4541 superiore
604 4461 728 4541 Lipsiae
752 4461 837 4525 edita
861 4470 937 4524 sunt
959 4462 1029 4524 iure
1053 4469 1216 4542 receptum
1235 4479 1306 4521 esse
1322 4477 1502 4521 censemus,
