3240 5094
333 371 407 446 4⁹6
630 385 717 448 4440444
740 403 904 448 semrom
926 403 1103 447 4444444441
1128 385 1222 446 4874.

332 579 388 651 044
411 583 519 639 00044444
541 575 639 638 metus
661 583 690 638 et
710 577 818 653 omine,
839 575 965 656 firmata
986 591 1040 656 spe
1054 581 1253 638 emturmum
1266 573 1347 656 prod
1361 574 1402 638 ad
1416 592 1520 638 000444·

330 681 417 764 plum
438 680 560 742 urbium
583 679 692 742 matris
714 686 742 740 et
760 679 926 761 populosae
948 686 976 740 04
997 675 1122 740 utura
1143 697 1200 760 per
1221 679 1303 741 alias
1317 696 1433 760 meoque
1447 681 1520 740 cici·

333 793 409 848 tutes
431 792 466 846 ut
487 784 573 847 sidnss
595 783 734 846 salutare
749 783 966 863 susciperetur,
991 781 1068 843 edito
1080 781 1227 862 postridie
1241 783 1346 844 04444444
1358 783 1520 844 certamine

332 907 400 950 mom
426 887 538 972 poudic
563 887 660 969 plebis
688 883 742 947 ulti
769 886 829 947 luoe
858 884 1026 946 excanduit
1053 886 1145 946 tertia
1171 903 1331 946 morariom
1361 887 1519 966 impatiens

331 993 488 1073 percursis
511 989 672 1074 appenibus
692 987 823 1071 publicis
846 989 956 1050 Succos
978 989 1096 1050 nemone
1110 1007 1186 1050 444440
1200 991 1343 1051 resistere
1354 989 1521 1070 praesidiis

332 1096 490 1177 occupavit
516 1093 668 1174 isdemque
696 1092 816 1154 4440444444
838 1087 976 1153 Nevitom
1003 1090 1151 1174 praefecit
1177 1099 1212 1153 ut
1235 1091 1340 1172 fidum
1389 1091 1521 1154 lecimus

331 1199 385 1280 qui
405 1217 445 1260 ex
466 1196 529 1275 noi,
555 1195 639 1278 quod
663 1196 806 1276 ineptum
829 1182 900 1256 est.¹

307 1330 321 1374 3
417 1301 493 1382 Cap.
520 1301 560 1362 l2
585 1300 623 1360 444
654 1296 861 1361 scribendum
891 1307 940 1360 est
960 1333 1005 1344 -
1025 1296 1185 1380 molerem
1213 1297 1351 1380 rapacis
1375 1298 1522 1361 velstesa

331 1405 465 1468 mnrium
487 1405 629 1467 cavmnis
651 1405 768 1486 opressi
786 1402 904 1464 iniectis
922 1401 1085 1483 pontiadis
1105 1419 1179 1482 qaus
1194 1409 1265 1464 ante
1279 1377 1524 1486 mapapnnaront

332 1507 508 1592 tramcreai
525 1507 714 1589 festinarunt
736 1505 868 1568 indiviso
888 1507 1019 1588 nepotis,
1048 1512 1084 1567 ut
1105 1505 1177 1567 dum
1199 1506 1333 1568 uicissim
1355 1504 1523 1568 missilibus

331 1631 364 1675 sc
389 1619 494 1693 petrem
523 1618 551 1672 et
571 1611 662 1672 samis
689 1611 926 1692 utrimquesecus
954 1609 1015 1671 alte
1042 1609 1134 1671 locati
1157 1607 1192 1670 444
1217 1611 1271 1692 qui
1291 1609 1449 1671 transiere
1468 1627 1522 1690 per

329 1723 435 1797 pontes
464 1714 548 1776 nullo
578 1712 788 1794 interpellante
817 1711 947 1794 aedificii
968 1720 1059 1794 parte
1081 1714 1229 1776 muculsa
1251 1714 1353 1776 aditsis
1376 1715 1411 1776 ia
1431 1732 1522 1796 pesse-

331 1819 427 1881 traliu
451 1824 638 1879 reserarent.
684 1835 779 1878 4444444
802 1834 921 1878 summa
943 1818 1037 1899 coepti
1054 1815 1217 1898 prudentis
1239 1817 1388 1880 aliorsum
1413 1818 1519 1879 euasit.

332 1923 486 2002 scriptum
509 1931 557 1983 est
580 1921 701 1996 iterum,
727 1918 784 1982 sed
806 1919 886 1982 nihil
910 1919 961 1981 hic
985 1921 1128 1982 iteratur.

419 2025 615 2104 Peragrapho
639 2024 678 2084 47
708 2025 786 2086 liaeo
814 2024 975 2104 leguntur,
1001 2022 1180 2105 -placuit
1206 2024 1379 2087 resistentes
1409 2028 1522 2084 acriter

332 2128 373 2190 ad
401 2129 579 2190 deditionem
609 2130 661 2191 siti
688 2127 839 2210 compelli,
872 2135 901 2189 et
921 2125 975 2188 ubi
1002 2145 1155 2208 aquarum
1182 2125 1321 2190 4404443444
1351 2129 1520 2190 intersectis

332 2232 426 2294 nihilo
447 2233 548 2294 minus
570 2231 695 2294 celsiore
712 2231 826 2312 fiducia
848 2237 1056 2313 repupnarent
1071 2229 1185 2311 flunmen
1200 2229 1356 2293 labor-ibus
1369 2234 1523 2292 0004444444

333 2337 463 2418 macne.
510 2335 589 2418 quod
617 2334 719 2398 itidem
736 2334 862 2416 frustra
883 2341 929 2396 est
946 2333 1083 2414 sacasm:
1113 2335 1277 2396 attenuatis
1299 2335 1380 2396 enim
1403 2333 1522 2395 0044444-

333 2438 419 2501 riltus
448 2438 569 2501 44400444
594 2437 738 2501 monitus
765 2436 799 2500 tn·
818 2455 891 2520 creos
914 2438 1066 2499 tensanus
1088 2437 1242 2500 clauserat
1264 2439 1397 2499 mntemi
1414 2444 1522 2519 puteo·

334 2541 413 2604 lilius
435 2544 523 2623 aquis
543 2543 820 2623 percensuerunt.
861 2538 924 2601 dici
947 2540 1063 2630 aliquis
1085 2550 1189 2621 potest
1210 2539 1338 2602 avidius
1359 2539 1477 2602 bibere
1492 2550 1519 2600 04

334 2644 456 2706 locutus
478 2646 519 2708 ita
543 2654 591 2706 est
612 2644 797 2707 Ammianus
819 2643 908 2722 alibi,
933 2642 992 2706 scd
1013 2645 1099 2706 nulla
1123 2654 1198 2706 sunt
1220 2642 1362 2706 avidiore
1387 2641 1519 2707 bibendi

332 2747 486 2810 subsidia.
525 2757 617 2828 putet
639 2747 769 2810 lortasse
792 2749 865 2828 quis
889 2748 992 2830 ipsum
1015 2747 1094 2809 illud
1117 2747 1240 2810 0044444444
1259 2765 1330 2809 esse
1347 2749 1521 2810 restituen-

334 2850 426 2913 dum:
453 2870 510 2913 nos
532 2861 694 2932 praestare
717 2849 911 2914 arbitramur
933 2869 1141 2915 mmmomrrs.

420 2954 496 3037 (lap.
515 2956 555 3015 43
572 2956 612 3015 46
628 2953 760 3017 lortassa
776 2953 956 3018 huiusmodi
971 2953 1050 3035 quid
1061 2955 1246 3018 Ammianus
1261 2953 1401 3035 scripsit,
1421 2970 1520 3014 omnes

331 3066 400 3139 post
420 3057 494 3120 naec
515 3058 597 3121 dicta
619 3061 651 3120 iu
666 3060 844 3120 sententiam
859 3052 978 3146 (444444)
994 3077 1083 3122 suam
1097 3057 1261 3140 nastmqae
1274 3055 1436 3119 0444044404
1451 3057 1522 3118 irati
1609 3053 1610 3078 ¹

330 3169 400 3243 post
420 3161 517 3224 multa
538 3179 615 3243 qneae
637 3161 771 3224 beniuole
792 3161 1014 3244 responderant
1030 3159 1171 3243 petebant
1192 3160 1265 3223 duci
1284 3179 1317 3223 se
1329 3163 1474 3242 prots'rms
1489 3161 1517 3220 in

333 3264 483 3328 rebellem.
530 3283 602 3327 nam
633 3271 779 3328 truserat
800 3264 885 3351 quod
908 3265 1059 3328 Gelenius
1080 3274 1153 3326 anta
1175 3264 1209 3326 in
1231 3265 1412 3326 sententiam
1434 3280 1518 3326 44444444

333 3365 457 3431 addidit
479 3387 541 3430 uon
566 3367 694 3431 videtur
716 3369 890 3450 sumpsisse
912 3387 930 3430 0
954 3366 1035 3430 libro
1058 3364 1288 3430 Herslaldensi.

421 3471 513 3534 libro
535 3489 594 3533 rru
620 3471 631 3530 4
654 3473 672 3533 2
701 3470 870 3534 scribimus
898 3489 1024 3553 cumque
1051 3471 1102 3544 ille
1132 3471 1249 3532 timeret
1270 3465 1339 3557 (ne)
1361 3471 1521 3552 oum'ditati

334 3593 408 3636 suae
438 3577 635 3658 conmucatia
659 3575 849 3658 finperentur
876 3593 1006 3647 44444044
1035 3573 1101 3636 ideo
1129 3581 1282 3650 maestus,
1313 3591 1399 3636 omen
1430 3573 1517 3636 multo

331 3681 525 3759 praesentius
553 3678 617 3760 ipse
643 3680 819 3760 consuescit,
850 3679 929 3760 quod
957 3695 1114 3740 eoecessum
1139 3677 1309 3740 Constantii
1328 3677 1415 3740 clarc
1436 3695 1517 3739 mon-
1609 3703 1610 3706 ¹

333 3779 463 3844 straoat.
511 3791 596 3844 recte
625 3781 797 3844 aGclenic
824 3800 863 3843 ne
891 3780 1036 3844 additum
1063 3789 1123 3844 est.
1170 3790 1238 3844 tum
1267 3781 1424 3863 scriptum
1453 3787 1514 3842 erat

334 3892 442 3966 atqrie:
476 3883 532 3946 sod
555 3883 689 3947 verbum
712 3904 775 3946 nou
799 3894 902 3967 potest
924 3886 1037 3946 omitti.
1084 3883 1251 3965 suspendit
1272 3882 1459 3946 Ammianus
1480 3899 1515 3943 ex

333 4005 402 4048 cum
424 3987 642 4050 coniunctione
664 3989 803 4068 primum
827 3987 1075 4066 coniunctivum,
1100 3986 1217 4050 deinde
1241 3985 1449 4050 indicativum
1472 4001 1515 4046 444
1609 3967 1610 4056 ζ

334 4091 408 4155 243
434 4092 579 4152 44444643
603 4110 657 4153 xxv
680 4092 747 4152 95.

422 4195 496 4275 Cap.
524 4195 575 4256 l3
600 4196 753 4275 scriptum
782 4205 830 4257 est
861 4191 900 4255 ol>
929 4199 1057 4277 0944444440
1085 4193 1189 4274 intima
1209 4193 1252 4254 ad
1272 4193 1386 4256 sumn
1408 4191 1516 4256 sublati
1609 4153 1610 4200 l

334 4298 512 4360 divitiarum
527 4299 702 4381 inpectium.
739 4296 819 4359 4444444
834 4296 1019 4359 Ammianus
1035 4315 1101 4358 xxm
1118 4297 1136 4356 44
1153 4294 1172 4356 'l
1187 4313 1231 4358 ecc
1241 4298 1416 4378 praeposito
1432 4297 1513 4358 llor-
1609 4313 1610 4360 4

334 4403 463 4462 tmsium
486 4402 613 4463 militum
634 4408 788 4482 momatur
810 4403 966 4482 repentino
988 4400 1070 4462 saltn
1083 4400 1233 4482 pat-ricius
1249 4397 1512 4484 seribendumque

335 4516 381 4566 est
397 4505 473 4566 44444
497 4506 509 4564 4
538 4522 580 4564 em
602 4503 743 4584 squalore
766 4507 822 4566 nmo
844 4504 1040 4566 miseriorum
1063 4506 1094 4565 in
1116 4503 1223 4564 aetatis
1238 4502 1363 4566 adultae
1375 4501 1512 4586 primitiis
