3204 5104
287 285 360 358 376
581 299 670 358 laum
691 314 857 358 usortonvu
878 313 1058 356 maritant!
1076 294 1169 353 4868.

280 507 369 568 esse,
396 486 542 550 Gordium
561 494 770 548 commentum
794 492 842 546 εει
857 481 1100 564 Lindeubrogii,
1126 483 1258 546 minime
1282 482 1363 546 illud
1386 503 1465 545 com-

281 588 409 654 modum
431 599 486 652 aut
508 587 684 670 probabile.
732 588 926 667 exemplaria
949 589 1122 649 Romanum
1137 587 1335 650 Bononiense
1351 584 1465 649 bocur-

280 696 405 757 sianum
421 692 628 754 Gelenianum
652 691 771 753 babent
788 690 900 753 nodum
915 697 944 752 ei
958 690 1073 766 odium,
1100 710 1140 752 ex
1163 689 1326 753 codicibus
1342 691 1465 752 Floren-

280 799 348 859 tino
371 806 403 858 et
424 797 520 877 Regio
542 793 688 858 adfertur
709 795 821 856 nodum
843 800 872 855 ει
892 794 1006 870 odiern,
1031 793 1128 874 idque
1151 795 1246 856 etiam
1270 795 1303 856 in
1321 795 1465 856 Vaticano

281 901 416 981 legitur,
448 900 491 960 ita
513 896 644 979 quidem
667 899 836 977 scriptum,
868 897 979 958 nodum
1003 895 1143 981 dautem.
1191 899 1266 960 bine
1288 897 1391 960 lacilis
1413 916 1466 958 na-

281 1004 381 1065 scitur
409 1001 599 1064 emendatio.
650 1001 775 1080 Gallus,
808 1019 903 1081 quem
928 1001 1129 1062 Constantius
1159 1002 1232 1063 nisu
1260 1000 1366 1063 valido
1395 1019 1466 1062 con-

280 1106 401 1168 vellere
418 1104 584 1186 cogitabat,
610 1113 801 1186 conparatur
815 1123 885 1166 cum
909 1103 991 1166 nodo
1008 1104 1057 1165 vel
1081 1113 1191 1166 trunco
1213 1103 1349 1181 arboris,
1375 1123 1464 1185 quem

256 1197 352 1271 rnon¹
382 1218 485 1290 potest
513 1208 660 1271 scindere
688 1227 794 1288 neque
823 1207 1001 1270 convallare
1025 1209 1086 1268 nisi
1113 1209 1168 1288 qui
1191 1209 1277 1271 vires
1298 1205 1464 1270 admodum

282 1311 468 1374 intenderit.
521 1309 726 1374 scribendum
756 1321 804 1373 εει
835 1321 941 1373 autem
971 1318 1124 1392 tompuorn
1152 1311 1264 1373 nodum
1285 1331 1320 1372 ar
1343 1330 1464 1374 contem

282 1415 503 1496 difficillimum.
551 1415 653 1476 simile
676 1413 906 1494 quodammodo
935 1423 983 1476 est
1010 1413 1095 1494 quod
1117 1432 1165 1475 xiv
1189 1416 1207 1475 6
1233 1415 1270 1476 43
1295 1414 1337 1477 de
1360 1435 1397 1476 eo
1418 1413 1466 1476 di-

283 1519 365 1580 eitur
388 1518 443 1598 qui
466 1519 625 1579 bominem
648 1517 730 1579 bene
754 1526 950 1579 nummatum
974 1516 1110 1598 ideoque
1129 1527 1302 1579 tumentem
1325 1516 1466 1580 adsidui-

282 1631 345 1683 tate
368 1620 429 1682 sibi
453 1621 620 1682 conciliare
643 1619 769 1698 studet,
794 1627 921 1682 aetutem
944 1639 1059 1682 omnem
1078 1619 1203 1700 frustra
1225 1624 1256 1682 in
1279 1623 1379 1702 stipite
1399 1640 1466 1684 ooo·

282 1731 360 1786 ieros
383 1723 591 1786 urbmitteudo.
639 1722 724 1803 quod
745 1742 809 1784 non
833 1725 909 1784 satis
932 1723 1160 1785 intellexerunt
1183 1725 1389 1805 interpretes:
1422 1733 1466 1785 est

281 1835 387 1889 autem
410 1825 620 1889 submittendi
649 1826 782 1888 verbum
806 1823 918 1888 eadem
940 1825 1169 1906 significatione
1191 1826 1311 1889 dictum
1334 1847 1395 1909 qua
1418 1828 1466 1890 lu-

281 1929 403 1991 venalis
433 1929 533 1991 utitur
558 1930 596 1991 42
619 1929 672 2008 53,
705 1935 775 1991 tunc
804 1929 946 1990 adversis
967 1929 1166 2012 torquentibus
1192 1930 1265 1993 iiiuc
1286 1931 1417 1994 Reccidit
1436 1937 1468 1992 ut

282 2034 397 2095 muium
415 2031 502 2113 ferro
524 2031 719 2094 submitteret.

368 2133 461 2196 Libro
476 2154 512 2196 xv
529 2136 566 2194 40
584 2135 602 2196 6
627 2135 840 2215 periculosum
857 2153 915 2216 per
929 2131 1025 2214 Alpes
1042 2134 1157 2197 Cottias
1179 2137 1241 2197 iter
1264 2133 1461 2199 describitur.

282 2237 376 2299 bieme
397 2255 469 2298 vero
491 2239 600 2300 numus
623 2244 762 2301 murima
778 2236 948 2320 [riportbus
970 2245 998 2300 et
1019 2245 1174 2319 tamquam
1195 2239 1328 2321 leuipotu
1350 2241 1464 2321 meoque

283 2340 383 2403 iobiiis
406 2342 557 2404 incessum
575 2343 827 2422 praeceptionum
849 2341 966 2421 inpellit
987 2349 1016 2402 et
1033 2341 1159 2422 patulae
1181 2342 1278 2404 nolles
1298 2361 1356 2423 per
1370 2345 1465 2424 spolio

278 2445 378 2524 piono
398 2443 494 2526 plooie
518 2443 654 2525 perfidae
680 2450 792 2505 vorant
818 2461 1065 2524 nonnumquam
1088 2451 1290 2508 transmotae.
1339 2446 1372 2508 ob
1393 2465 1465 2528 ptrue

284 2547 416 2608 locorum
438 2546 544 2610 collidi
571 2549 732 2609 eminentes
762 2546 874 2630 iipneos
896 2547 980 2608 stilos
999 2564 1059 2626 per
1081 2549 1220 2610 cautiora
1242 2549 1308 2610 loco
1329 2549 1462 2632 deiparat,

282 2657 317 2711 ut
338 2668 441 2712 eorum
463 2651 558 2713 series
585 2651 732 2712 uiatorem
761 2649 853 2712 duent
882 2650 1063 2710 innomium:
1093 2652 1146 2731 qui
1172 2653 1201 2713 si
1227 2651 1347 2714 nivibus
1375 2653 1466 2733 operti

283 2752 446 2830 latuerint,
479 2755 629 2816 montonis
658 2751 855 2834 desinentibus
884 2753 961 2814 rivis
991 2754 1106 2833 eversi,
1138 2754 1309 2836 opreatibus
1333 2756 1464 2838 proemia

282 2855 403 2937 difficile
413 2857 643 2937 pervaduntur.
682 2857 716 2917 in
731 2853 823 2917 libris
838 2853 1003 2918 veteribus
1026 2855 1110 2918 inter
1132 2859 1233 2919 eversi
1254 2867 1286 2919 et
1302 2857 1463 2941 apveriibus

282 2959 436 3040 scriptum
459 2969 507 3021 εει
528 2977 658 3042 prauos,
693 2961 724 3020 in
747 2977 810 3039 qua
831 2977 908 3020 voce
932 2957 1084 3020 mendum
1105 2960 1275 3023 Vaticanus
1300 2961 1350 3023 bis
1371 2961 1462 3041 signis

411 3081 507 3143 supra
530 3059 662 3124 adiectis
684 3071 781 3123 notat.
829 3071 860 3124 et
878 3071 945 3123 erat
960 3081 1036 3124 sane
1053 3062 1268 3143 emendanda,
1293 3083 1355 3127 non
1375 3065 1462 3126 omit-

281 3163 395 3243 tenda,
427 3165 512 3246 quod
543 3164 693 3226 Gelenius
723 3162 808 3224 lecit.
863 3163 1067 3227 scribendum
1099 3175 1147 3228 est
1169 3185 1273 3229 cusan
1301 3165 1462 3250 uprntibur

280 3268 418 3347 praeviis
445 3265 566 3348 difficile
595 3285 772 3328 rnavaovnr.
820 3285 882 3328 non
911 3268 995 3328 enim
1026 3287 1105 3349 opus
1134 3279 1202 3330 erat
1231 3280 1267 3331 ut
1295 3267 1336 3331 ad
1361 3269 1461 3352 pneris

282 3367 456 3431 adderetur
479 3369 609 3430 iocorum
632 3368 685 3429 vel
707 3368 811 3430 simile
833 3369 966 3450 aliquid.
1012 3368 1093 3431 dixit
1107 3369 1293 3434 Ammianus
1315 3391 1372 3433 xvu
1391 3371 1458 3432 434

281 3470 336 3532 ubi
357 3471 521 3552 pleraque,
551 3470 711 3534 umidioris
739 3471 797 3534 soli
823 3480 992 3534 naturaei
1019 3475 1211 3537 incrementis
1237 3475 1394 3555 [lunium
1415 3493 1461 3534 ro-

283 3571 470 3650 dundoniio,
503 3581 647 3658 siopnoso
674 3582 747 3637 suni
773 3582 802 3636 et
828 3574 944 3657 referto
973 3575 1117 3639 salicibus
1147 3576 1270 3659 ideoque
1297 3579 1382 3640 invio
1406 3579 1464 3638 nin

280 3694 429 3758 perquam
449 3680 569 3760 pneris.
617 3677 662 3738 ibi
685 3685 773 3754 suni,
799 3677 884 3758 quod
906 3686 976 3758 post
999 3684 1142 3760 stopuoso
1160 3681 1194 3741 in
1217 3679 1310 3742 libris
1324 3680 1460 3743 Vaticano

284 3788 315 3840 ει
336 3777 529 3842 Accursiano
559 3780 692 3862 legitur,
724 3799 741 3841 a
765 3779 893 3842 Gelenio
922 3780 1003 3842 male
1026 3782 1177 3844 omissum
1200 3792 1259 3844 est.
1305 3802 1365 3846 non
1386 3785 1459 3844 mira

285 3889 333 3942 es't
356 3882 388 3942 in
413 3900 446 3943 re
469 3884 637 3964 perspicua
664 3882 794 3944 brevior
815 3883 924 3944 oratio.
972 3881 1082 3944 eadem
1105 3883 1262 3947 brevitate
1286 3884 1423 3967 Polybius
1445 3903 1459 3943 v
1575 3947 1576 3960 ¹

284 3985 324 4046 20
342 3981 361 4044 'l
384 3982 464 4046 dixit
486 3977 670 4056 πιστεύοντες
686 3982 844 4071 ἐμπείροις.
882 3986 1059 4067 pervadunt
1073 3989 1250 4050 necessario
1266 3989 1455 4070 scripsimus:

284 4105 356 4150 nam
375 4087 591 4168 pervaduntur
614 4107 676 4150 non
693 4087 866 4169 habetque
884 4098 968 4150 recte
992 4088 1161 4152 referatur.
1200 4091 1279 4154 nibil
1303 4098 1458 4154 estautcm

285 4190 343 4251 bac
358 4191 531 4252 activorum
550 4201 583 4252 et
605 4192 803 4272 passivorum
819 4191 989 4254 formarum
1006 4196 1238 4273 permutatione
1256 4194 1454 4276 frequentius.

286 4293 318 4352 in
349 4294 427 4372 ipsis
455 4293 517 4354 illis
538 4290 694 4355 Ammiani
724 4293 833 4356 verbis
863 4292 945 4356 liber
966 4296 1133 4358 Vaticanus
1164 4295 1260 4358 babet
1288 4297 1454 4379 defipuntur,

286 4403 514 4477 peccatumque
544 4397 577 4457 in
607 4415 643 4458 eo
671 4416 766 4478 saepe
796 4407 844 4459 est
873 4397 1030 4460 similiter.
1077 4399 1184 4480 itaque
1205 4418 1284 4462 xxvu
1307 4402 1325 4462 4
1348 4401 1364 4460 6
1391 4415 1454 4460 cum
