3240 5094
339 303 413 375 442
633 317 720 378 lunas
743 334 909 378 urcrrosrn
932 333 1119 376 areensem
1137 315 1231 374 tait.

340 511 373 569 in
396 507 556 570 Analectis
578 504 841 587 bibliographicis
869 515 902 567 et
929 503 1142 585 biographicis
1169 523 1202 585 p.
1228 505 1258 586 9]
1291 507 1504 585 grammaticum

339 630 419 692 opus
449 608 602 672 describit
630 611 720 671 cuius
747 610 871 690 primus
901 606 985 669 liber
1005 605 1158 670 vocabula
1187 608 1274 670 iuxta
1297 609 1393 689 capita
1413 628 1506 671 rerum

341 716 443 775 instar
457 713 526 776 lulli
543 713 676 774 Pollucis
693 712 928 794 conplectatur,
954 711 1113 774 sccundus
1135 709 1249 773 habeat
1273 710 1420 774 dictiones
1434 713 1508 774 iuxta

317 819 459 879 tseriem
475 817 712 879 elementariam
728 815 879 896 digestas,
903 803 1024 876 tertius¹
1041 813 1183 895 denique
1206 812 1290 876 liber
1311 833 1348 876 ea
1369 815 1508 876 contineat

341 939 423 1000 quae
447 938 532 982 nune
553 939 572 982 a
594 939 628 981 se
652 918 799 982 edantur.
846 918 931 980 idem
947 937 1024 979 vero
1046 917 1236 998 colloquium
1260 918 1344 978 inest
1365 921 1396 978 in
1417 917 1509 979 codice

340 1022 550 1086 bibliothecae
574 1023 760 1086 Parisiensis
779 1023 897 1084 Graeco
913 1023 1009 1100 30l9,
1034 1021 1188 1102 scriptum
1211 1039 1228 1082 a
1251 1039 1347 1083 manu
1362 1020 1431 1082 ltala
1450 1039 1509 1082 sae·

340 1127 402 1190 culi
419 1147 483 1206 xrr,
507 1125 615 1187 addito
638 1126 695 1187 hoc
714 1126 823 1203 titulo,
850 1119 1059 1194 Πολυδεύκους
1079 1118 1147 1207 περὶ
1167 1123 1374 1207 καθημερινῆς
1394 1124 1506 1203 opilius

342 1229 459 1292 Polucis
481 1229 518 1292 de
533 1228 707 1310 portatam
731 1229 911 1310 loquutione.
951 1247 1033 1309 quae
1056 1227 1220 1308 inscriptio
1242 1227 1322 1289 lacta
1345 1236 1392 1290 εει
1412 1226 1449 1289 ab
1462 1227 1510 1287 ho-

340 1334 427 1395 mino
450 1350 513 1394 non
536 1332 613 1394 satis
635 1331 742 1394 docto:
768 1351 841 1394 nam
865 1330 905 1394 de
929 1331 1007 1394 lulio
1029 1331 1152 1392 Polluce
1175 1333 1305 1410 cogitari
1328 1331 1510 1392 nullomodo

340 1445 455 1516 potest.
494 1434 552 1496 sed
574 1437 739 1517 conparari
763 1437 864 1516 potuit
885 1434 1008 1497 lexicon
1031 1452 1090 1514 per
1106 1451 1214 1495 rerum
1230 1453 1348 1515 genera
1371 1434 1510 1515 digestum

340 1558 412 1600 cum
435 1538 568 1600 Pollucis
589 1539 804 1616 Onomastico,
836 1536 869 1600 id
898 1537 983 1617 quod
1006 1537 1177 1599 Rhenanus
1199 1535 1285 1600 lecit.
1333 1539 1366 1599 in
1388 1547 1510 1600 mentem

340 1640 374 1702 id
418 1651 544 1703 revocat
588 1641 674 1722 quod
716 1660 735 1703 a
778 1641 936 1722 llaphaele
976 1639 1179 1702 Volaterrano
1224 1640 1510 1703 Commentariomm

340 1742 535 1806 urbanorum
568 1743 650 1806 libro
679 1763 709 1807 rr
737 1764 770 1825 p.
803 1745 843 1804 56
872 1745 994 1824 primae
1023 1743 1172 1805 editionis
1205 1743 1291 1804 inter
1320 1743 1417 1806 libros
1442 1763 1511 1805 anno

339 1866 563 1910 nocootxxmu
592 1849 625 1910 in
653 1849 842 1910 monasterio
864 1846 1012 1909 bobiensi
1036 1857 1181 1928 repertos
1208 1857 1400 1910 memoratur
1429 1845 1512 1908 ‘liber

339 1950 511 2030 persimilis
541 1951 618 2014 lulio
641 1952 757 2014 Polluci
788 1949 829 2012 de
858 1949 1020 2014 vocabulis
1049 1969 1175 2030 rerum,
1207 1961 1256 2012 set
1284 1950 1343 2011 hoo
1372 1951 1509 2032 amplius:

339 2054 447 2116 Latina
471 2053 599 2116 Graecis
621 2053 784 2116 vocabulis
810 2052 1026 2134 respondent.¹
1071 2054 1297 2134 colloquiorum
1327 2054 1512 2116 scholastico-

340 2175 411 2218 rum
440 2157 473 2218 in
502 2156 620 2237 quibus
643 2158 780 2219 Graecae
810 2157 942 2220 orationi
965 2158 1074 2218 Latina
1103 2157 1324 2238 interpretatio
1352 2157 1454 2222 addita
1473 2165 1514 2217 est

341 2261 495 2340 reliquiae
518 2271 628 2324 extant
649 2262 743 2323 etiam
766 2261 858 2322 aliae.
898 2259 938 2323 de
962 2259 1080 2340 quihus
1102 2260 1180 2322 alias
1200 2259 1341 2323 dicetur:
1368 2279 1463 2338 nuno,
1484 2267 1512 2320 ut

339 2363 519 2426 scholarum
541 2365 683 2445 proxima
707 2365 811 2426 hieme
828 2362 1049 2426 habendarum
1065 2364 1296 2426 enumerationi
1313 2374 1420 2426 nostro
1440 2380 1512 2424 more

339 2465 462 2546 aliquid
484 2486 525 2528 ex
547 2468 687 2548 antiquis
709 2468 824 2529 litteris
846 2475 1006 2546 sumptum
1036 2465 1205 2545 addamus,
1238 2466 1393 2548 colloquia
1421 2465 1512 2547 prole-

340 2569 440 2630 rimus
456 2588 496 2630 ex
511 2569 619 2632 codice
635 2589 719 2632 cocu
736 2570 948 2632 bibliothecae
971 2569 1095 2632 scholae
1118 2568 1260 2633 medicae
1279 2588 1361 2650 quae
1379 2572 1410 2632 in
1424 2571 1512 2632 llonte

340 2672 508 2734 Pessulano
540 2683 598 2735 est.
646 2675 672 2736 is
701 2672 818 2752 codex,
849 2675 905 2755 qui
932 2673 1006 2735 olim
1035 2673 1178 2734 Buhierii
1208 2672 1281 2752 luit,
1314 2673 1449 2754 scriptus
1474 2681 1512 2732 cst

339 2775 463 2837 saeculo
492 2795 573 2838 nono
604 2777 637 2838 in
666 2776 862 2839 membranis
892 2775 1074 2857 quadratis,
1107 2778 1247 2838 continet
1276 2785 1383 2838 autem
1413 2773 1512 2836 iudea

340 2878 454 2958 pagina
472 2879 553 2939 tat·
574 2899 612 2941 ea
635 2899 716 2960 quae
739 2899 824 2942 nunc
847 2879 988 2959 edimus,
1013 2889 1080 2940 tum
1101 2899 1119 2942 a
1142 2881 1256 2961 pagina
1276 2874 1356 2941 ttat
1378 2876 1512 2940 vocabula

339 3000 399 3061 per
420 3001 538 3062 genera
562 3002 670 3048 rerum
693 2982 861 3064 disposita,
894 2981 1034 3063 danique
1063 3002 1082 3045 a
1110 2983 1225 3064 pagina
1249 2984 1332 3044 ata·
1356 2977 1510 3064 usquead

340 3078 424 3146 222⁵
445 3084 597 3148 vocabula
620 3087 799 3148 litterarum
815 3084 927 3148 ordine
944 3085 1076 3166 digesta.
1117 3105 1153 3148 ea
1176 3087 1280 3148 omnia
1303 3087 1365 3148 alio
1388 3096 1512 3165 tempore

339 3207 411 3250 curn
434 3188 569 3268 reliquis
591 3189 749 3253 similibus
771 3189 932 3270 glossariis
955 3189 1082 3250 Graecis
1105 3199 1136 3250 et
1159 3189 1294 3268 Latinis,
1321 3208 1451 3271 quorum
1472 3187 1512 3246 in·

339 3310 418 3370 gens
440 3301 489 3353 est
510 3301 543 3352 et
564 3295 681 3374 partim
705 3293 863 3373 incognita
886 3293 991 3372 copia,
1017 3290 1184 3354 emendata
1208 3303 1362 3373 quantum
1380 3293 1445 3354 lieri
1466 3307 1511 3372 pe

339 3396 414 3455 terit
435 3405 466 3456 et
488 3395 645 3476 explicata
668 3395 820 3458 edentur:
847 3414 933 3458 nunc
954 3393 1114 3476 quendam
1137 3404 1260 3457 tantum
1284 3395 1397 3458 harum
1419 3411 1510 3456 rerum

339 3497 428 3577 quasi
453 3507 579 3578 gustum
603 3497 680 3560 dare
696 3499 864 3562 voluimus.
905 3499 984 3561 illud
1007 3497 1175 3562 tacendum
1192 3509 1337 3577 nonest,
1363 3496 1511 3560 librarium

339 3601 371 3661 in
395 3601 510 3664 litteris
533 3602 678 3682 Graecis,
703 3601 866 3664 vocalibus
888 3603 1041 3680 maxime,
1071 3621 1195 3664 errores
1218 3603 1404 3664 conmisisse
1425 3599 1511 3681 pluri·

339 3723 416 3766 mos.
463 3723 599 3785 quorum
631 3724 684 3766 eos
714 3714 836 3767 tantum
868 3706 1173 3768 conmemoravimus
1203 3704 1244 3766 de
1274 3703 1393 3785 quihus
1422 3702 1510 3781 aliqua

338 3805 442 3868 videri
465 3817 590 3888 poterat
612 3827 682 3870 esse
706 3807 877 3870 dubitatio:
911 3828 1015 3889 neque
1046 3809 1132 3871 enim
1160 3809 1304 3888 repetitis
1326 3809 1413 3870 vitiis
1432 3821 1511 3886 aper-

338 3911 469 3972 tissimis
499 3911 555 3972 has
585 3912 717 3992 paginas
745 3913 846 3992 magis
873 3931 1007 3975 onerare
1035 3913 1193 3974 voluimus
1228 3929 1323 3992 quam
1358 3908 1510 3990 copiosiore
1581 3985 1582 3992 ἵ

338 4013 565 4094 explicatione,
596 4015 700 4095 qualis
729 4013 798 4078 fieri
821 4016 924 4095 potuit
946 4035 1040 4097 opera
1064 4033 1127 4077 non
1150 4015 1247 4076 nimis
1270 4013 1411 4092 difficili,
1439 4009 1510 4074 utili·
1581 4003 1582 4050 ἶ

338 4125 402 4176 tate
414 4117 537 4196 exigua.
573 4116 926 4198 [Interpretameotorum
942 4117 1035 4181 libros
1046 4119 1151 4200 quales
1165 4121 1195 4179 in
1207 4117 1306 4180 codice
1319 4117 1456 4201 leprtntur
1465 4109 1509 4174 od·

338 4219 531 4280 cetratissime
544 4219 710 4301 descriptos
721 4222 850 4282 Parisiis
865 4221 958 4283 edidit
973 4240 1053 4282 anno
1067 4223 1151 4286 4872
1162 4218 1198 4284 A.
1214 4219 1381 4283 Bouchert'c
1397 4217 1509 4298 (Nott'ctt

338 4329 367 4383 et
377 4322 510 4382 eaetroits
523 4321 575 4383 des
587 4325 773 4386 manuscrits
785 4331 806 4386 t.
817 4339 898 4380 asur
904 4344 937 4407 p.
949 4327 1013 4388 277
1020 4325 1102 4406 sqq.)
1114 4325 1196 4386 uode
1206 4325 1383 4387 necessaria
1394 4323 1510 4407 corrulo
1580 4365 1581 4382 ,

338 4431 367 4485 et
381 4423 521 4506 suppleto
536 4425 631 4505 sunt]
