<?xml version="1.0" encoding="UTF-8"?>
<!DOCTYPE html PUBLIC "-//W3C//DTD XHTML 1.0 Transitional//EN"
    "http://www.w3.org/TR/xhtml1/DTD/xhtml1-transitional.dtd">
<html xmlns="http://www.w3.org/1999/xhtml" xml:lang="en" lang="en">
 <head>
  <title>
</title>
<meta http-equiv="Content-Type" content="text/html;charset=utf-8" />
  <meta name='ocr-system' content='tesseract 3.04.00' />
  <meta name='ocr-capabilities' content='ocr_page ocr_carea ocr_par ocr_line ocrx_word'/>
</head>
<body>
  <div class='ocr_page' id='page_1' title='image "./mavriciihavptii00haupgoog/mavriciihavptii00haupgoog_0366.png"; bbox 0 0 3204 5104; ppageno 0'>
   <div class='ocr_carea' id='block_1_1' title="bbox 375 422 1263 500">
    <p class='ocr_par' dir='ltr' id='par_1_1' title="bbox 375 422 1263 500">
     <span class='ocr_line' id='line_1_1' title="bbox 375 422 1263 500; baseline -0.005 -2"><span class='ocrx_word' id='word_1_1' title='bbox 375 439 464 500; x_wconf 82' lang='lat' dir='ltr'><em>lnnnx</em></span> <span class='ocrx_word' id='word_1_2' title='bbox 487 455 653 499; x_wconf 83' lang='lat' dir='ltr'><em>nrarronrn</em></span> <span class='ocrx_word' id='word_1_3' title='bbox 675 456 853 499; x_wconf 77' lang='lat' dir='ltr'><em>nnsrrvnsu</em></span> <span class='ocrx_word' id='word_1_4' title='bbox 874 437 968 498; x_wconf 84' lang='grc'><strong>4867.</strong></span> <span class='ocrx_word' id='word_1_5' title='bbox 1190 422 1263 496; x_wconf 86' lang='grc'><em>353</em></span> 
     </span>
    </p>
   </div>
   <div class='ocr_carea' id='block_1_2' title="bbox 76 623 1272 4003">
    <p class='ocr_par' dir='ltr' id='par_1_2' title="bbox 90 623 1270 906">
     <span class='ocr_line' id='line_1_2' title="bbox 90 623 1270 708; baseline 0.001 -21"><span class='ocrx_word' id='word_1_6' title='bbox 90 623 188 706; x_wconf 75' lang='lat' dir='ltr'><em>sermm</em></span> <span class='ocrx_word' id='word_1_7' title='bbox 210 625 284 708; x_wconf 79' lang='lat' dir='ltr'><em>qnid</em></span> <span class='ocrx_word' id='word_1_8' title='bbox 306 626 429 703; x_wconf 84' lang='lat' dir='ltr'><em>vellem,</em></span> <span class='ocrx_word' id='word_1_9' title='bbox 459 645 505 688; x_wconf 92' lang='lat' dir='ltr'><em>me</em></span> <span class='ocrx_word' id='word_1_10' title='bbox 533 628 590 688; x_wconf 91' lang='lat' dir='ltr'><em>nni</em></span> <span class='ocrx_word' id='word_1_11' title='bbox 617 627 686 689; x_wconf 82' lang='lat' dir='ltr'><em>taio</em></span> <span class='ocrx_word' id='word_1_12' title='bbox 715 627 878 689; x_wconf 81' lang='lat' dir='ltr'><strong><em>mandasse</em></strong></span> <span class='ocrx_word' id='word_1_13' title='bbox 900 635 929 689; x_wconf 90' lang='lat' dir='ltr'><em>et</em></span> <span class='ocrx_word' id='word_1_14' title='bbox 949 627 1190 690; x_wconf 75' lang='lat' dir='ltr'><em>concredidisse?</em></span> <span class='ocrx_word' id='word_1_15' title='bbox 1234 635 1270 688; x_wconf 91' lang='lat' dir='ltr'><em>ut</em></span> 
     </span>
     <span class='ocr_line' id='line_1_3' title="bbox 93 728 1266 813; baseline 0.002 -25"><span class='ocrx_word' id='word_1_16' title='bbox 93 738 165 789; x_wconf 85' lang='lat' dir='ltr'><em>reete</em></span> <span class='ocrx_word' id='word_1_17' title='bbox 189 729 281 791; x_wconf 88' lang='lat' dir='ltr'><em>lieret</em></span> <span class='ocrx_word' id='word_1_18' title='bbox 302 729 400 792; x_wconf 87' lang='lat' dir='ltr'><em>oratio</em></span> <span class='ocrx_word' id='word_1_19' title='bbox 423 728 624 793; x_wconf 88' lang='lat' dir='ltr'><em>lleindorlius</em></span> <span class='ocrx_word' id='word_1_20' title='bbox 645 729 724 813; x_wconf 85' lang='lat' dir='ltr'><em>qnod</em></span> <span class='ocrx_word' id='word_1_21' title='bbox 746 731 778 791; x_wconf 93' lang='lat' dir='ltr'><em>in</em></span> <span class='ocrx_word' id='word_1_22' title='bbox 801 731 914 812; x_wconf 79' lang='lat' dir='ltr'><em>puon’es</em></span> <span class='ocrx_word' id='word_1_23' title='bbox 929 730 1115 793; x_wconf 87' lang='lat' dir='ltr'><em>mutandum</em></span> <span class='ocrx_word' id='word_1_24' title='bbox 1132 731 1266 793; x_wconf 90' lang='lat' dir='ltr'><em>censuit.</em></span> 
     </span>
     <span class='ocr_line' id='line_1_4' title="bbox 92 831 538 906; baseline 0.007 -16"><span class='ocrx_word' id='word_1_25' title='bbox 92 831 184 894; x_wconf 87' lang='lat' dir='ltr'><em>lenius</em></span> <span class='ocrx_word' id='word_1_26' title='bbox 207 842 257 895; x_wconf 86' lang='lat' dir='ltr'><em>est</em></span> <span class='ocrx_word' id='word_1_27' title='bbox 280 831 423 895; x_wconf 86' lang='lat' dir='ltr'><em>scribere</em></span> <span class='ocrx_word' id='word_1_28' title='bbox 447 852 538 906; x_wconf 80' lang='lat' dir='ltr'><em>avon.</em></span> 
     </span>
    </p>

    <p class='ocr_par' dir='ltr' id='par_1_3' title="bbox 85 934 1270 2031">
     <span class='ocr_line' id='line_1_5' title="bbox 165 934 1269 1020; baseline 0.003 -24"><span class='ocrx_word' id='word_1_29' title='bbox 165 937 209 998; x_wconf 82' lang='lat' dir='ltr'><em>lle</em></span> <span class='ocrx_word' id='word_1_30' title='bbox 239 935 329 998; x_wconf 89' lang='lat' dir='ltr'><em>ieriis</em></span> <span class='ocrx_word' id='word_1_31' title='bbox 356 934 556 998; x_wconf 82' lang='lat' dir='ltr'><em>Alsiensibus</em></span> <span class='ocrx_word' id='word_1_32' title='bbox 586 955 637 1016; x_wconf 91' lang='lat' dir='ltr'><em>ep.</em></span> <span class='ocrx_word' id='word_1_33' title='bbox 663 937 680 996; x_wconf 88' lang='lat'><strong>3</strong></span> <span class='ocrx_word' id='word_1_34' title='bbox 712 954 745 1017; x_wconf 93' lang='lat' dir='ltr'><em>p.</em></span> <span class='ocrx_word' id='word_1_35' title='bbox 780 937 839 997; x_wconf 73' lang='lat' dir='ltr'><em>tet</em></span> <span class='ocrx_word' id='word_1_36' title='bbox 870 935 957 1020; x_wconf 81' lang='grc'><em>[229</em></span> <span class='ocrx_word' id='word_1_37' title='bbox 987 938 1025 1000; x_wconf 92' lang='lat' dir='ltr'><em>N.</em></span> <span class='ocrx_word' id='word_1_38' title='bbox 1031 934 1051 1020; x_wconf 87' lang='lat'><em>]</em></span> <span class='ocrx_word' id='word_1_39' title='bbox 1080 946 1142 999; x_wconf 82' lang='lat' dir='ltr'><em>tum</em></span> <span class='ocrx_word' id='word_1_40' title='bbox 1169 939 1269 999; x_wconf 87' lang='lat' dir='ltr'><em>lovem</em></span> 
     </span>
     <span class='ocr_line' id='line_1_6' title="bbox 90 1037 1269 1122; baseline 0.003 -24"><span class='ocrx_word' id='word_1_41' title='bbox 90 1037 150 1100; x_wconf 88' lang='lat' dir='ltr'><em>deos</em></span> <span class='ocrx_word' id='word_1_42' title='bbox 170 1039 249 1102; x_wconf 85' lang='lat' dir='ltr'><em>alios</em></span> <span class='ocrx_word' id='word_1_43' title='bbox 271 1046 478 1120; x_wconf 83' lang='lat' dir='ltr'><em>percoommm</em></span> <span class='ocrx_word' id='word_1_44' title='bbox 501 1039 753 1102; x_wconf 87' lang='lat' dir='ltr'><em>animadvertisse</em></span> <span class='ocrx_word' id='word_1_45' title='bbox 781 1042 914 1122; x_wconf 81' lang='lat' dir='ltr'><em>pratiam</em></span> <span class='ocrx_word' id='word_1_46' title='bbox 936 1040 1058 1122; x_wconf 82' lang='lat' dir='ltr'><em>vipr&#39;liac</em></span> <span class='ocrx_word' id='word_1_47' title='bbox 1080 1041 1269 1122; x_wconf 70' lang='lat' dir='ltr'><em>alimentum</em></span> 
     </span>
     <span class='ocr_line' id='line_1_7' title="bbox 87 1141 1270 1224; baseline 0.001 -21"><span class='ocrx_word' id='word_1_48' title='bbox 87 1141 207 1220; x_wconf 87' lang='lat' dir='ltr'><em>pollere,</em></span> <span class='ocrx_word' id='word_1_49' title='bbox 235 1144 379 1204; x_wconf 83' lang='lat' dir='ltr'><em>lunonem</em></span> <span class='ocrx_word' id='word_1_50' title='bbox 398 1143 558 1224; x_wconf 79' lang='lat' dir='ltr'><em>plerosque</em></span> <span class='ocrx_word' id='word_1_51' title='bbox 578 1150 688 1223; x_wconf 82' lang='lat' dir='ltr'><em>portus</em></span> <span class='ocrx_word' id='word_1_52' title='bbox 702 1150 865 1204; x_wconf 83' lang='lat' dir='ltr'><em>nocturnos</em></span> <span class='ocrx_word' id='word_1_53' title='bbox 879 1145 975 1218; x_wconf 85' lang='lat' dir='ltr'><em>ciere,</em></span> <span class='ocrx_word' id='word_1_54' title='bbox 1001 1145 1187 1221; x_wconf 84' lang='lat' dir='ltr'><em>Minervam,</em></span> <span class='ocrx_word' id='word_1_55' title='bbox 1214 1163 1270 1204; x_wconf 88' lang='lat' dir='ltr'><em>nr-</em></span> 
     </span>
     <span class='ocr_line' id='line_1_8' title="bbox 89 1245 1270 1328; baseline 0.003 -24"><span class='ocrx_word' id='word_1_56' title='bbox 89 1245 154 1306; x_wconf 90' lang='lat' dir='ltr'><em>tiam</em></span> <span class='ocrx_word' id='word_1_57' title='bbox 180 1253 271 1327; x_wconf 76' lang='lat' dir='ltr'><em>atqrre</em></span> <span class='ocrx_word' id='word_1_58' title='bbox 299 1245 450 1324; x_wconf 77' lang='lat' dir='ltr'><em>artificum</em></span> <span class='ocrx_word' id='word_1_59' title='bbox 478 1247 675 1328; x_wconf 65' lang='lat' dir='ltr'><em>mammam,</em></span> <span class='ocrx_word' id='word_1_60' title='bbox 707 1246 834 1308; x_wconf 85' lang='lat' dir='ltr'><em>maltam</em></span> <span class='ocrx_word' id='word_1_61' title='bbox 864 1247 992 1328; x_wconf 84' lang='lat' dir='ltr'><em>vipilori</em></span> <span class='ocrx_word' id='word_1_62' title='bbox 1016 1246 1107 1323; x_wconf 88' lang='lat' dir='ltr'><em>celle,</em></span> <span class='ocrx_word' id='word_1_63' title='bbox 1140 1248 1270 1309; x_wconf 85' lang='lat' dir='ltr'><em>Mortem</em></span> 
     </span>
     <span class='ocr_line' id='line_1_9' title="bbox 87 1348 1270 1429; baseline 0.002 -21"><span class='ocrx_word' id='word_1_64' title='bbox 87 1355 246 1410; x_wconf 81' lang='lat' dir='ltr'><em>nocturnas</em></span> <span class='ocrx_word' id='word_1_65' title='bbox 262 1349 433 1429; x_wconf 73' lang='lat' dir='ltr'><em>emptiones</em></span> <span class='ocrx_word' id='word_1_66' title='bbox 453 1356 480 1410; x_wconf 93' lang='lat' dir='ltr'><em>et</em></span> <span class='ocrx_word' id='word_1_67' title='bbox 495 1348 625 1411; x_wconf 86' lang='lat' dir='ltr'><em>insidias</em></span> <span class='ocrx_word' id='word_1_68' title='bbox 639 1355 759 1410; x_wconf 84' lang='lat' dir='ltr'><em>mutare</em></span> <span class='ocrx_word' id='word_1_69' title='bbox 774 1351 899 1428; x_wconf 87' lang='lat' dir='ltr'><em>invare,</em></span> <span class='ocrx_word' id='word_1_70' title='bbox 931 1351 1071 1411; x_wconf 81' lang='lat' dir='ltr'><em>Venerem</em></span> <span class='ocrx_word' id='word_1_71' title='bbox 1086 1356 1115 1411; x_wconf 90' lang='lat' dir='ltr'><em>et</em></span> <span class='ocrx_word' id='word_1_72' title='bbox 1129 1348 1270 1410; x_wconf 73' lang='lat' dir='ltr'><em>libonem</em></span> 
     </span>
     <span class='ocr_line' id='line_1_10' title="bbox 87 1450 1270 1533; baseline 0.002 -21"><span class='ocrx_word' id='word_1_73' title='bbox 87 1452 171 1514; x_wconf 84' lang='lat' dir='ltr'><em>nnita</em></span> <span class='ocrx_word' id='word_1_74' title='bbox 198 1454 337 1513; x_wconf 67' lang='lat' dir='ltr'><em>mammo</em></span> <span class='ocrx_word' id='word_1_75' title='bbox 363 1450 610 1533; x_wconf 82' lang='lat' dir='ltr'><em>pernoctantibus</em></span> <span class='ocrx_word' id='word_1_76' title='bbox 632 1451 752 1533; x_wconf 74' lang='lat' dir='ltr'><em>savae.</em></span> <span class='ocrx_word' id='word_1_77' title='bbox 799 1451 929 1532; x_wconf 83' lang='lat' dir='ltr'><em>languet</em></span> <span class='ocrx_word' id='word_1_78' title='bbox 951 1450 1037 1533; x_wconf 87' lang='lat' dir='ltr'><em>quod</em></span> <span class='ocrx_word' id='word_1_79' title='bbox 1059 1450 1198 1514; x_wconf 86' lang='lat' dir='ltr'><em>Orellius</em></span> <span class='ocrx_word' id='word_1_80' title='bbox 1219 1461 1270 1514; x_wconf 90' lang='grc' dir='ltr'><strong>ιε-</strong></span> 
     </span>
     <span class='ocr_line' id='line_1_11' title="bbox 87 1554 1270 1636; baseline 0.002 -20"><span class='ocrx_word' id='word_1_81' title='bbox 87 1574 167 1617; x_wconf 87' lang='lat' dir='ltr'><em>mere</em></span> <span class='ocrx_word' id='word_1_82' title='bbox 195 1565 393 1616; x_wconf 87' lang='lat' dir='ltr'><em>commentus</em></span> <span class='ocrx_word' id='word_1_83' title='bbox 421 1564 469 1617; x_wconf 98' lang='grc' dir='ltr'><em>εει</em></span> <span class='ocrx_word' id='word_1_84' title='bbox 496 1561 524 1617; x_wconf 86' lang='grc' dir='ltr'><strong>ει</strong></span> <span class='ocrx_word' id='word_1_85' title='bbox 552 1554 682 1616; x_wconf 80' lang='lat' dir='ltr'><em>insidias</em></span> <span class='ocrx_word' id='word_1_86' title='bbox 708 1555 857 1618; x_wconf 87' lang='lat' dir='ltr'><em>militares</em></span> <span class='ocrx_word' id='word_1_87' title='bbox 880 1556 998 1616; x_wconf 81' lang='lat' dir='ltr'><em>maore.</em></span> <span class='ocrx_word' id='word_1_88' title='bbox 1045 1573 1107 1636; x_wconf 88' lang='lat' dir='ltr'><em>quo</em></span> <span class='ocrx_word' id='word_1_89' title='bbox 1130 1565 1270 1636; x_wconf 86' lang='lat' dir='ltr'><em>praestat</em></span> 
     </span>
     <span class='ocr_line' id='line_1_12' title="bbox 87 1657 1269 1740; baseline 0.001 -22"><span class='ocrx_word' id='word_1_90' title='bbox 87 1657 255 1720; x_wconf 87' lang='lat' dir='ltr'><em>Heindortii</em></span> <span class='ocrx_word' id='word_1_91' title='bbox 285 1659 383 1720; x_wconf 79' lang='lat' dir='ltr'><em>tutari</em></span> <span class='ocrx_word' id='word_1_92' title='bbox 409 1665 438 1720; x_wconf 93' lang='lat' dir='ltr'><em>et</em></span> <span class='ocrx_word' id='word_1_93' title='bbox 466 1658 595 1720; x_wconf 84' lang='lat' dir='ltr'><em>invare:</em></span> <span class='ocrx_word' id='word_1_94' title='bbox 626 1675 816 1740; x_wconf 88' lang='lat' dir='ltr'><em>quamquam</em></span> <span class='ocrx_word' id='word_1_95' title='bbox 844 1659 958 1720; x_wconf 88' lang='lat' dir='ltr'><em>horum</em></span> <span class='ocrx_word' id='word_1_96' title='bbox 981 1657 1076 1720; x_wconf 86' lang='lat' dir='ltr'><em>etiam</em></span> <span class='ocrx_word' id='word_1_97' title='bbox 1098 1657 1269 1721; x_wconf 88' lang='lat' dir='ltr'><em>verborum</em></span> 
     </span>
     <span class='ocr_line' id='line_1_13' title="bbox 86 1759 1269 1842; baseline 0.002 -22"><span class='ocrx_word' id='word_1_98' title='bbox 86 1762 215 1824; x_wconf 88' lang='lat' dir='ltr'><em>alterum</em></span> <span class='ocrx_word' id='word_1_99' title='bbox 246 1771 355 1824; x_wconf 88' lang='lat' dir='ltr'><em>utrum</em></span> <span class='ocrx_word' id='word_1_100' title='bbox 385 1761 497 1823; x_wconf 88' lang='lat' dir='ltr'><em>inutile</em></span> <span class='ocrx_word' id='word_1_101' title='bbox 528 1769 586 1824; x_wconf 86' lang='lat' dir='ltr'><em>est.</em></span> <span class='ocrx_word' id='word_1_102' title='bbox 640 1760 732 1824; x_wconf 91' lang='lat' dir='ltr'><em>nobis</em></span> <span class='ocrx_word' id='word_1_103' title='bbox 759 1760 889 1822; x_wconf 88' lang='lat' dir='ltr'><em>videtur</em></span> <span class='ocrx_word' id='word_1_104' title='bbox 920 1759 1072 1822; x_wconf 90' lang='lat' dir='ltr'><em>librarius</em></span> <span class='ocrx_word' id='word_1_105' title='bbox 1103 1769 1269 1842; x_wconf 76' lang='lat' dir='ltr'><em>postquam</em></span> 
     </span>
     <span class='ocr_line' id='line_1_14' title="bbox 85 1862 1270 1946; baseline 0.002 -22"><span class='ocrx_word' id='word_1_106' title='bbox 85 1871 199 1926; x_wconf 81' lang='lat' dir='ltr'><em>matare</em></span> <span class='ocrx_word' id='word_1_107' title='bbox 221 1883 282 1944; x_wconf 89' lang='lat' dir='ltr'><em>per</em></span> <span class='ocrx_word' id='word_1_108' title='bbox 304 1883 444 1926; x_wconf 88' lang='lat' dir='ltr'><em>errorem</em></span> <span class='ocrx_word' id='word_1_109' title='bbox 468 1865 596 1946; x_wconf 79' lang='lat' dir='ltr'><em>scripsit</em></span> <span class='ocrx_word' id='word_1_110' title='bbox 617 1883 730 1926; x_wconf 87' lang='lat' dir='ltr'><em>verum</em></span> <span class='ocrx_word' id='word_1_111' title='bbox 748 1862 899 1944; x_wconf 85' lang='lat' dir='ltr'><em>verbnm,</em></span> <span class='ocrx_word' id='word_1_112' title='bbox 926 1862 959 1924; x_wconf 90' lang='lat' dir='ltr'><em>id</em></span> <span class='ocrx_word' id='word_1_113' title='bbox 983 1873 1031 1926; x_wconf 89' lang='lat' dir='ltr'><em>est</em></span> <span class='ocrx_word' id='word_1_114' title='bbox 1053 1865 1179 1944; x_wconf 76' lang='lat' dir='ltr'><em>invare,</em></span> <span class='ocrx_word' id='word_1_115' title='bbox 1205 1873 1270 1926; x_wconf 91' lang='lat' dir='ltr'><em>sta-</em></span> 
     </span>
     <span class='ocr_line' id='line_1_15' title="bbox 86 1966 327 2031; baseline 0.012 -5"><span class='ocrx_word' id='word_1_116' title='bbox 86 1966 327 2031; x_wconf 74' lang='lat' dir='ltr'><em>timedieeisse.</em></span> 
     </span>
    </p>

    <p class='ocr_par' dir='ltr' id='par_1_4' title="bbox 81 2065 1271 2545">
     <span class='ocr_line' id='line_1_16' title="bbox 164 2065 1270 2152; baseline 0 -20"><span class='ocrx_word' id='word_1_117' title='bbox 164 2073 209 2134; x_wconf 80' lang='lat' dir='ltr'><em>lle</em></span> <span class='ocrx_word' id='word_1_118' title='bbox 241 2079 357 2151; x_wconf 87' lang='lat' dir='ltr'><em>nepote</em></span> <span class='ocrx_word' id='word_1_119' title='bbox 387 2070 502 2132; x_wconf 89' lang='lat' dir='ltr'><em>amisso</em></span> <span class='ocrx_word' id='word_1_120' title='bbox 530 2090 563 2150; x_wconf 92' lang='lat' dir='ltr'><em>p.</em></span> <span class='ocrx_word' id='word_1_121' title='bbox 591 2069 650 2130; x_wconf 79' lang='grc'><em>457</em></span> <span class='ocrx_word' id='word_1_122' title='bbox 678 2067 766 2152; x_wconf 78' lang='grc'><em>[252</em></span> <span class='ocrx_word' id='word_1_123' title='bbox 786 2065 851 2152; x_wconf 70' lang='lat' dir='ltr'><em>N.)</em></span> <span class='ocrx_word' id='word_1_124' title='bbox 878 2087 1008 2150; x_wconf 75' lang='lat' dir='ltr'><em>namque</em></span> <span class='ocrx_word' id='word_1_125' title='bbox 1034 2088 1118 2132; x_wconf 85' lang='lat' dir='ltr'><em>meus</em></span> <span class='ocrx_word' id='word_1_126' title='bbox 1148 2072 1270 2133; x_wconf 84' lang='lat' dir='ltr'><em>animus</em></span> 
     </span>
     <span class='ocr_line' id='line_1_17' title="bbox 84 2169 1268 2254; baseline 0.001 -20"><span class='ocrx_word' id='word_1_127' title='bbox 84 2183 183 2238; x_wconf 88' lang='lat' dir='ltr'><em>memet</em></span> <span class='ocrx_word' id='word_1_128' title='bbox 205 2173 307 2236; x_wconf 87' lang='lat' dir='ltr'><em>dolori</em></span> <span class='ocrx_word' id='word_1_129' title='bbox 326 2171 475 2250; x_wconf 79' lang='lat' dir='ltr'><em>obnioens,</em></span> <span class='ocrx_word' id='word_1_130' title='bbox 500 2175 654 2253; x_wconf 83' lang='lat' dir='ltr'><em>oppositas</em></span> <span class='ocrx_word' id='word_1_131' title='bbox 673 2174 764 2254; x_wconf 79' lang='lat' dir='ltr'><em>pansi</em></span> <span class='ocrx_word' id='word_1_132' title='bbox 776 2173 913 2235; x_wconf 86' lang='lat' dir='ltr'><em>solitario</em></span> <span class='ocrx_word' id='word_1_133' title='bbox 928 2176 1092 2234; x_wconf 82' lang='lat' dir='ltr'><em>certamine</em></span> <span class='ocrx_word' id='word_1_134' title='bbox 1105 2169 1187 2236; x_wconf 83' lang='lat' dir='ltr'><em>mnas</em></span> <span class='ocrx_word' id='word_1_135' title='bbox 1201 2176 1268 2253; x_wconf 85' lang='lat' dir='ltr'><em>nni,</em></span> 
     </span>
     <span class='ocr_line' id='line_1_18' title="bbox 81 2274 1271 2360; baseline 0 -22"><span class='ocrx_word' id='word_1_136' title='bbox 81 2295 139 2357; x_wconf 88' lang='lat' dir='ltr'><em>par</em></span> <span class='ocrx_word' id='word_1_137' title='bbox 164 2279 257 2360; x_wconf 87' lang='lat' dir='ltr'><em>pari,</em></span> <span class='ocrx_word' id='word_1_138' title='bbox 288 2274 456 2338; x_wconf 81' lang='lat' dir='ltr'><em>resistebat.</em></span> <span class='ocrx_word' id='word_1_139' title='bbox 505 2275 547 2336; x_wconf 90' lang='lat' dir='ltr'><em>ita</em></span> <span class='ocrx_word' id='word_1_140' title='bbox 570 2274 704 2337; x_wconf 84' lang='lat' dir='ltr'><em>schedas</em></span> <span class='ocrx_word' id='word_1_141' title='bbox 726 2295 799 2338; x_wconf 91' lang='lat' dir='ltr'><em>suas</em></span> <span class='ocrx_word' id='word_1_142' title='bbox 821 2276 891 2337; x_wconf 91' lang='lat' dir='ltr'><em>sine</em></span> <span class='ocrx_word' id='word_1_143' title='bbox 914 2276 1009 2336; x_wconf 88' lang='lat' dir='ltr'><em>litura</em></span> <span class='ocrx_word' id='word_1_144' title='bbox 1031 2274 1151 2338; x_wconf 85' lang='lat' dir='ltr'><em>habere</em></span> <span class='ocrx_word' id='word_1_145' title='bbox 1173 2277 1271 2339; x_wconf 84' lang='lat' dir='ltr'><em>llaius</em></span> 
     </span>
     <span class='ocr_line' id='line_1_19' title="bbox 83 2376 1271 2458; baseline 0 -18"><span class='ocrx_word' id='word_1_146' title='bbox 83 2379 173 2442; x_wconf 88' lang='lat' dir='ltr'><em>dicit:</em></span> <span class='ocrx_word' id='word_1_147' title='bbox 211 2379 287 2442; x_wconf 88' lang='lat' dir='ltr'><em>olim</em></span> <span class='ocrx_word' id='word_1_148' title='bbox 316 2377 429 2440; x_wconf 82' lang='lat' dir='ltr'><em>obnime</em></span> <span class='ocrx_word' id='word_1_149' title='bbox 458 2378 585 2458; x_wconf 81' lang='lat' dir='ltr'><em>scripsit</em></span> <span class='ocrx_word' id='word_1_150' title='bbox 614 2387 645 2440; x_wconf 91' lang='grc' dir='ltr'><strong>ει</strong></span> <span class='ocrx_word' id='word_1_151' title='bbox 673 2385 779 2440; x_wconf 85' lang='lat' dir='ltr'><em>memet</em></span> <span class='ocrx_word' id='word_1_152' title='bbox 809 2378 926 2440; x_wconf 88' lang='lat' dir='ltr'><em>omisit.</em></span> <span class='ocrx_word' id='word_1_153' title='bbox 984 2376 1188 2441; x_wconf 88' lang='lat' dir='ltr'><em>scribendum</em></span> <span class='ocrx_word' id='word_1_154' title='bbox 1224 2389 1271 2441; x_wconf 91' lang='grc' dir='ltr'><em>εει</em></span> 
     </span>
     <span class='ocr_line' id='line_1_20' title="bbox 82 2493 338 2545; baseline -0.004 -2"><span class='ocrx_word' id='word_1_155' title='bbox 82 2493 184 2545; x_wconf 84' lang='lat' dir='ltr'><em>autern</em></span> <span class='ocrx_word' id='word_1_156' title='bbox 208 2501 338 2544; x_wconf 77' lang='lat' dir='ltr'><em>norm.</em></span> 
     </span>
    </p>

    <p class='ocr_par' dir='ltr' id='par_1_5' title="bbox 76 2581 1272 4003">
     <span class='ocr_line' id='line_1_21' title="bbox 164 2581 1272 2666; baseline -0.002 -18"><span class='ocrx_word' id='word_1_157' title='bbox 164 2587 210 2648; x_wconf 80' lang='lat' dir='ltr'><em>lle</em></span> <span class='ocrx_word' id='word_1_158' title='bbox 234 2585 414 2664; x_wconf 81' lang='lat' dir='ltr'><em>eloquentia</em></span> <span class='ocrx_word' id='word_1_159' title='bbox 437 2604 470 2664; x_wconf 93' lang='lat' dir='ltr'><em>p.</em></span> <span class='ocrx_word' id='word_1_160' title='bbox 491 2583 550 2643; x_wconf 83' lang='grc'><em>465</em></span> <span class='ocrx_word' id='word_1_161' title='bbox 569 2581 589 2666; x_wconf 89' lang='lat'><em>[</em></span> <span class='ocrx_word' id='word_1_162' title='bbox 593 2586 654 2645; x_wconf 78' lang='lat' dir='ltr'><em>iti</em></span> <span class='ocrx_word' id='word_1_163' title='bbox 671 2585 709 2646; x_wconf 91' lang='lat' dir='ltr'><em>N.</em></span> <span class='ocrx_word' id='word_1_164' title='bbox 715 2581 734 2666; x_wconf 86' lang='lat'><em>]</em></span> <span class='ocrx_word' id='word_1_165' title='bbox 756 2581 962 2644; x_wconf 89' lang='lat' dir='ltr'><em>scribendum</em></span> <span class='ocrx_word' id='word_1_166' title='bbox 986 2601 1056 2646; x_wconf 87' lang='lat' dir='ltr'><em>esse</em></span> <span class='ocrx_word' id='word_1_167' title='bbox 1078 2583 1272 2646; x_wconf 88' lang='lat' dir='ltr'><em>arbitramur</em></span> 
     </span>
     <span class='ocr_line' id='line_1_22' title="bbox 83 2685 1270 2751; baseline 0.001 -2"><span class='ocrx_word' id='word_1_168' title='bbox 83 2689 270 2751; x_wconf 86' lang='lat' dir='ltr'><em>immortales</em></span> <span class='ocrx_word' id='word_1_169' title='bbox 296 2687 345 2749; x_wconf 88' lang='lat' dir='ltr'><em>dei</em></span> <span class='ocrx_word' id='word_1_170' title='bbox 365 2705 402 2749; x_wconf 85' lang='lat' dir='ltr'><em>nr</em></span> <span class='ocrx_word' id='word_1_171' title='bbox 424 2705 537 2749; x_wconf 79' lang='lat' dir='ltr'><em>snrrrnr</em></span> <span class='ocrx_word' id='word_1_172' title='bbox 559 2687 710 2748; x_wconf 82' lang='lat' dir='ltr'><em>comitium</em></span> <span class='ocrx_word' id='word_1_173' title='bbox 732 2693 761 2748; x_wconf 90' lang='lat' dir='ltr'><em>et</em></span> <span class='ocrx_word' id='word_1_174' title='bbox 782 2694 886 2748; x_wconf 88' lang='lat' dir='ltr'><em>rostra</em></span> <span class='ocrx_word' id='word_1_175' title='bbox 907 2693 936 2748; x_wconf 92' lang='lat' dir='ltr'><em>et</em></span> <span class='ocrx_word' id='word_1_176' title='bbox 956 2685 1126 2749; x_wconf 81' lang='lat' dir='ltr'><em>tribunalia</em></span> <span class='ocrx_word' id='word_1_177' title='bbox 1149 2688 1270 2750; x_wconf 85' lang='lat' dir='ltr'><em>Catonis</em></span> 
     </span>
     <span class='ocr_line' id='line_1_23' title="bbox 82 2788 1270 2870; baseline 0 -18"><span class='ocrx_word' id='word_1_178' title='bbox 82 2800 108 2854; x_wconf 89' lang='lat' dir='ltr'><em>et</em></span> <span class='ocrx_word' id='word_1_179' title='bbox 130 2791 263 2854; x_wconf 75' lang='lat' dir='ltr'><em>Gracchi</em></span> <span class='ocrx_word' id='word_1_180' title='bbox 291 2797 319 2852; x_wconf 90' lang='lat' dir='ltr'><em>et</em></span> <span class='ocrx_word' id='word_1_181' title='bbox 342 2791 496 2852; x_wconf 80' lang='lat' dir='ltr'><em>Ciceronis</em></span> <span class='ocrx_word' id='word_1_182' title='bbox 517 2789 704 2852; x_wconf 80' lang='lat' dir='ltr'><em>orationibus</em></span> <span class='ocrx_word' id='word_1_183' title='bbox 733 2788 885 2852; x_wconf 83' lang='lat' dir='ltr'><em>celebrato</em></span> <span class='ocrx_word' id='word_1_184' title='bbox 912 2789 966 2850; x_wconf 83' lang='lat' dir='ltr'><em>lroc</em></span> <span class='ocrx_word' id='word_1_185' title='bbox 989 2791 1179 2870; x_wconf 85' lang='lat' dir='ltr'><em>potissimum</em></span> <span class='ocrx_word' id='word_1_186' title='bbox 1201 2809 1270 2852; x_wconf 90' lang='lat' dir='ltr'><em>sae-</em></span> 
     </span>
     <span class='ocr_line' id='line_1_24' title="bbox 80 2891 1270 2974; baseline 0.001 -19"><span class='ocrx_word' id='word_1_187' title='bbox 80 2895 144 2957; x_wconf 85' lang='lat' dir='ltr'><em>culo</em></span> <span class='ocrx_word' id='word_1_188' title='bbox 167 2895 375 2970; x_wconf 81' lang='lat' dir='ltr'><em>conticiscere,</em></span> <span class='ocrx_word' id='word_1_189' title='bbox 408 2891 510 2954; x_wconf 84' lang='lat' dir='ltr'><em>orbem</em></span> <span class='ocrx_word' id='word_1_190' title='bbox 538 2900 657 2969; x_wconf 83' lang='lat' dir='ltr'><em>terrae,</em></span> <span class='ocrx_word' id='word_1_191' title='bbox 689 2911 776 2974; x_wconf 78' lang='lat' dir='ltr'><em>quem</em></span> <span class='ocrx_word' id='word_1_192' title='bbox 798 2892 930 2954; x_wconf 86' lang='lat' dir='ltr'><em>vocalem</em></span> <span class='ocrx_word' id='word_1_193' title='bbox 952 2894 1123 2973; x_wconf 84' lang='lat' dir='ltr'><em>acceperis,</em></span> <span class='ocrx_word' id='word_1_194' title='bbox 1155 2900 1270 2956; x_wconf 88' lang='lat' dir='ltr'><em>mntnm</em></span> 
     </span>
     <span class='ocr_line' id='line_1_25' title="bbox 81 2994 1269 3079; baseline -0.001 -21"><span class='ocrx_word' id='word_1_195' title='bbox 81 3017 100 3058; x_wconf 92' lang='lat' dir='ltr'><em>a</em></span> <span class='ocrx_word' id='word_1_196' title='bbox 128 3006 155 3059; x_wconf 93' lang='lat' dir='ltr'><em>te</em></span> <span class='ocrx_word' id='word_1_197' title='bbox 181 2999 263 3079; x_wconf 75' lang='lat' dir='ltr'><em>fieri.</em></span> <span class='ocrx_word' id='word_1_198' title='bbox 318 2996 416 3056; x_wconf 83' lang='lat' dir='ltr'><em>Maius</em></span> <span class='ocrx_word' id='word_1_199' title='bbox 444 2994 569 3074; x_wconf 84' lang='lat' dir='ltr'><em>putavit</em></span> <span class='ocrx_word' id='word_1_200' title='bbox 598 2995 656 3056; x_wconf 89' lang='lat' dir='ltr'><em>has</em></span> <span class='ocrx_word' id='word_1_201' title='bbox 686 3013 756 3056; x_wconf 88' lang='lat' dir='ltr'><em>esse</em></span> <span class='ocrx_word' id='word_1_202' title='bbox 785 2995 1049 3074; x_wconf 80' lang='lat' dir='ltr'><em>interrogationes</em></span> <span class='ocrx_word' id='word_1_203' title='bbox 1078 2995 1269 3076; x_wconf 86' lang='lat' dir='ltr'><em>scripsitque</em></span> 
     </span>
     <span class='ocr_line' id='line_1_26' title="bbox 81 3096 1270 3182; baseline -0.001 -21"><span class='ocrx_word' id='word_1_204' title='bbox 81 3101 272 3164; x_wconf 88' lang='lat' dir='ltr'><em>immortales</em></span> <span class='ocrx_word' id='word_1_205' title='bbox 294 3099 344 3160; x_wconf 89' lang='lat' dir='ltr'><em>dei</em></span> <span class='ocrx_word' id='word_1_206' title='bbox 364 3099 511 3160; x_wconf 90' lang='lat' dir='ltr'><em>siverint:</em></span> <span class='ocrx_word' id='word_1_207' title='bbox 536 3097 568 3158; x_wconf 92' lang='lat' dir='ltr'><em>in</em></span> <span class='ocrx_word' id='word_1_208' title='bbox 592 3097 700 3160; x_wconf 89' lang='lat' dir='ltr'><em>codice</em></span> <span class='ocrx_word' id='word_1_209' title='bbox 724 3097 801 3160; x_wconf 91' lang='lat' dir='ltr'><em>dicit</em></span> <span class='ocrx_word' id='word_1_210' title='bbox 822 3099 915 3160; x_wconf 81' lang='lat' dir='ltr'><em>sirint</em></span> <span class='ocrx_word' id='word_1_211' title='bbox 929 3116 999 3160; x_wconf 87' lang='lat' dir='ltr'><em>esse</em></span> <span class='ocrx_word' id='word_1_212' title='bbox 1014 3096 1162 3182; x_wconf 78' lang='lat' dir='ltr'><em>videri.*)</em></span> <span class='ocrx_word' id='word_1_213' title='bbox 1212 3097 1270 3160; x_wconf 90' lang='lat' dir='ltr'><em>scd</em></span> 
     </span>
     <span class='ocr_line' id='line_1_27' title="bbox 79 3202 1272 3282; baseline -0.003 -16"><span class='ocrx_word' id='word_1_214' title='bbox 79 3223 150 3266; x_wconf 89' lang='lat' dir='ltr'><em>cum</em></span> <span class='ocrx_word' id='word_1_215' title='bbox 176 3202 423 3282; x_wconf 77' lang='lat' dir='ltr'><em>interrogatione</em></span> <span class='ocrx_word' id='word_1_216' title='bbox 446 3202 576 3263; x_wconf 84' lang='lat' dir='ltr'><em>siverint</em></span> <span class='ocrx_word' id='word_1_217' title='bbox 596 3219 659 3262; x_wconf 93' lang='lat' dir='ltr'><em>non</em></span> <span class='ocrx_word' id='word_1_218' title='bbox 683 3211 769 3263; x_wconf 87' lang='lat' dir='ltr'><em>recte</em></span> <span class='ocrx_word' id='word_1_219' title='bbox 793 3202 955 3281; x_wconf 79' lang='lat' dir='ltr'><em>congruit:</em></span> <span class='ocrx_word' id='word_1_220' title='bbox 989 3211 1097 3263; x_wconf 90' lang='lat' dir='ltr'><em>contra</em></span> <span class='ocrx_word' id='word_1_221' title='bbox 1119 3220 1157 3262; x_wconf 90' lang='lat' dir='ltr'><em>ne</em></span> <span class='ocrx_word' id='word_1_222' title='bbox 1179 3203 1272 3264; x_wconf 86' lang='lat' dir='ltr'><em>sirint</em></span> 
     </span>
     <span class='ocr_line' id='line_1_28' title="bbox 80 3303 1270 3388; baseline 0 -22"><span class='ocrx_word' id='word_1_223' title='bbox 80 3308 110 3369; x_wconf 88' lang='lat' dir='ltr'><em>in</em></span> <span class='ocrx_word' id='word_1_224' title='bbox 134 3306 363 3388; x_wconf 86' lang='lat' dir='ltr'><em>deprecatione</em></span> <span class='ocrx_word' id='word_1_225' title='bbox 386 3305 539 3386; x_wconf 90' lang='lat' dir='ltr'><em>optimum</em></span> <span class='ocrx_word' id='word_1_226' title='bbox 564 3312 623 3366; x_wconf 82' lang='lat' dir='ltr'><em>cst.</em></span> <span class='ocrx_word' id='word_1_227' title='bbox 670 3304 798 3366; x_wconf 89' lang='lat' dir='ltr'><em>Plautus</em></span> <span class='ocrx_word' id='word_1_228' title='bbox 819 3305 932 3365; x_wconf 91' lang='lat' dir='ltr'><em>Bacch.</em></span> <span class='ocrx_word' id='word_1_229' title='bbox 957 3303 1032 3365; x_wconf 81' lang='lat'><em>1113</em></span> <span class='ocrx_word' id='word_1_230' title='bbox 1058 3305 1097 3365; x_wconf 83' lang='grc'><em>64</em></span> <span class='ocrx_word' id='word_1_231' title='bbox 1122 3305 1216 3366; x_wconf 86' lang='lat' dir='ltr'><em>llere.</em></span> <span class='ocrx_word' id='word_1_232' title='bbox 1234 3321 1270 3366; x_wconf 89' lang='lat' dir='ltr'><em>ru</em></span> 
     </span>
     <span class='ocr_line' id='line_1_29' title="bbox 78 3404 1271 3488; baseline -0.001 -18"><span class='ocrx_word' id='word_1_233' title='bbox 78 3412 139 3470; x_wconf 87' lang='grc'><em>48</em></span> <span class='ocrx_word' id='word_1_234' title='bbox 173 3428 211 3472; x_wconf 88' lang='lat' dir='ltr'><em>ne</em></span> <span class='ocrx_word' id='word_1_235' title='bbox 240 3409 275 3470; x_wconf 88' lang='lat' dir='ltr'><em>di</em></span> <span class='ocrx_word' id='word_1_236' title='bbox 300 3409 403 3470; x_wconf 78' lang='lat' dir='ltr'><em>sirint.</em></span> <span class='ocrx_word' id='word_1_237' title='bbox 451 3407 596 3468; x_wconf 89' lang='lat' dir='ltr'><em>Cornelia</em></span> <span class='ocrx_word' id='word_1_238' title='bbox 626 3408 659 3468; x_wconf 92' lang='lat' dir='ltr'><em>in</em></span> <span class='ocrx_word' id='word_1_239' title='bbox 682 3406 819 3488; x_wconf 86' lang='lat' dir='ltr'><em>epistula</em></span> <span class='ocrx_word' id='word_1_240' title='bbox 847 3404 1004 3488; x_wconf 71' lang='lat' dir='ltr'><em>(putamus</em></span> <span class='ocrx_word' id='word_1_241' title='bbox 1027 3407 1112 3468; x_wconf 90' lang='lat' dir='ltr'><em>enim</em></span> <span class='ocrx_word' id='word_1_242' title='bbox 1135 3405 1271 3470; x_wconf 90' lang='lat' dir='ltr'><em>adcura-</em></span> 
     </span>
     <span class='ocr_line' id='line_1_30' title="bbox 77 3507 1269 3594; baseline -0.003 -20"><span class='ocrx_word' id='word_1_243' title='bbox 77 3515 201 3576; x_wconf 86' lang='lat' dir='ltr'><em>tissima</em></span> <span class='ocrx_word' id='word_1_244' title='bbox 229 3509 416 3594; x_wconf 90' lang='lat' dir='ltr'><em>Nipperdeii</em></span> <span class='ocrx_word' id='word_1_245' title='bbox 448 3508 661 3591; x_wconf 88' lang='lat' dir='ltr'><em>disputatione</em></span> <span class='ocrx_word' id='word_1_246' title='bbox 694 3509 875 3591; x_wconf 79' lang='lat' dir='ltr'><em>profligatas</em></span> <span class='ocrx_word' id='word_1_247' title='bbox 907 3527 976 3571; x_wconf 88' lang='lat' dir='ltr'><em>esse</em></span> <span class='ocrx_word' id='word_1_248' title='bbox 1005 3509 1129 3590; x_wconf 83' lang='lat' dir='ltr'><em>ineptas</em></span> <span class='ocrx_word' id='word_1_249' title='bbox 1157 3507 1198 3572; x_wconf 87' lang='lat' dir='ltr'><em>de</em></span> <span class='ocrx_word' id='word_1_250' title='bbox 1233 3528 1269 3571; x_wconf 86' lang='lat' dir='ltr'><em>ea</em></span> 
     </span>
     <span class='ocr_line' id='line_1_31' title="bbox 76 3611 1270 3693; baseline -0.004 -14"><span class='ocrx_word' id='word_1_251' title='bbox 76 3615 304 3690; x_wconf 85' lang='lat' dir='ltr'><em>dubitationes)</em></span> <span class='ocrx_word' id='word_1_252' title='bbox 331 3632 370 3675; x_wconf 91' lang='lat' dir='ltr'><em>ne</em></span> <span class='ocrx_word' id='word_1_253' title='bbox 391 3613 443 3675; x_wconf 86' lang='lat' dir='ltr'><em>ille</em></span> <span class='ocrx_word' id='word_1_254' title='bbox 458 3614 528 3675; x_wconf 90' lang='lat' dir='ltr'><em>sirit</em></span> <span class='ocrx_word' id='word_1_255' title='bbox 549 3614 686 3693; x_wconf 85' lang='lat' dir='ltr'><em>luppiter</em></span> <span class='ocrx_word' id='word_1_256' title='bbox 700 3612 727 3675; x_wconf 90' lang='lat' dir='ltr'><em>te</em></span> <span class='ocrx_word' id='word_1_257' title='bbox 743 3630 779 3674; x_wconf 87' lang='lat' dir='ltr'><em>ea</em></span> <span class='ocrx_word' id='word_1_258' title='bbox 797 3629 1000 3693; x_wconf 89' lang='lat' dir='ltr'><em>perseverare</em></span> <span class='ocrx_word' id='word_1_259' title='bbox 1016 3629 1071 3674; x_wconf 88' lang='lat' dir='ltr'><em>nec</em></span> <span class='ocrx_word' id='word_1_260' title='bbox 1086 3611 1141 3674; x_wconf 87' lang='lat' dir='ltr'><em>tibi</em></span> <span class='ocrx_word' id='word_1_261' title='bbox 1154 3620 1270 3674; x_wconf 86' lang='lat' dir='ltr'><em>tantam</em></span> 
     </span>
     <span class='ocr_line' id='line_1_32' title="bbox 76 3714 1271 3781; baseline -0.004 0"><span class='ocrx_word' id='word_1_262' title='bbox 76 3714 260 3781; x_wconf 73' lang='lat' dir='ltr'><em>danenddm</em></span> <span class='ocrx_word' id='word_1_263' title='bbox 282 3719 387 3780; x_wconf 80' lang='lat' dir='ltr'><em>amice</em></span> <span class='ocrx_word' id='word_1_264' title='bbox 408 3717 441 3777; x_wconf 91' lang='lat' dir='ltr'><em>in</em></span> <span class='ocrx_word' id='word_1_265' title='bbox 463 3717 609 3776; x_wconf 83' lang='lat' dir='ltr'><em>animam.</em></span> <span class='ocrx_word' id='word_1_266' title='bbox 656 3715 764 3778; x_wconf 88' lang='lat' dir='ltr'><em>Livius</em></span> <span class='ocrx_word' id='word_1_267' title='bbox 785 3733 875 3776; x_wconf 75' lang='lat' dir='ltr'><em>rnna</em></span> <span class='ocrx_word' id='word_1_268' title='bbox 899 3715 939 3776; x_wconf 84' lang='grc'><em>28</em></span> <span class='ocrx_word' id='word_1_269' title='bbox 961 3732 1047 3774; x_wconf 74' lang='lat' dir='ltr'><em>xxxiv</em></span> <span class='ocrx_word' id='word_1_270' title='bbox 1070 3715 1109 3776; x_wconf 79' lang='grc'><em>24</em></span> <span class='ocrx_word' id='word_1_271' title='bbox 1133 3733 1171 3775; x_wconf 93' lang='lat' dir='ltr'><em>ne</em></span> <span class='ocrx_word' id='word_1_272' title='bbox 1193 3717 1271 3776; x_wconf 82' lang='lat' dir='ltr'><em>istuc</em></span> 
     </span>
     <span class='ocr_line' id='line_1_33' title="bbox 76 3815 1270 3905; baseline -0.004 -21"><span class='ocrx_word' id='word_1_273' title='bbox 76 3823 218 3905; x_wconf 80' lang='lat' dir='ltr'><em>luppiter</em></span> <span class='ocrx_word' id='word_1_274' title='bbox 232 3822 360 3902; x_wconf 80' lang='lat' dir='ltr'><em>optimas</em></span> <span class='ocrx_word' id='word_1_275' title='bbox 376 3820 533 3880; x_wconf 77' lang='lat' dir='ltr'><em>mamimus</em></span> <span class='ocrx_word' id='word_1_276' title='bbox 552 3819 633 3881; x_wconf 87' lang='lat' dir='ltr'><em>sirit.</em></span> <span class='ocrx_word' id='word_1_277' title='bbox 681 3817 800 3880; x_wconf 85' lang='lat' dir='ltr'><em>Catullo</em></span> <span class='ocrx_word' id='word_1_278' title='bbox 816 3834 883 3880; x_wconf 81' lang='lat' dir='ltr'><em>nrrr</em></span> <span class='ocrx_word' id='word_1_279' title='bbox 898 3817 933 3878; x_wconf 85' lang='grc'><em>94</em></span> <span class='ocrx_word' id='word_1_280' title='bbox 962 3818 1036 3878; x_wconf 90' lang='lat' dir='ltr'><em>siris</em></span> <span class='ocrx_word' id='word_1_281' title='bbox 1051 3815 1270 3879; x_wconf 89' lang='lat' dir='ltr'><em>Lachmannus</em></span> 
     </span>
     <span class='ocr_line' id='line_1_34' title="bbox 77 3917 1269 4003; baseline -0.005 -17"><span class='ocrx_word' id='word_1_282' title='bbox 77 3925 230 3989; x_wconf 90' lang='lat' dir='ltr'><em>restituit.</em></span> <span class='ocrx_word' id='word_1_283' title='bbox 277 3923 309 3984; x_wconf 92' lang='lat' dir='ltr'><em>in</em></span> <span class='ocrx_word' id='word_1_284' title='bbox 332 3922 459 3984; x_wconf 85' lang='lat' dir='ltr'><em>Pacuvii</em></span> <span class='ocrx_word' id='word_1_285' title='bbox 489 3920 638 3984; x_wconf 85' lang='lat' dir='ltr'><em>versibus</em></span> <span class='ocrx_word' id='word_1_286' title='bbox 665 3939 745 4002; x_wconf 88' lang='lat' dir='ltr'><em>quos</em></span> <span class='ocrx_word' id='word_1_287' title='bbox 775 3920 884 3983; x_wconf 87' lang='lat' dir='ltr'><em>Cicero</em></span> <span class='ocrx_word' id='word_1_288' title='bbox 906 3921 997 3983; x_wconf 88' lang='lat' dir='ltr'><em>Tusc.</em></span> <span class='ocrx_word' id='word_1_289' title='bbox 1023 3918 1107 4000; x_wconf 89' lang='lat' dir='ltr'><em>disp.</em></span> <span class='ocrx_word' id='word_1_290' title='bbox 1132 3939 1143 3981; x_wconf 88' lang='lat' dir='ltr'><em>r</em></span> <span class='ocrx_word' id='word_1_291' title='bbox 1166 3917 1183 4003; x_wconf 60' lang='grc' dir='ltr'>ᾗ</span> <span class='ocrx_word' id='word_1_292' title='bbox 1208 3921 1269 3980; x_wconf 87' lang='grc'><em>406</em></span> 
     </span>
    </p>
   </div>
   <div class='ocr_carea' id='block_1_3' title="bbox 75 4021 1271 4417">
    <p class='ocr_par' dir='ltr' id='par_1_6' title="bbox 75 4021 1271 4312">
     <span class='ocr_line' id='line_1_35' title="bbox 75 4021 1269 4106; baseline -0.007 -15"><span class='ocrx_word' id='word_1_293' title='bbox 75 4029 247 4091; x_wconf 85' lang='lat' dir='ltr'><em>cavillatur</em></span> <span class='ocrx_word' id='word_1_294' title='bbox 274 4025 338 4088; x_wconf 88' lang='lat' dir='ltr'><em>duo</em></span> <span class='ocrx_word' id='word_1_295' title='bbox 366 4025 572 4087; x_wconf 88' lang='lat' dir='ltr'><em>vetustissimi</em></span> <span class='ocrx_word' id='word_1_296' title='bbox 602 4023 677 4086; x_wconf 90' lang='lat' dir='ltr'><em>libri</em></span> <span class='ocrx_word' id='word_1_297' title='bbox 706 4025 796 4086; x_wconf 86' lang='lat' dir='ltr'><em>sireis</em></span> <span class='ocrx_word' id='word_1_298' title='bbox 825 4022 998 4106; x_wconf 84' lang='lat' dir='ltr'><em>praebent,</em></span> <span class='ocrx_word' id='word_1_299' title='bbox 1034 4021 1120 4103; x_wconf 88' lang='lat' dir='ltr'><em>quod</em></span> <span class='ocrx_word' id='word_1_300' title='bbox 1148 4023 1269 4085; x_wconf 87' lang='lat' dir='ltr'><em>servari</em></span> 
     </span>
     <span class='ocr_line' id='line_1_36' title="bbox 77 4125 1271 4213; baseline -0.006 -19"><span class='ocrx_word' id='word_1_301' title='bbox 77 4152 172 4213; x_wconf 88' lang='lat' dir='ltr'><em>passe</em></span> <span class='ocrx_word' id='word_1_302' title='bbox 195 4148 303 4210; x_wconf 84' lang='lat' dir='ltr'><em>neque</em></span> <span class='ocrx_word' id='word_1_303' title='bbox 332 4130 503 4209; x_wconf 88' lang='lat' dir='ltr'><em>quicquam</em></span> <span class='ocrx_word' id='word_1_304' title='bbox 526 4146 596 4190; x_wconf 88' lang='lat' dir='ltr'><em>esse</em></span> <span class='ocrx_word' id='word_1_305' title='bbox 618 4126 706 4189; x_wconf 86' lang='lat' dir='ltr'><em>aliud</em></span> <span class='ocrx_word' id='word_1_306' title='bbox 732 4145 827 4208; x_wconf 88' lang='lat' dir='ltr'><em>quam</em></span> <span class='ocrx_word' id='word_1_307' title='bbox 850 4125 934 4208; x_wconf 90' lang='lat' dir='ltr'><em>quod</em></span> <span class='ocrx_word' id='word_1_308' title='bbox 957 4126 1121 4188; x_wconf 88' lang='lat' dir='ltr'><em>Bentloius</em></span> <span class='ocrx_word' id='word_1_309' title='bbox 1142 4126 1271 4206; x_wconf 86' lang='lat' dir='ltr'><em>scripsit</em></span> 
     </span>
     <span class='ocr_line' id='line_1_37' title="bbox 75 4228 1063 4312; baseline -0.01 -13"><span class='ocrx_word' id='word_1_310' title='bbox 75 4238 153 4298; x_wconf 86' lang='lat' dir='ltr'><em>siris</em></span> <span class='ocrx_word' id='word_1_311' title='bbox 178 4235 310 4296; x_wconf 91' lang='lat' dir='ltr'><em>illinon</em></span> <span class='ocrx_word' id='word_1_312' title='bbox 334 4232 561 4294; x_wconf 82' lang='lat' dir='ltr'><em>intellexerunt</em></span> <span class='ocrx_word' id='word_1_313' title='bbox 583 4232 638 4312; x_wconf 89' lang='lat' dir='ltr'><em>qui</em></span> <span class='ocrx_word' id='word_1_314' title='bbox 661 4231 772 4292; x_wconf 88' lang='lat' dir='ltr'><em>siveris</em></span> <span class='ocrx_word' id='word_1_315' title='bbox 796 4228 870 4292; x_wconf 89' lang='lat' dir='ltr'><em>inde</em></span> <span class='ocrx_word' id='word_1_316' title='bbox 894 4229 1063 4308; x_wconf 63' lang='lat' dir='ltr'><em>iecerunt</em></span> 
     </span>
    </p>

    <p class='ocr_par' dir='ltr' id='par_1_7' title="bbox 165 4329 1270 4417">
     <span class='ocr_line' id='line_1_38' title="bbox 165 4329 1270 4417; baseline -0.007 -19"><span class='ocrx_word' id='word_1_317' title='bbox 165 4338 201 4400; x_wconf 91' lang='lat' dir='ltr'><em>ln</em></span> <span class='ocrx_word' id='word_1_318' title='bbox 218 4336 330 4400; x_wconf 86' lang='lat' dir='ltr'><em>eodem</em></span> <span class='ocrx_word' id='word_1_319' title='bbox 352 4334 436 4396; x_wconf 89' lang='lat' dir='ltr'><em>libro</em></span> <span class='ocrx_word' id='word_1_320' title='bbox 458 4355 490 4416; x_wconf 91' lang='lat' dir='ltr'><em>p.</em></span> <span class='ocrx_word' id='word_1_321' title='bbox 512 4332 571 4396; x_wconf 85' lang='grc'><em>467</em></span> <span class='ocrx_word' id='word_1_322' title='bbox 587 4330 608 4417; x_wconf 91' lang='lat'><em>[</em></span> <span class='ocrx_word' id='word_1_323' title='bbox 611 4335 669 4396; x_wconf 85' lang='grc'><em>454</em></span> <span class='ocrx_word' id='word_1_324' title='bbox 689 4334 727 4395; x_wconf 86' lang='grc' dir='ltr'><em>Ν.</em></span> <span class='ocrx_word' id='word_1_325' title='bbox 732 4329 752 4415; x_wconf 78' lang='lat' dir='ltr'><em>J</em></span> <span class='ocrx_word' id='word_1_326' title='bbox 774 4333 928 4414; x_wconf 87' lang='lat' dir='ltr'><em>scripturn</em></span> <span class='ocrx_word' id='word_1_327' title='bbox 952 4340 1000 4394; x_wconf 89' lang='lat' dir='ltr'><em>est</em></span> <span class='ocrx_word' id='word_1_328' title='bbox 1022 4339 1086 4393; x_wconf 81' lang='lat' dir='ltr'><em>tam</em></span> <span class='ocrx_word' id='word_1_329' title='bbox 1108 4329 1270 4412; x_wconf 80' lang='lat' dir='ltr'><em>siquando</em></span> 
     </span>
    </p>
   </div>
   <div class='ocr_carea' id='block_1_4' title="bbox 76 4473 289 4486">
    <p class='ocr_par' dir='ltr' id='par_1_8' title="bbox 76 4473 289 4486">
     <span class='ocr_line' id='line_1_39' title="bbox 76 4473 289 4486; baseline -0.009 0"><span class='ocrx_word' id='word_1_330' title='bbox 76 4473 289 4486; x_wconf 51' lang='lat' dir='ltr'><em>*t</em></span> 
     </span>
    </p>
   </div>
   <div class='ocr_carea' id='block_1_5' title="bbox 129 4555 1064 4711">
    <p class='ocr_par' dir='ltr' id='par_1_9' title="bbox 129 4555 1064 4711">
     <span class='ocr_line' id='line_1_40' title="bbox 148 4555 730 4623; baseline -0.002 -14"><span class='ocrx_word' id='word_1_331' title='bbox 148 4556 172 4622; x_wconf 69' lang='lat'><em>⁸)</em></span> <span class='ocrx_word' id='word_1_332' title='bbox 197 4557 377 4623; x_wconf 80' lang='lat' dir='ltr'><em>[immortales</em></span> <span class='ocrx_word' id='word_1_333' title='bbox 394 4557 490 4610; x_wconf 84' lang='lat' dir='ltr'><em>selrlnt</em></span> <span class='ocrx_word' id='word_1_334' title='bbox 507 4557 567 4622; x_wconf 72' lang='lat' dir='ltr'><em>lecit</em></span> <span class='ocrx_word' id='word_1_335' title='bbox 585 4557 629 4608; x_wconf 81' lang='lat' dir='ltr'><em>Da</em></span> <span class='ocrx_word' id='word_1_336' title='bbox 649 4555 730 4620; x_wconf 68' lang='lat' dir='ltr'><em>illm]</em></span> 
     </span>
     <span class='ocr_line' id='line_1_41' title="bbox 129 4655 1064 4711; baseline -0.009 -11"><span class='ocrx_word' id='word_1_337' title='bbox 129 4657 251 4711; x_wconf 64' lang='lat' dir='ltr'><em>innuptii</em></span> <span class='ocrx_word' id='word_1_338' title='bbox 263 4655 376 4710; x_wconf 73' lang='lat' dir='ltr'><em>opuscula</em></span> <span class='ocrx_word' id='word_1_339' title='bbox 390 4655 419 4698; x_wconf 93' lang='lat'><em>11.</em></span> <span class='ocrx_word' id='word_1_340' title='bbox 1031 4657 1064 4710; x_wconf 74' lang='lat'><em>23</em></span> 
     </span>
    </p>
   </div>
   <div class='ocr_carea' id='block_1_6' title="bbox 0 0 1606 5104">
    <p class='ocr_par' dir='ltr' id='par_1_10' title="bbox 0 0 1606 5104">
     <span class='ocr_line' id='line_1_42' title="bbox 0 0 1606 5104; baseline 0 2"><span class='ocrx_word' id='word_1_341' title='bbox 0 0 1606 5104; x_wconf 95' lang='lat' dir='ltr'><em> </em></span> 
     </span>
    </p>
   </div>
  </div>
 </body>
</html>
