3240 5094
393 395 484 455 lrnrx
506 411 673 455 nscrrorma
696 413 880 457 nranamnvu
900 395 992 457 1872.
1215 377 1289 453 463

96 583 195 646 nostri
212 583 330 646 saeculi
347 582 544 662 bominibus,
570 584 626 663 qui
649 584 682 644 in
697 584 851 646 scaenicis
865 583 981 646 iabulis
1002 585 1147 646 veritatis
1169 585 1292 646 scilicet

97 688 239 767 speciem
261 684 382 766 ubique
406 686 593 766 requirunt,
625 685 682 748 sed
704 685 816 748 Atticis
846 687 1079 766 spectatoribus
1104 697 1216 769 poetae
1239 689 1291 748 in-

95 797 190 851 venta
207 787 332 851 liberali
348 792 453 851 animo
467 787 711 869 accipientibus.
747 790 904 851 removeri
919 799 1025 852 autem
1040 799 1144 871 potest
1159 791 1290 853 offensio

94 910 190 973 quam
213 885 276 976 ἐγὼ
292 891 325 954 δέ
348 891 427 954 illud
443 891 539 954 babet
554 893 640 956 nullo
662 891 757 974 plane
780 893 916 972 negotio.
955 910 1061 973 neque
1084 893 1170 954 enim
1193 891 1290 957 dubi-

94 1004 198 1057 tamus
221 996 265 1057 ita
287 995 453 1075 scripsisse
475 994 732 1076 Aristophanem,

323 1092 434 1169 ταθτας
456 1096 586 1182 δέχομαι
607 1093 660 1160 καὶ
682 1095 847 1182 σπένδομαι
868 1092 1045 1183 κάκπίομαι,

323 1199 442 1287 χαίρειν
464 1195 596 1264 κελεύων
618 1195 718 1264 πολλὰ
737 1195 806 1274 τοὺς
825 1195 998 1287 Ἀχαρνέας.

324 1297 539 1366 ΑΜΦΙΘΕΟΣ

324 1401 386 1489 ἐγὼ
410 1403 443 1468 δὲ
465 1399 612 1492 φεύξοραί
632 1429 668 1491 γα
688 1402 756 1480 τοὺς
775 1401 949 1493 Ἀχαρνέας.

324 1503 585 1573 ΔΙΚΑΙΟΠΟΛΙΣ

324 1607 386 1696 ἐγῶ
409 1608 443 1674 δὲ
464 1611 598 1696 πολέμου
619 1609 671 1676 καὶ
692 1615 794 1676 κακῶν
818 1607 1002 1696 ἀπαλλαγεὶς

325 1706 385 1786 ἔξω
406 1710 444 1780 τὰ
466 1710 531 1779 κατ’
559 1711 667 1802 ἀγροὺς
689 1711 791 1780 εἰσιὼν
814 1709 968 1780 Διονύσια.

94 1820 301 1882 aberraverat
322 1818 438 1899 aliquis
460 1818 611 1882 librarius
633 1817 673 1881 ab
695 1819 879 1901 Amphithei
901 1820 1059 1882 versiculo
1080 1819 1121 1882 ad
1144 1821 1289 1883 versicu-

94 1924 159 1986 lum
174 1921 407 2002 Dicaeopolidis
430 1923 520 1984 cuius
543 1921 630 1984 idem
652 1933 700 1984 est
723 1924 866 2002 initium,
892 1933 959 1985 tum
981 1940 1095 1986 versus
1119 1941 1156 1985 eo
1178 1941 1287 1986 errore

95 2029 231 2090 omissus
246 2027 279 2087 in
295 2025 438 2105 margine
454 2024 650 2106 adscriptus,
675 2026 817 2106 denique
840 2027 906 2088 loco
928 2045 992 2088 non
1008 2044 1065 2088 suo
1086 2028 1207 2106 positus
1225 2034 1285 2087 est.

96 2131 174 2192 nibil
197 2139 248 2192 est
271 2137 375 2191 autem
399 2146 506 2208 neque
529 2128 563 2190 in
582 2130 740 2192 communi
756 2129 821 2191 vita
844 2147 951 2210 neque
974 2131 1007 2190 in
1030 2127 1200 2192 comoediis
1222 2127 1289 2190 ire-

3 2307 5 2320 ,
95 2235 249 2313 quentius
277 2249 372 2312 quam
401 2231 627 2310 conloquentes
656 2232 740 2293 inter
766 2251 801 2295 se
824 2233 969 2294 homines
992 2232 1115 2294 eisdem
1137 2232 1288 2294 orationis

96 2337 195 2398 initiis
226 2336 286 2398 uti.
332 2344 397 2395 tam
426 2333 519 2414 plana
553 2352 605 2396 res
632 2345 680 2396 est
709 2345 745 2397 ut
773 2344 940 2416 postquam
970 2354 1040 2398 eam
1071 2336 1287 2398 intelleximus

4 2445 6 2447 ’
95 2440 288 2502 miraremur
316 2455 378 2498 non
402 2435 525 2499 dudum
547 2437 740 2500 intellectam
763 2457 832 2500 esse
854 2437 895 2499 ab
917 2438 999 2502 aliis.
1046 2438 1105 2500 sed
1130 2439 1288 2500 intellexit

3 2545 5 2624 J
95 2541 258 2605 Dobraeus
283 2539 364 2602 Adv.
396 2549 419 2601 t.
445 2557 467 2601 u
495 2558 528 2619 p.
556 2539 628 2620 ⁴87,
661 2558 853 2621 quamquam
883 2542 978 2605 simul
1005 2540 1046 2603 ad
1075 2540 1288 2622 inprobabilia

4 2647 5 2654 ’
95 2641 245 2726 delapsus
260 2651 319 2706 est.
360 2643 466 2723 itaque
488 2642 581 2704 aliam
604 2643 803 2705 mirationem
825 2654 930 2705 movet
946 2644 1109 2706 hominum
1125 2644 1287 2706 doctorum

2 2745 5 2760 ²
95 2746 298 2829 neglegentia
320 2763 382 2826 qua
405 2764 447 2807 ne
464 2764 501 2808 ea
515 2744 646 2826 quidem
662 2764 744 2826 quae
758 2745 922 2809 Dobraeus
937 2747 1080 2828 scripsit,
1104 2748 1288 2828 praeclarus

3 2835 11 2852 '⁴
96 2851 199 2912 viret
223 2849 302 2912 recti
325 2849 473 2931 inprimis
497 2849 624 2928 iudicii,
649 2847 745 2930 digna
763 2848 944 2912 habuerunt
967 2869 1049 2930 quae
1068 2858 1214 2912 accurate
1230 2868 1288 2910 ex-

96 2953 288 3032 penderent.

3 3041 5 3056 ²
180 3057 418 3136 Persequemur
440 3057 501 3118 iam
518 3057 667 3118 rusticam
682 3054 935 3118 Acharnensiurn
958 3074 1106 3117 scaenam
1128 3073 1289 3117 summae-

3 3169 10 3176 ·’
97 3175 157 3238 que
184 3158 394 3241 disputationi
424 3177 487 3220 non
517 3159 604 3222 nulla
632 3157 879 3221 admiscebimus
907 3177 990 3239 quae
1019 3158 1140 3221 utiliter
1168 3155 1288 3220 addere

5 3247 9 3256 ¹
96 3261 185 3324 nobis
207 3261 370 3324 videmur.

180 3363 289 3427 Prodit
312 3382 330 3424 e
353 3363 444 3426 domo
467 3383 523 3426 sua
545 3365 757 3446 Diraeopolis,
784 3383 879 3446 quam
902 3367 1052 3427 rusticam
1076 3383 1146 3426 esse
1169 3363 1247 3426 iussi
1270 3381 1288 3424 a

5 3459 9 3468 ’
96 3477 185 3544 poeta
209 3474 404 3548 spectatores
427 3465 580 3546 credunt,
612 3469 774 3532 silentium
797 3469 949 3549 imperat,
976 3467 1072 3528 filiam
1094 3485 1177 3547 quae
1200 3467 1290 3528 cani-

6 3555 14 3592 5
97 3579 195 3632 strum
227 3569 289 3632 lert
318 3569 485 3651 progredi,
519 3571 688 3634 Xanthiam
718 3570 859 3651 phallum
882 3574 997 3634 sistere
1021 3570 1120 3633 iubet.
1166 3587 1199 3630 ν.
1225 3569 1287 3630 ili

10 3685 13 3694 ’
98 3669 169 3734 libri
193 3672 315 3736 habent
336 3665 438 3758 cpdib'
465 3665 506 3743 ὡς
527 3668 562 3736 τὸ
583 3668 733 3758 πρόσθεν,
758 3673 843 3754 quod
859 3675 1037 3737 bleinekius
1057 3676 1189 3754 recepit.
1229 3671 1289 3736 de-

3 3787 4 3790 ’
97 3769 190 3838 bebat
213 3778 332 3857 potius,
358 3785 393 3838 ut
407 3775 590 3839 Dindorlius
604 3777 694 3856 fecit,
719 3775 916 3858 conprobare
939 3771 1080 3861 cpoiro'e
1101 3771 1136 3838 τὸ
1156 3770 1287 3861 πρόσθεν

4 3879 10 3912 ³
99 3879 180 3954 quod
203 3877 386 3942 Fridericus
407 3877 570 3960 Augustus
592 3879 723 3942 Woliius
752 3877 959 3943 scribendum
982 3897 1052 3942 esse
1074 3878 1167 3941 vidit.
1214 3897 1287 3942 nam

3 3981 6 3990 '
99 3976 173 4042 haec
195 3981 326 4044 minima
350 3993 398 4044 est
420 3985 550 4044 mutatio
572 3984 811 4064 orationemque
834 3981 931 4046 eflicit
947 3983 1142 4063 aptissimam
1164 3989 1287 4043 etcum

99 4085 250 4159 proximis
279 4095 524 4164 congruentem,
557 4087 635 4148 elisa
657 4087 690 4147 in
713 4085 744 4158 ἐς
767 4087 883 4148 vocalis
910 4087 1041 4147 minime
1064 4083 1213 4162 offendit,
1245 4081 1286 4145 de

3 4191 5 4226 ³>
100 4200 159 4263 qua
186 4187 318 4251 elisione
341 4188 488 4269 Engerus
517 4187 598 4272 dixit
620 4190 653 4250 in
677 4191 867 4270 Lysistratae
889 4207 920 4250 ν.
947 4190 977 4268 2,
1010 4189 1157 4250 elisiones
1179 4197 1286 4249 autem

4 4325 7 4331 -
101 4295 130 4347 et
149 4309 255 4352 crases
277 4309 340 4352 non
364 4291 541 4354 intellectas
563 4311 659 4374 saepe
681 4290 843 4354 scribendi
863 4292 939 4354 vitia
962 4293 1127 4373 peperisse
1143 4279 1286 4353 constat'

182 4396 265 4456 llaec
286 4395 391 4456 omnia
414 4395 457 4456 ita
479 4394 630 4458 dicuutur
652 4405 687 4458 ut
710 4413 858 4476 pompam
882 4395 1004 4457 institui
1027 4405 1187 4476 putemus.
1234 4413 1311 4464 ενα-κ

4 4531 8 4542 a
101 4495 206 4570 quitur
226 4495 329 4560 aliud:
357 4496 435 4558 dicit
457 4498 542 4560 enim
564 4498 761 4579 Dicaeopolis
