3240 5094
179 1359 356 1458 tubuli
386 1357 707 1458 nutriuntur
738 1356 1108 1456 HlBllRNARVll
1147 1366 1274 1460 1873.

123 1617 277 1728 carmen
294 1663 449 1724 Graecum
473 1661 513 1724 de
537 1660 661 1723 viribus
684 1661 857 1724 herbarum
880 1662 964 1743 quod
988 1662 1107 1724 dicitur
1134 1659 1191 1742 (est
1213 1671 1319 1725 autern

123 1765 342 1830 tantummodo
362 1785 436 1846 pars
452 1766 619 1844 carminis,
646 1766 771 1827 amissis
793 1775 825 1828 et
847 1767 938 1826 initio
961 1775 992 1826 at
1010 1765 1080 1847 line)
1108 1767 1232 1847 primus
1247 1765 1321 1827 vul-

123 1873 211 1952 gavit
244 1888 327 1932 anno
357 1887 472 1929 xnxvrrr
502 1869 686 1930 Franciscus
715 1867 875 1930 Asulanus
908 1868 1050 1931 additum
1083 1867 1320 1950 exemplaribus
1361 1933 1362 1938 ,

122 1973 251 2036 Aldiuis
278 1971 481 2035 Dioscoridis.
536 1973 665 2052 repetiit
696 1971 771 2034 inde
805 1972 939 2034 loannes
971 1970 1122 2035 Albertus
1155 1970 1320 2036 Fabricius

121 2075 337 2140 Bibliothecae
362 2074 499 2138 Graecae
523 2073 660 2135 librom
690 2076 792 2157 capite
814 2095 898 2155 xxvr,
931 2075 1063 2138 adiectis
1086 2077 1211 2138 loannis
1233 2075 1320 2137 lien-

122 2179 206 2243 torfii
231 2177 480 2259 llamburgcnsis
503 2178 765 2259 interpretatione
789 2180 896 2242 Latina
928 2190 960 2242 et
981 2179 1221 2258 commentario,
1255 2198 1318 2241 non

121 2285 218 2367 plane
243 2281 368 2345 indocto
392 2279 523 2362 quidem
555 2282 623 2362 illo,
656 2281 714 2344 scd
744 2281 958 2345 emendationi
988 2283 1219 2364 corruptissimi
1248 2301 1318 2344 car-

121 2387 219 2449 minis
241 2405 356 2468 parum
378 2384 549 2447 fructuoso.
596 2385 669 2468 plus
691 2387 850 2465 praestitit
866 2387 964 2449 lulius
980 2387 1138 2467 Silligius,
1164 2385 1220 2467 qui
1235 2382 1318 2448 atino

120 2508 302 2552 nocemur
324 2489 384 2550 hoo
405 2507 533 2550 carmen
556 2490 658 2551 Macro
681 2488 805 2551 Florido
822 2489 999 2552 Choulantii
1023 2488 1180 2552 adiunxit.
1227 2507 1318 2552 acoe-

120 2601 215 2675 perat
244 2593 329 2654 enim
361 2611 442 2673 quae
466 2591 596 2655 Carolus
618 2593 801 2673 Weigelius
817 2591 961 2657 medicus
984 2613 1001 2656 e
1025 2592 1132 2657 codice
1154 2590 1318 2655 Vindobo-

119 2697 214 2759 nensi
237 2692 430 2757 Dioscuridis
459 2696 674 2776 excripserat,
708 2697 740 2759 iu
770 2715 832 2778 quo
862 2696 944 2758 libro
973 2695 1169 2759 nobilissimo
1199 2695 1317 2758 iudea

119 2802 237 2881 pagina
261 2799 346 2860 388⁸
368 2817 496 2862 carmen
528 2799 677 2862 versibus
706 2801 818 2880 viginti
849 2802 994 2882 quinque
1018 2798 1136 2882 quibus
1157 2799 1316 2862 Asulanus

118 2905 223 2966 caruit
253 2902 409 2982 integrius
438 2901 566 2983 legitur.
621 2913 789 2984 praeterea
816 2921 909 2985 opem
940 2901 1111 2967 Godolredi
1142 2904 1315 2965 Hermanni

118 3008 277 3090 petierat,
309 3025 327 3067 a
355 3023 418 3086 quo
447 3009 571 3087 accepit
600 3025 682 3087 quae
710 3006 860 3069 celeriter
888 3008 1022 3087 repetita
1051 3007 1202 3068 carminis
1223 3005 1316 3068 lectio

119 3109 395 3193 suppeditaverat.
449 3127 486 3171 ae
515 3109 612 3172 multa
640 3129 715 3172 sane
739 3111 939 3173 Hermannus
968 3110 1134 3172 verissime
1165 3109 1312 3188 correxit,

118 3214 181 3276 alia
205 3211 347 3274 dubitari
370 3213 483 3292 nequit
505 3211 703 3293 probabilius
719 3232 792 3276 eum
809 3213 1054 3278 emendaturum
1070 3213 1169 3276 luisse
1191 3213 1218 3275 si
1242 3211 1316 3274 diu-

116 3318 184 3379 tius
218 3317 251 3377 in
284 3333 381 3396 opera
410 3325 465 3378 aut
493 3315 646 3378 voluisset
675 3325 730 3379 aut
758 3317 914 3397 potuisset
944 3317 1131 3379 conmorari.
1185 3313 1316 3379 videtur

116 3429 226 3482 autern
248 3437 396 3500 sperasse
419 3417 486 3480 iore
510 3429 546 3481 ut
568 3419 710 3500 Silligius
733 3438 814 3501 quae
837 3418 878 3483 ad
902 3438 974 3481 eum
997 3419 1214 3502 perscriberet
1237 3438 1316 3500 pru-

117 3523 235 3586 denter
257 3519 465 3585 diiudioaret:
493 3522 546 3584 ille
563 3541 639 3585 vero
661 3523 732 3585 sine
755 3521 928 3604 prudentia
951 3533 1046 3604 atque
1070 3523 1187 3586 iudicio
1210 3524 1314 3585 omnia

118 3626 242 3706 recepit
264 3644 302 3687 ao
324 3627 577 3704 repraesentavit
598 3627 689 3707 quasi
713 3628 835 3708 pariter
849 3637 956 3690 essent
972 3636 1076 3706 certa,
1103 3625 1315 3708 inprobabilia

117 3731 215 3791 etiarn
239 3738 270 3790 et
292 3727 450 3808 quaedam
469 3727 560 3805 lalsa;
588 3729 656 3810 ipse
679 3748 743 3792 nou
766 3729 852 3792 nulla
876 3728 1077 3810 emendavit,
1103 3729 1224 3792 leviora
1247 3730 1314 3792 lere

117 3843 151 3895 et
174 3849 256 3912 quae
271 3831 327 3892 vix
342 3850 534 3913 quemquam
559 3830 669 3895 lallare
691 3843 839 3915 possent,
864 3833 950 3896 haud
971 3852 1072 3914 pauca
1095 3852 1136 3895 ne
1159 3833 1316 3896 intellexit

116 3934 251 4017 quidem
281 3953 352 3996 esse
382 3933 552 4014 mutanda,
582 3954 645 3997 non
675 3955 850 4017 numquam
880 3937 1023 4017 ineptiit,
1058 3955 1139 4018 quae
1171 3939 1203 3998 in
1233 3935 1315 3998 libro

116 4035 357 4100 vindobonensi
390 4040 508 4121 scripta
542 4047 616 4100 sunt
650 4058 713 4100 non
747 4041 823 4102 satis
856 4039 1007 4102 adcurate
1043 4040 1210 4120 indicavit,
1247 4041 1315 4103 sive

118 4141 221 4223 ipsius
244 4160 281 4204 ea
305 4139 364 4204 luit
386 4141 588 4223 neglegentia
611 4142 680 4204 sive
696 4153 771 4205 ants
787 4163 860 4205 oum
875 4143 1035 4224 Weigslii.
1075 4163 1204 4206 carmen
1220 4144 1314 4225 quale

117 4245 261 4326 Silligius
295 4245 502 4308 conformavit
535 4255 605 4327 post
637 4264 736 4308 annos
770 4245 988 4326 septendecim
1017 4247 1051 4309 in
1079 4247 1183 4310 Didoti
1213 4248 1315 4309 Poetis

117 4347 271 4410 bucolicis
294 4357 327 4409 et
349 4347 515 4411 didacticis
538 4367 660 4411 summa
683 4348 824 4411 socordia
841 4349 1011 4431 repetitum
1027 4360 1091 4428 est,
1116 4351 1161 4412 ita
1184 4348 1314 4430 quidem

117 4459 153 4513 ut
175 4449 356 4514 emendatio
378 4452 473 4532 plane
497 4451 576 4514 nihil
593 4461 722 4532 caperet
738 4452 962 4515 emolumenti:
990 4471 1063 4515 nam
1086 4452 1171 4534 quod
1195 4454 1227 4514 in
1251 4471 1314 4515 uno

117 4554 275 4622 versiculo
298 4555 452 4643 seriptum
468 4555 618 4644 estquod
634 4555 840 4625 scribendum
865 4575 934 4624 esse
950 4554 1127 4622 Loboclrius
1149 4555 1312 4638 docuerat,
