3184 5108
332 347 408 420 274
627 361 716 422 inuex
738 379 903 424 tnertom
923 379 1109 423 strennum
1127 363 1220 425 lbbi.

330 551 482 613 orationis
505 549 604 612 forma
627 559 676 612 est
698 551 731 612 in
755 549 836 612 libro
859 548 900 612 de
923 549 1088 613 beneficiis
1110 568 1139 612 vr
1162 550 1198 612 ii
1224 553 1256 630 Ξ,
1282 563 1392 634 quanto
1413 559 1503 622 melia

332 671 369 716 ac
391 655 500 717 iustius
522 656 555 715 io
573 660 716 736 promptu
737 651 848 714 babere
869 654 979 715 merita
1000 655 1168 716 mm’comm
1189 662 1218 717 et
1238 656 1361 737 offerre,
1390 677 1446 721 nan
1465 663 1504 722 in-

328 775 437 840 perere
457 775 511 819 nec
533 755 709 818 obaeratum
731 773 763 818 se
784 755 933 818 iudicare.

417 861 486 921 iiox
502 877 570 940 cup.
584 861 622 920 to
638 861 656 920 3
681 857 723 921 de
739 868 863 938 nutura,
889 877 971 940 quac
986 879 1063 941 epos
1078 861 1243 942 exemplar
1257 861 1384 925 dederit
1398 869 1503 945 mugnis

331 962 473 1043 regibus,
499 963 576 1025 haec
590 963 685 1043 vulgo
705 962 866 1046 leguntur,
891 969 934 1024 est
948 964 1029 1024 enirn
1043 963 1091 1025 illi
1100 981 1164 1026 utos
1178 982 1326 1027 everam
1346 983 1378 1029 se
1396 969 1426 1028 in
1436 987 1502 1050 par·

329 1069 378 1128 cis
399 1075 429 1129 et
449 1067 613 1149 tepentium
635 1084 742 1128 rerum
763 1065 941 1128 documenta
969 1066 1095 1128 minimo
1118 1084 1220 1148 opera.
1266 1076 1416 1149 temptate
1441 1083 1502 1134 suot

330 1169 428 1231 veris.
477 1171 607 1232 Hessius
634 1187 705 1230 cum
730 1188 748 1231 e
771 1167 853 1229 libro
875 1169 1047 1230 Nazarisno
1075 1169 1232 1250 prolatum
1255 1179 1341 1233 esset
1367 1171 1501 1236 docnnen

329 1279 391 1334 tom
413 1273 539 1334 minima
561 1289 681 1356 erpere,
711 1270 918 1334 scribendum
947 1287 1017 1333 esse
1046 1271 1170 1352 putavit
1199 1275 1231 1335 in
1253 1275 1379 1336 minima
1400 1295 1498 1360 copae.

329 1376 426 1438 multo
450 1375 544 1436 etium
567 1377 688 1436 minore
712 1375 885 1437 mutatione
907 1372 1078 1436 scribimus
1100 1377 1133 1435 in
1154 1376 1282 1439 minino
1303 1395 1423 1439 seusu.

414 1480 449 1540 ln
472 1478 554 1541 libro
576 1477 617 1540 ds
639 1479 809 1540 clementia
831 1495 853 1539 11
877 1476 895 1536 5
919 1478 937 1537 i
970 1477 1044 1538 olim
1072 1476 1275 1542 scribebatur
1303 1482 1435 1565 nihilque
1458 1502 1502 1545 oe-

327 1597 384 1664 que
420 1581 567 1643 bominem
599 1599 691 1662 quam
724 1597 853 1663 mopsus
888 1579 1010 1642 animus
1043 1580 1148 1642 decet:
1195 1599 1257 1645 non
1290 1593 1387 1666 potest
1416 1595 1502 1648 subn

327 1703 457 1766 mapnus
480 1699 544 1746 esse
574 1684 662 1758 idem,
694 1685 724 1745 si
743 1691 839 1746 metus
868 1689 897 1744 et
917 1699 1040 1754 maeror
1068 1683 1235 1765 confundit,
1266 1688 1297 1748 si
1316 1695 1440 1752 mentem
1459 1689 1501 1751 ob-

327 1787 411 1850 ducit
444 1793 471 1848 et
499 1786 658 1848 contrabit.
710 1785 769 1848 sed
800 1786 992 1848 Naruriunus
1025 1785 1109 1847 liber
1141 1787 1278 1866 praebet
1312 1809 1418 1875 mamm
1449 1811 1502 1855 esst

327 1890 406 1952 idern
429 1909 465 1952 ac
486 1897 582 1951 ments
604 1907 726 1951 maeror
741 1888 896 1950 contundit
916 1897 1028 1951 mentes
1050 1888 1139 1952 obicit
1158 1893 1299 1955 contrait.
1347 1895 1420 1958 hinc
1435 1895 1501 1956 Gro-
1575 1965 1576 1970 .

326 1993 441 2055 novius
463 1989 668 2054 scribendum
690 1992 815 2072 putavit
836 1993 865 2052 si
885 1999 981 2054 melus
1007 1999 1035 2054 et
1055 2009 1179 2054 mauor
1200 1997 1357 2060 contundit
1378 2007 1498 2074 muttern

326 2095 419 2158 abicit
453 2103 480 2157 et
516 2095 675 2158 connubii.
735 2091 940 2156 scribendum
974 2094 1079 2175 potius
1110 2105 1158 2157 est
1191 2115 1252 2159 non
1285 2108 1385 2180 potest
1415 2110 1500 2164 auten

325 2217 455 2282 mapnus
483 2216 548 2261 esse
576 2197 655 2259 idem
683 2216 719 2260 oc
741 2215 877 2259 nsrsrrs.
924 2215 1047 2259 moeror
1075 2198 1230 2261 mutundd
1257 2211 1382 2278 mentm,
1411 2203 1497 2278 abicit

325 2302 486 2364 contrabit.
538 2319 611 2362 nam
641 2308 754 2377 motus,
787 2298 871 2380 quod
894 2301 1025 2363 Hessius
1047 2303 1185 2382 scripsit,
1216 2313 1281 2365 tum
1312 2307 1499 2386 respuituru

325 2405 483 2468 sententia
506 2421 601 2484 quem
624 2409 756 2465 maestus
780 2403 956 2483 requiritur
978 2407 1168 2466 necessario.

411 2510 456 2569 De
479 2506 643 2570 beneficiis
665 2525 687 2567 n
713 2507 750 2567 tt
775 2507 794 2566 2
824 2507 879 2566 vix
908 2507 1007 2569 oculis
1036 2506 1196 2570 credimus
1224 2528 1296 2570 cum
1327 2511 1405 2572 hacc
1431 2511 1499 2588 legi-

324 2631 406 2688 mus,
437 2618 471 2672 ut
490 2610 638 2692 sripidom
660 2611 762 2692 capris
784 2626 929 2692 neqomus
951 2617 979 2670 el
1001 2609 1170 2690 lucentibus
1199 2611 1319 2674 nasibi
1340 2615 1426 2675 iratt's
1442 2613 1499 2694 ser-

323 2733 394 2776 rurn
421 2721 476 2775 aul
504 2711 676 2774 amantibus
705 2709 850 2793 quidquid
878 2719 985 2773 canuc
1010 2730 1043 2773 se
1071 2729 1188 2775 usurus
1222 2714 1320 2776 ordor
1344 2719 1432 2797 petit,
1462 2717 1498 2777 sic

324 2819 425 2880 omnio
440 2834 516 2898 quae
537 2817 678 2876 cambac
700 2821 773 2876 sunt
793 2815 917 2894 inpense
938 2831 975 2876 ac
996 2813 1152 2892 submisse,
1179 2834 1404 2898 nonnumquam
1421 2820 1497 2880 etiam

322 2919 536 2983 miserabiliter
569 2915 746 3001 ropantibus
781 2915 1044 2998 perseverabimus
1080 2936 1142 2979 nan
1169 2918 1256 2981 dure.
1317 2923 1430 2983 mirum
1457 2929 1495 2982 est

322 3025 462 3104 Lipsium
491 3019 569 3082 adeo
602 3030 633 3082 et
664 3020 856 3082 Gronovium
891 3031 953 3081 tem
988 3018 1088 3082 cruda
1122 3039 1321 3103 concoquere
1355 3025 1494 3105 potuisse.

322 3144 396 3189 nem
426 3125 466 3188 de
494 3123 666 3186 amantibus
689 3141 793 3184 serino
816 3139 886 3183 esse
914 3123 1000 3184 nullo
1030 3122 1121 3185 modo
1150 3135 1269 3205 potest,
1302 3135 1334 3188 ct
1362 3127 1497 3189 dicuntur

323 3229 365 3291 dc
393 3231 441 3290 eis
468 3225 619 3290 absurde.
673 3223 879 3287 scribendum
908 3234 957 3288 est
989 3243 1159 3288 susurrus.
1210 3227 1324 3290 eadem
1358 3228 1495 3292 emende-

321 3334 407 3395 tione
429 3330 585 3393 utendum
607 3339 655 3392 est
678 3330 711 3389 in
734 3327 869 3409 epistula
894 3329 932 3388 tb
956 3330 987 3407 2,
1015 3327 1161 3411 lupentern
1184 3332 1390 3414 timentemque
1410 3339 1504 3395 caro·

322 3435 389 3497 dire
417 3435 563 3510 solemus,
595 3449 633 3494 ne
661 3431 821 3494 solitudine
848 3431 927 3492 male
954 3438 1072 3493 ututur.
1119 3451 1160 3495 ne
1189 3433 1241 3495 bic
1266 3435 1398 3515 quidem
1418 3435 1495 3516 quis-

322 3557 417 3620 quam
440 3536 522 3598 vidit
543 3533 749 3598 scribendum
771 3553 842 3596 esse
865 3553 1069 3608 incursuum.

407 3643 452 3704 De
475 3638 637 3703 beneficiis
660 3658 678 3698 r
702 3638 735 3698 tt
764 3639 782 3698 3
813 3637 891 3700 hece
912 3640 1030 3720 scripta
1052 3648 1138 3717 sunt,
1168 3637 1342 3720 beneficum
1363 3639 1495 3722 estquod

317 3752 414 3827 potest
435 3763 503 3806 utrn
525 3743 629 3805 dotum
651 3749 696 3804 est
724 3748 753 3802 et
773 3759 833 3802 nou
855 3740 953 3802 reddi.
1001 3743 1053 3822 qui
1078 3741 1138 3804 sibi
1161 3740 1335 3817 beneficium
1356 3747 1416 3822 dat,
1443 3761 1493 3804 noo

316 3855 414 3930 potest
441 3865 502 3908 uon
535 3846 670 3926 recipere
704 3844 782 3926 quod
815 3843 915 3906 dedit:
952 3861 1023 3926 erpo
1050 3861 1112 3906 uon
1140 3852 1184 3907 est
1211 3844 1393 3928 berteficium.
1442 3847 1492 3908 olio

294 3960 450 4032 stempore
476 3947 647 4030 beneficium
669 3949 827 4028 acciptur,
860 3947 921 4008 alio
948 3947 1098 4009 redditur.
1146 3949 1178 4009 in
1205 3940 1352 4031 benefioid
1383 3951 1432 4012 boc
1456 3957 1492 4010 est

318 4053 472 4136 probabile
501 4060 529 4116 et
555 4049 781 4132 suspiciendum
802 4049 880 4130 cuod
902 4050 1013 4132 aliquis
1040 4057 1076 4112 ut
1103 4051 1195 4112 alteri
1210 4053 1372 4132 prodesset
1389 4054 1491 4116 utilite

319 4158 358 4220 tis
380 4175 454 4218 suae
476 4158 598 4218 interim
619 4153 727 4216 oblinis
749 4160 803 4228 est,
840 4152 919 4233 quod
940 4153 1032 4215 albi-i
1053 4153 1135 4215 dedit
1155 4152 1318 4220 mutuno
1340 4155 1404 4219 sibi.
1447 4155 1491 4215 loc

319 4278 378 4321 noo
397 4258 475 4340 [usit
495 4260 548 4340 qui
567 4257 739 4338 beneficium
761 4254 819 4318 sibi
840 4255 903 4318 dat.
949 4258 1052 4336 prima
1075 4258 1234 4318 sententia
1263 4268 1295 4321 et
1319 4262 1408 4322 tertis
1430 4259 1490 4340 ple·

318 4383 378 4426 nae
407 4373 439 4425 et
473 4360 634 4443 perlectae
663 4370 754 4438 sunt,
791 4357 849 4420 sed
877 4357 966 4420 deest
996 4359 1190 4420 ratiocinatio
1205 4361 1251 4444 ‘in
1278 4361 1414 4426 secundo
1440 4379 1490 4422 nec

318 4475 423 4548 potest
444 4464 584 4529 dubitari
603 4464 682 4544 quin
704 4471 774 4544 post
795 4462 848 4523 ills
871 4462 931 4524 olio
954 4469 1084 4544 tempore
1098 4463 1259 4544 dautur,
1284 4466 1343 4528 alio
1365 4463 1489 4526 redditur
