3186 5108
367 398 455 464 lenm
477 417 644 466 ceorrosrrr
667 417 850 466 ιιιντιιιιινι
868 397 963 463 teet.
1212 384 1262 478 till

88 591 190 672 scripta
217 590 319 652 altera
348 591 463 672 vocali,
496 610 578 674 quae
609 593 642 654 in
665 591 813 655 Vaticano
843 601 929 654 recte
956 591 1070 654 omissa
1093 599 1151 654 est.
1199 591 1264 652 lde-

88 692 188 756 nendri
217 695 304 756 enim
334 695 411 758 haec
440 713 510 758 esse
541 696 777 776 existimamus,
808 685 829 781 ᾗ
857 689 888 758 τ’
912 684 1078 780 adrumetus
1105 683 1171 758 orlo‘
1204 689 1262 777 epi

86 793 150 882 γονὴ
172 795 323 862 δέσποινα.
370 817 470 862 senex
492 818 564 862 curn
586 817 720 862 uxorem
742 809 911 881 propterea
934 798 1079 862 ancillam
1096 797 1263 880 expulisse

86 898 152 963 dicit
172 912 205 964 ut
227 920 339 965 omncs
362 904 461 984 ipsam
485 904 701 982 intuerentur,
728 902 831 966 idest
854 921 959 983 nequa
982 901 1144 983 pulchrior
1159 901 1265 964 oculos

86 1005 112 1064 in
132 1024 163 1068 sc
184 1015 388 1068 converteret
415 1003 639 1087 (nequeenim
663 1015 748 1069 recte
772 1005 898 1069 Grotius
926 1006 1005 1068 haec
1035 1007 1264 1086 interpretatus

84 1106 148 1190 est),
179 1107 292 1172 eadem
316 1109 418 1172 utitur
440 1109 689 1174 dissimulatione
719 1119 814 1190 atque
842 1107 1057 1172 amaritudine
1081 1127 1144 1189 qua
1172 1118 1264 1170 antea

84 1209 246 1274 deformem
269 1212 436 1275 mulierem
459 1222 627 1276 vocaverat
648 1207 756 1297 καλήν.
804 1212 922 1276 deinde
952 1210 1040 1276 aliud
1068 1211 1173 1275 addit:
1208 1231 1265 1273 ex-

85 1315 164 1394 pulit,
196 1316 320 1397 inquit,
351 1315 495 1378 ancillam
526 1327 561 1379 υι
590 1315 681 1378 facile
711 1325 954 1397 cognosceretur
981 1335 1016 1378 se
1039 1335 1109 1378 esse
1132 1333 1264 1378 uxorem

84 1435 175 1480 meam
198 1427 362 1500 potentem
384 1439 421 1482 ac
443 1417 613 1482 dominam.
661 1427 784 1501 poterat
806 1420 996 1502 simpliciter
1017 1419 1079 1484 dici
1108 1417 1263 1495 δέσποινα,

82 1520 132 1583 sed
151 1517 225 1607 γυνὴ
250 1520 392 1586 δέσποινα
415 1534 447 1586 οι
470 1533 556 1586 recte
580 1522 701 1588 dictum
724 1533 782 1604 est,
816 1533 852 1587 ut
873 1524 1074 1587 Homericum
1101 1522 1182 1586 illud
1202 1517 1264 1608 πὰρ

83 1620 112 1686 δὲ
130 1601 362 1711 perdideratis
384 1624 473 1712 λέχος
494 1621 623 1712 πόρσυνε
645 1622 696 1691 καὶ
710 1621 814 1711 εὐνήν,
839 1637 870 1690 et
892 1627 1025 1690 sortasse
1049 1627 1154 1709 paullo
1170 1645 1264 1707 quam

83 1727 152 1792 illud
174 1731 441 1810 magnificentius.
489 1731 547 1793 sed
575 1732 693 1794 iterum
722 1750 822 1794 senex
844 1728 930 1793 redit
957 1729 999 1793 ed
1027 1731 1137 1793 uxoris
1158 1729 1265 1793 delor-

82 1833 230 1912 mitatem,
263 1835 354 1897 cuius
384 1853 458 1896 eum
488 1836 521 1897 in
551 1835 664 1916 primis
692 1834 808 1898 taedet.
856 1835 935 1916 quid
965 1834 1049 1898 dicat
1079 1833 1265 1914 intellegere

81 1935 164 1998 nobis
179 1936 345 2001 videmur:
372 1950 501 2000 ποιουν
520 1957 537 2000 a
554 1937 660 2001 Grotio
683 1948 769 2001 recte
794 1941 826 2000 in
848 1929 886 2023 ἥν
905 1947 1058 2002 mutatum
1074 1945 1132 2018 est,
1159 1955 1265 2017 neque

82 2039 170 2102 multo
192 2041 395 2105 incertiorem
412 2061 481 2105 esse
501 2049 650 2123 putamus
668 2041 865 2122 reliquorum
881 2040 1053 2104 verborum
1069 2039 1265 2104 emendatio·

81 2159 157 2204 nem.
204 2147 324 2207 etenim
346 2158 383 2204 ou
406 2144 492 2227 quod
518 2146 664 2207 llertaius
695 2145 727 2206 in
752 2145 814 2208 line
837 2148 938 2208 octavi
966 2163 1079 2208 versus
1103 2144 1265 2208 collocavit

85 2243 125 2322 lou
146 2249 299 2330 scriptum
323 2259 372 2312 est
394 2250 427 2310 in
442 2250 591 2311 Vaticano
607 2247 724 2331 codice)
744 2249 901 2313 adiectum
924 2268 994 2311 esse
1009 2247 1138 2313 videtur
1154 2266 1265 2310 emen-

81 2346 169 2412 dandi
192 2371 286 2414 causa
308 2350 349 2414 ad
376 2365 412 2411 nr:
432 2350 515 2432 (nam
537 2350 623 2433 quod
646 2351 745 2414 codex
767 2351 904 2415 Vrbinas
925 2365 998 2412 nero
1020 2353 1115 2433 plane
1136 2353 1262 2430 omittit,

80 2471 163 2515 error
178 2455 251 2538 esti:
278 2455 425 2518 similiter
438 2467 530 2514 τοιτο
545 2454 631 2536 quod
654 2441 686 2518 iu
710 2456 868 2538 principio
891 2457 1027 2538 proximi
1044 2474 1158 2518 versus
1178 2455 1266 2537 posi-

79 2565 140 2620 tum
154 2567 203 2621 est
217 2557 363 2623 additum
379 2577 448 2622 esse
465 2569 615 2640 putamus
636 2569 672 2622 ut
692 2570 776 2618 τοιτο
797 2559 1034 2640 emendaretur,
1059 2561 1121 2622 nisi
1143 2567 1264 2622 terrere

81 2659 149 2722 inde
165 2664 336 2743 repetitum
352 2673 411 2726 eet.
452 2671 539 2726 certe
557 2663 585 2724 si
604 2663 661 2724 hoc
676 2663 812 2726 alterurn
825 2665 912 2731 miro
928 2662 1083 2744 delemus,
1105 2655 1143 2747 δή
1159 2673 1265 2725 autem

79 2781 113 2822 eo
134 2766 296 2830 traicimus
319 2765 373 2828 ubi
396 2779 433 2826 ae
454 2769 608 2849 scriptum
632 2777 696 2846 est,
727 2768 832 2829 omnia
855 2769 978 2848 integra
1000 2777 1032 2830 et
1053 2767 1149 2848 plana
1172 2765 1263 2827 fiunt.

79 2865 300 2950 adscripsimus
322 2870 379 2933 hos
401 2870 511 2934 decem
535 2889 648 2933 versus
675 2879 711 2935 ut
733 2869 949 2934 emendandos
971 2889 1041 2932 esse
1067 2870 1262 2947 censuimus,

200 2967 250 3036 ἐπ’
278 2967 436 3060 ἀμφότερα
456 2977 507 3039 oto
528 2967 694 3059 ἡπίκληρος
715 2967 735 3058 ὴ
758 2967 838 3058 καλὴ

201 3074 306 3160 μέλλοι
327 3071 539 3163 καθευδήσων.
572 3076 782 3162 κατείργασται
804 3075 882 3162 μέγα

133 3226 138 3244 ,
200 3177 253 3244 καλ
273 3175 451 3267 περιβόητον
474 3179 580 3267 ἔργον·
612 3180 647 3245 ἐκ
667 3183 721 3266 τῆς
743 3178 839 3253 οἰκίας

200 3283 325 3371 ἐξέβαλε
345 3280 400 3370 τήν
423 3288 576 3350 λυποῦσαν
596 3275 635 3370 ἣν
656 3279 810 3370 ἐβούλετο,

199 3383 240 3452 ἵν’
269 3383 462 3476 ἀποβλέπωσι
482 3383 591 3461 πάντες
613 3387 656 3461 εἰς
677 3383 710 3452 τὸ
734 3382 903 3475 Κρωβύλης

199 3486 373 3579 πρόσωπον,
396 3483 417 3580 ᾖ
440 3487 468 3556 τ’
495 3483 661 3577 ιῦγνιυστος
683 3483 748 3557 οὗσ’
776 3487 834 3578 ἐμὴ
856 3486 932 3576 γυνὴ

201 3593 356 3661 δέσποινα.
389 3592 440 3660 καλ
461 3591 515 3682 τὴν
537 3588 607 3683 ὄψιν
626 3585 665 3681 ἢν
688 3590 835 3682 ἐκτήσατο

201 3691 270 3774 ὄνος
292 3700 325 3764 ἐν
348 3693 490 3786 πιθήκοις
510 3702 596 3766 mirra
619 3695 655 3765 δι’
679 3695 713 3766 τὸ
734 3694 898 3785 λεγόμενον

201 3801 293 3869 ἔστιν.
325 3807 440 3870 σιιοπᾶν
463 3797 611 3891 βούλομαι
631 3798 686 3888 τὴν
708 3799 801 3868 νύκτα
822 3797 876 3888 τὴν

199 3911 321 3974 πολλῶν
343 3911 445 3972 κακῶν
469 3895 625 3995 ἀρχηγόν.1

164 4011 196 4072 ll.
229 4012 382 4076 Eiusdem
410 4011 575 4075 llenandri
603 4029 718 4073 versus
745 4011 938 4092 sesquialter
974 4014 1006 4074 in
1036 4010 1163 4073 scholiis
1189 4010 1291 4076 rim-c

82 4108 230 4178 lorosianis
252 4116 294 4179 ad
316 4114 477 4198 Odysseae
492 4133 515 4178 ιι
534 4117 572 4177 40
596 4114 777 4196 adscriptus
800 4125 858 4195 est,
886 4134 904 4176 a
927 4117 1115 4178 Buttmanno
1138 4125 1267 4195 praeter

80 4231 175 4278 unum
196 4219 396 4300 vocabulum,
422 4219 462 4282 de
484 4238 547 4300 quo
570 4228 678 4300 postea
696 4217 849 4297 dicemus,
875 4219 1042 4280 verissime
1064 4216 1263 4298 emendatus,

280 4318 442 4409 ilerlllepir
463 4345 492 4386 τι
513 4315 659 4408 τολμήσει
678 4319 792 4398 πονεῖν,

205 4426 303 4513 θηρᾶν
326 4425 465 4503 λέοντας,
491 4417 570 4490 ὅπλα
593 4419 763 4512 βαστάζειν.

84 4525 184 4589 leones
214 4531 244 4592 in
276 4529 466 4593 Menandrea
503 4530 606 4592 labala
636 4530 677 4590 ita
707 4529 939 4594 commemorati
976 4547 1079 4609 paene
1114 4530 1266 4592 miraculo
