3240 5094
317 351 391 424 476
611 368 699 428 lunnx
723 383 887 428 nnorrouvn
911 385 1096 428 stannatum
1114 365 1207 428 4873.

316 575 379 618 non
400 557 606 619 intellexerat
629 555 760 638 quidem
783 555 925 636 Silligius
946 559 1110 638 praecepti
1133 558 1319 636 veritatem,
1349 555 1405 618 sed
1430 575 1500 618 con-

316 669 547 722 memoraverat
569 667 674 722 tamen
698 658 900 722 Lobeckium.

404 765 490 836 Quae
513 782 585 826 cum
608 763 652 824 ita
675 773 781 825 essent
802 761 1053 843 videremurque
1076 763 1168 824 nobis
1190 782 1253 824 non
1270 763 1351 824 nihil
1366 764 1501 825 conferre

318 885 410 948 posse
439 865 481 928 ad
509 864 764 928 emendationem
794 867 944 928 carminis
972 864 1058 927 haud
1087 885 1163 928 sane
1192 867 1348 948 praeclari
1376 865 1431 928 scd
1458 869 1501 928 eis

318 971 373 1051 qui
396 969 436 1032 ad
452 969 685 1050 cognoscendas
707 971 853 1050 antiquas
876 969 1119 1051 superstitiones
1134 970 1250 1032 curiosi
1266 979 1342 1034 sunt
1356 989 1419 1032 non
1432 990 1501 1032 con-

317 1072 500 1152 temnendi,
532 1074 590 1135 bac
618 1072 835 1153 procamiandi
865 1073 1054 1135 necessitate
1081 1074 1124 1134 ita
1146 1073 1303 1136 utendum
1326 1093 1395 1136 esse
1416 1083 1502 1154 puta-

317 1178 423 1239 vimus
444 1185 480 1238 ut
502 1195 630 1239 carmen
646 1175 796 1239 daremus
811 1194 874 1238 non
889 1185 1120 1257 perpurgatum
1135 1177 1266 1258 quidem
1293 1175 1408 1258 (neque
1423 1177 1499 1239 enim

294 1265 430 1341 tomnia¹
459 1281 620 1360 potuimus
649 1289 737 1343 certa
766 1281 886 1342 ratione
915 1279 1103 1362 corrigere),
1136 1278 1193 1341 sed
1221 1281 1382 1360 aliquanto
1403 1289 1499 1341 brnen

318 1401 413 1464 quam
436 1381 603 1463 legebatur
626 1383 739 1446 melius
762 1385 872 1464 eisque
895 1384 950 1463 qui
974 1391 1083 1464 postea
1098 1401 1212 1446 versus
1233 1383 1384 1446 obscuros
1405 1393 1435 1444 et
1448 1381 1501 1444 de-

317 1495 464 1566 pravatos
494 1488 658 1549 tractaturi
687 1497 795 1549 essent
822 1489 1003 1548 necessaria
1032 1485 1224 1548 adminicula
1254 1495 1286 1549 et
1315 1487 1453 1568 pleniora
1473 1496 1500 1546 et

318 1591 452 1651 certiora
475 1588 718 1671 praeberemus.

406 1691 530 1755 Codicis
544 1691 799 1755 Vindobonensis
821 1692 937 1754 litteris
958 1692 1138 1756 uncialibus
1160 1690 1221 1755 sub
1244 1693 1372 1755 initium
1393 1692 1499 1756 sacculi

318 1796 400 1856 sexti
423 1798 543 1859 exarati
566 1797 758 1876 scripturam
779 1807 816 1859 ut
836 1795 988 1858 adcurate
1010 1815 1186 1859 memorare
1210 1815 1376 1877 possemus
1396 1796 1498 1858 lactum

318 1908 366 1960 est
395 1900 513 1980 insigni
536 1899 684 1961 Guilelmi
708 1901 838 1961 Hartelii
868 1899 930 1960 viri
959 1899 1126 1960 clarissimi
1156 1898 1392 1962 benevolentia.
1435 1918 1497 1960 eum

317 1994 480 2064 librumll
500 2003 605 2064 littera
628 2001 893 2084 significavimus,
918 2004 940 2063 B
963 2001 1155 2082 Asulanum,
1182 2003 1205 2064 C
1228 2001 1437 2066 Dioscoridem
1451 1999 1498 2064 ll-

319 2104 431 2168 dinum
452 2106 529 2167 anni
552 2123 623 2184 nm,
655 2107 711 2187 qui
733 2105 855 2168 ultimis
877 2107 1002 2188 paginis
1025 2115 1119 2188 caput
1146 2106 1297 2168 carminis
1319 2105 1452 2188 primurn
1473 2115 1499 2166 et

319 2209 422 2290 capita
452 2207 642 2270 scholiorum
672 2208 856 2290 quindecim
886 2211 1037 2271 continet.
1083 2207 1140 2271 ubi
1162 2209 1296 2272 Asulani
1319 2209 1498 2292 exemplaria

317 2311 491 2374 verborum
519 2321 642 2374 tantum
670 2311 826 2373 divisione
855 2311 1064 2392 spiritibusve
1093 2321 1149 2375 aut
1177 2311 1364 2375 accentibus
1392 2311 1500 2373 alibro

318 2412 557 2477 vindobonensi
573 2413 771 2496 discrepant,
797 2415 909 2496 inquo
932 2415 1014 2476 libro
1037 2416 1130 2496 pauci
1153 2425 1229 2478 sunt
1251 2415 1383 2497 spiritus
1405 2425 1435 2477 et
1455 2434 1501 2476 ac·
1600 2433 1601 2440 ¹

319 2528 430 2581 centus
453 2527 484 2580 et
507 2516 574 2578 lere
597 2517 637 2579 ab
660 2518 720 2580 alia
743 2537 839 2580 manu
861 2515 980 2598 additi,
1006 2517 1254 2602 discrepantiam
1277 2537 1341 2580 non
1364 2517 1499 2581 duximus

319 2639 388 2682 esse
412 2618 626 2682 indicandam.
674 2641 714 2682 ex
743 2621 870 2684 scholiis
900 2622 1017 2684 multae
1039 2641 1135 2684 voces
1163 2624 1215 2684 vel
1243 2623 1369 2685 litterae
1390 2621 1499 2684 abscisa

320 2721 463 2803 margine
486 2721 674 2806 absumptae
704 2733 780 2786 sunt
806 2734 860 2788 aut
889 2724 1074 2787 membrana
1103 2725 1147 2787 ita
1175 2725 1293 2788 detrita
1324 2735 1373 2788 cst
1394 2736 1427 2788 ut
1447 2726 1498 2786 iam

318 2827 383 2908 legi
405 2845 469 2888 non
499 2827 634 2908 possint:
668 2826 753 2909 quod
783 2847 847 2890 non
875 2829 1180 2891 conmemoravimus
1207 2827 1265 2891 ubi
1296 2847 1359 2890 non
1391 2838 1499 2910 poterat

319 2927 461 2992 dubitari
484 2927 596 2993 eadem
620 2949 702 3012 quae
725 2927 883 2995 Asulanus
905 2941 960 2994 aut
982 2933 1016 2994 in
1033 2930 1213 2995 Dioscorida
1229 2929 1331 2995 Aldus
1354 2931 1498 2996 dedemnt

319 3033 436 3113 scripta
460 3031 613 3116 luisse*).

416 3224 426 3266 1
449 3201 750 3269 XAMAIMHAON.

448 3303 525 3380 Τοὺς
549 3305 582 3372 δὲ
602 3308 804 3394 πυρέσσοντας
826 3305 860 3375 τὸ
881 3307 1077 3396 χαμαίμηλον
1100 3304 1264 3397 θεραπεύει
1366 3349 1369 3354 -

450 3406 502 3475 οὐν
526 3410 634 3498 ῥοδίνῳ
657 3413 738 3476 λεῖον
760 3413 973 3499 τετριμμένον,
999 3407 1153 3500 ὠφέλιμον
1177 3411 1210 3477 δὲ

447 3513 509 3588 τοῖς
533 3509 740 3602 μετριάζουσιν
763 3512 796 3581 τὸ
820 3512 923 3603 φυτόν.
971 3510 1078 3602 φύεται
1102 3511 1128 3579 δ’
1155 3512 1204 3580 ἐπὶ
1225 3517 1319 3580 θινῶν

447 3622 595 3704 τρηχειῶν
617 3613 788 3684 κάλλιπον.
833 3610 852 3684 “o
875 3614 1075 3706 βαστάζουσιν
1100 3617 1195 3705 ἰητροὶ

388 3828 415 3890 *)
433 3827 448 3896 l
450 3831 591 3880 Prasmon
607 3830 672 3878 vitiu
689 3828 890 3892 orthoprcplu'cc
901 3830 929 3878 iu
947 3829 1050 3880 scholiis
1068 3841 1121 3878 noc
1131 3831 1279 3891 perscripta
1292 3835 1363 3880 suut.
1374 3857 1410 3866 -
1420 3829 1493 3880 Aduo·

318 3918 382 3966 totto
399 3917 491 3966 critice
507 3928 568 3965 cum
584 3915 684 3965 schedis
703 3914 863 3964 Hortcltcuts
880 3915 964 3965 muco
982 3915 1086 3965 cmlnto
1103 3911 1168 3981 ast]

318 4071 394 4120 lom
412 4070 445 4129 B,
473 4069 522 4120 sed
544 4069 627 4120 habet
648 4071 675 4120 in
700 4069 850 4134 praemisso
876 4067 1022 4121 herbarum
1043 4070 1141 4121 indice.
1161 4067 1171 4136 ΙΙ
1195 4075 1282 4121 t—t.
1307 4065 1499 4138 Τοὺς-θέρων

318 4155 401 4207 hebet
417 4155 447 4206 C.
467 4153 477 4222 ll
496 4159 520 4206 t.
540 4153 568 4206 ta
588 4167 631 4205 orn
652 4155 701 4206 BC.
720 4152 730 4221 Η
754 4161 779 4206 2.
800 4151 906 4224 puberum
924 4157 955 4206 Α.
975 4153 985 4222 ΙΙ
1002 4153 1148 4227 ωφιλειμον
1165 4157 1197 4206 Α.
1217 4154 1268 4222 118.
1290 4157 1448 4228 μετριάζων
1458 4155 1498 4206 BC.

318 4241 532 4305 intellegendum
550 4245 592 4292 est
609 4243 819 4306 caprotccttoos:
843 4241 878 4292 de
896 4253 951 4307 quo
969 4255 1038 4307 quae
1056 4242 1181 4294 Sturzius
1199 4244 1309 4308 scripsit
1328 4243 1437 4310 praebet
1453 4243 1498 4292 Ste-

318 4328 401 4394 phani
418 4327 573 4378 Thesaurus
591 4325 782 4379 Dindorflsnus
801 4331 819 4378 t.
841 4341 858 4376 ν
875 4341 902 4392 p.
924 4331 984 4378 988.
1003 4324 1014 4394 ΙΙ
1037 4324 1118 4380 btuuro
1136 4331 1172 4392 Α,
1192 4323 1275 4386 brucia
1293 4329 1328 4392 C,
1348 4326 1438 4398 θηνοῖς
1454 4329 1476 4378 Β.
1491 4323 1499 4390 l

320 4416 344 4464 t.
371 4409 673 4484 Τοβραχνιιαιιιαλλιστον
691 4413 764 4465 ABG.
802 4411 959 4465 audendum
983 4411 1029 4464 hic
1046 4413 1150 4480 aliquid
1170 4413 1230 4467 tuit.
1269 4414 1392 4480 Silligius
1408 4403 1498 4478 scripsit

320 4495 409 4573 φύεται
433 4494 459 4552 δ’
478 4496 519 4552 ἐπὶ
541 4496 626 4560 bocia
643 4495 679 4552 Τὸ
705 4497 787 4575 βραχὺ
811 4499 856 4556 acl
877 4495 1031 4566 κάλλιστον,
1059 4513 1216 4553 memorans
1239 4501 1315 4568 quod
1340 4503 1367 4552 in
1390 4497 1497 4566 neapol
