3184 5108
397 379 483 437 lenm
507 395 672 439 trorronrn
696 397 875 440 ιοοτινιιινιι
896 379 988 438 teet.
1209 365 1283 438 295

114 559 211 646 κομμὸς
241 567 291 628 ille
322 577 404 627 totus
435 569 466 627 in
496 587 532 628 oo
556 579 703 629 versetur
731 577 765 629 nt
788 569 902 630 chorus
928 569 1106 631 consoletur
1128 571 1284 632 Electram

114 667 393 748 inmoderatumque
417 689 480 750 quo
502 669 594 731 ardet
617 669 734 732 doloris
753 670 882 750 odilque
904 681 1025 736 aestum
1049 672 1194 752 mitigare
1217 683 1285 737 stu-

113 768 186 848 deat,
216 772 264 832 illa
288 782 394 833 antem
417 773 530 834 solacia
553 776 780 836 contumaciter
810 772 958 854 repudiet
983 775 1192 856 lamentisque
1214 778 1285 838 ani-

112 891 185 934 nmm
207 885 322 954 pascat,
355 875 534 937 admirabili
558 885 625 938 arte
650 877 819 958 Sophocles
846 886 876 938 et
900 877 1033 940 variavit
1056 882 1231 942 sententias
1254 891 1282 942 et

111 978 234 1038 carmina
258 979 417 1058 reciproca
441 989 536 1060 atque
559 982 649 1074 quasi
677 999 736 1061 per
759 979 876 1060 gradus
898 981 1118 1044 consolationis
1140 980 1284 1044 admoni-

111 1079 190 1140 tionis
218 1080 449 1143 lamentationis
472 1081 708 1162 progredientia
731 1084 816 1145 inter
844 1103 878 1144 se
905 1085 1054 1146 conexuit
1084 1085 1283 1167 alterumque
1378 1139 1384 1146 .

109 1200 143 1241 er
168 1181 263 1244 altero
292 1183 471 1266 suspendit.
533 1186 638 1264 itaque
675 1195 841 1266 ροοίιγυοια
870 1186 985 1250 choma
1012 1197 1184 1250 venturum
1214 1209 1283 1251 esso

108 1284 263 1364 aliquando
285 1287 433 1348 Orestem
456 1287 549 1365 dixit,
579 1307 640 1348 non
666 1289 762 1350 lenito
785 1287 893 1351 dolorc
917 1288 974 1354 sed
997 1289 1184 1353 exacerbato
1208 1291 1283 1354 liaeo

111 1387 268 1467 respondet
291 1391 426 1466 Electra,

283 1483 316 1554 ύν
339 1487 369 1574 γ’
397 1487 458 1576 ἐγώ
482 1486 624 1576 ἀκάματα
646 1489 844 1579 προορένουο’
873 1486 993 1567 ἀτοκνος

283 1585 405 1658 τάλαιν’
428 1590 614 1682 ἀνύμφευτος
637 1593 701 1659 αἰὲν
724 1595 831 1681 οίχνῶ,

283 1692 408 1782 δάκρυσι
431 1697 579 1782 μυδαλέα,
602 1694 652 1762 τὸν
674 1693 818 1783 ἀνήνυτον

283 1797 362 1882 οἶτον
385 1799 499 1886 ἔχουσα
522 1805 641 1865 κακῶν·
672 1791 690 1864 d
715 1799 748 1864 δὲ
774 1793 907 1868 λάθεταιΙ

283 1895 325 1965 ὧν
347 1899 375 1967 τ’
402 1901 493 1967 ἔπαθ’
522 1896 564 1966 ὧν
586 1899 613 1968 τ’
641 1898 728 1988 ἐδάη.
768 1903 797 1968 τί
818 1902 875 1991 γάρ
898 1901 953 1970 oda
975 1904 1042 1991 ἐμοὶ

283 2005 407 2092 ἔρχεται
429 2003 571 2091 ἀγγελίας
594 2002 807 2091 &aaronem

283 2105 332 2173 ἀεί
355 2108 408 2193 μὲν
431 2107 489 2195 γάρ
510 2111 612 2189 ποθεῖ,

282 2214 386 2276 ποθῶν
410 2209 438 2276 δ’
466 2208 520 2278 ούκ
542 2209 619 2284 ἀξιοῖ
641 2217 782 2298 φανῆναι.

103 2310 225 2390 adparet
259 2319 414 2379 Electram
448 2318 678 2380 cunctationem
710 2319 842 2380 Orestae
884 2327 979 2378 totam
1013 2317 1053 2378 ad
1088 2318 1281 2380 voluntatem

104 2414 165 2476 eius
193 2419 311 2482 referre
342 2421 512 2501 minusque
543 2420 619 2481 haec
646 2439 716 2483 cum
749 2421 834 2481 chori
864 2420 1003 2480 carmine
1035 2422 1222 2498 cohaerere,
1255 2421 1281 2481 si

105 2516 151 2578 illc
176 2532 265 2584 antea
296 2525 486 2602 significavit
515 2523 653 2585 reditum
679 2524 812 2585 Orestae
842 2521 882 2584 ab
913 2522 993 2582 lovis
1021 2522 1180 2586 voluntate
1211 2541 1281 2585 esse

104 2625 341 2704 expectandum,
378 2628 446 2688 slve
474 2637 622 2707 putamus
650 2627 835 2707 Sophoclem
866 2627 1031 2705 scripsisse
1063 2620 1132 2697 Διὸς
1159 2616 1283 2711 ιύρρονι

104 2715 222 2804 λήματι,
255 2730 321 2791 sivo
345 2721 469 2812 νεύματι
492 2729 674 2811 probamus,
707 2730 775 2790 sive
798 2747 962 2790 servamus
986 2727 1175 2790 in'credibilo
1202 2729 1280 2791 illud

104 2817 217 2907 βήματι,
256 2841 287 2893 at
302 2833 394 2911 nihil,
422 2843 455 2894 ut
472 2833 610 2912 videtur,
636 2831 791 2894 eiusmodi
808 2831 977 2912 Sophocles
993 2832 1130 2911 scripsit.
1171 2834 1281 2912 sequi-

103 2937 149 2990 tur
170 2931 224 2994 hoc
247 2953 373 2996 carmen
397 2935 496 3012 chori,

285 3029 390 3122 θάρσει
414 3061 477 3120 μοι,
502 3033 621 3122 θάρσει,
645 3036 757 3100 τέκνον.

284 3139 376 3223 μέγας
399 3134 442 3203 ἔτ’
469 3141 501 3202 ἐν
525 3135 644 3225 οὐρανῷ

284 3237 378 3319 Ζεύς,
400 3233 434 3316 ἀς
457 3243 554 3329 ἐφορᾷ
575 3237 671 3306 πάντα
694 3238 743 3306 καί
766 3237 921 3326 κρατύνει·

285 3337 310 3431 ᾦ
331 3341 381 3409 τὸν
406 3339 559 3431 ὑπεραλγῆ
581 3341 674 3432 χύλον
697 3345 828 3428 νέμουσα

285 3442 360 3532 μήθ’
388 3445 432 3520 οἶς
454 3446 609 3534 ἐχθαίρεις
632 3441 803 3533 ὑπεράχθεο
826 3442 895 3531 μήτ’
922 3441 1080 3510 ἐπιλάθου.

282 3549 389 3636 χρόνος
411 3545 469 3636 γάρ
492 3546 627 3634 εύμαρὴς
651 3544 731 3623 θεός.

283 3645 350 3719 οὔτε
372 3649 429 3739 γάρ
452 3649 469 3717 ‘o
491 3649 543 3718 τάν
567 3649 683 3738 Κρῖσαν

283 3755 428 3840 βούνομον
450 3755 530 3842 ἔχων
553 3751 644 3819 ἀκτάν

282 3863 350 3932 παῖς
369 3856 621 3943 Ἀγαμεμνονίδας
644 3854 837 3943 ἀπερίτροπος

284 3955 353 4028 οὔθ’
379 3958 395 4027 ‘o
417 3959 501 4048 παρὰ
522 3958 571 4026 τὸν
593 3957 750 4048 Ἀχέροντα
773 3956 842 4032 θεὸς
864 3956 1012 4024 ἀνάσσων.

103 4064 306 4139 pulcherrima
331 4069 408 4129 haec
430 4075 514 4144 sunt,
540 4065 597 4128 sed
621 4076 687 4127 tum
703 4065 830 4128 demum
853 4064 893 4125 ab
908 4065 993 4126 omni
1016 4074 1105 4144 parte
1128 4062 1280 4142 pulcher-

104 4166 186 4246 rima,
211 4171 237 4230 si
259 4189 321 4234 non
344 4169 495 4249 anticipat
509 4180 602 4231 antea
618 4171 733 4230 chorus
756 4169 836 4230 lovis
859 4167 1197 4242 commemorationem,
1223 4163 1279 4226 sed

103 4279 258 4350 postquam
291 4274 361 4334 aliis
391 4271 658 4334 admonitionibus
689 4280 720 4333 et
754 4268 1019 4332 consolationibus
1052 4267 1169 4330 frustra
1204 4287 1280 4330 usus

102 4381 155 4446 est,
184 4372 321 4456 denique
350 4375 390 4436 ad
420 4375 520 4437 divini
552 4375 692 4436 numinis
720 4373 939 4454 cogitationem
962 4373 1117 4434 Electram
1147 4390 1280 4433 conver-

102 4479 164 4534 tere
186 4476 300 4540 studet.
