3184 5108
388 399 476 463 lenm
498 415 663 462 scariones
686 415 870 470 ιιιιιιιιιιιιιιι
890 399 982 462 4844.
1205 385 1280 462 269

102 597 144 650 est
163 585 367 657 scribendum
390 607 460 654 esse
485 589 618 662 rectiore
640 587 738 652 multo
760 588 918 654 sententia
941 605 1104 655 recessus
1126 605 1176 652 res
1198 597 1227 653 44
1248 590 1281 655 in

98 688 203 769 plebem
225 709 262 754 ac
284 691 360 770 cilia
382 692 504 774 inpendo
525 690 697 766 deveniunt.

176 793 256 857 Dial.
274 812 296 858 ιι
325 793 375 876 (de
398 795 573 865 constantia
595 794 757 878 sapientis)
786 796 803 857 4
828 795 847 855 3
879 796 966 858 inme
988 796 1088 860 netdo
1117 814 1159 858 an
1182 797 1280 878 ucapit

100 896 174 960 vires
194 898 346 978 sapientia
375 896 514 962 4444444444
534 896 765 979 tranquillitatis
788 899 868 962 inter
892 897 1083 976 4444444444,
1114 899 1193 962 sicut
1212 916 1281 963 ma

99 1001 211 1063 nimum
239 1008 453 1082 arpumentnm
479 1008 523 1064 esi
551 1001 746 1082 imperatoris
771 1003 869 1064 armis
892 1001 1026 1083 virt'sque
1050 1001 1193 1084 pallentis
1215 1008 1281 1064 tata

100 1104 241 1168 securitas
264 1104 296 1164 in
317 1102 449 1170 hostium
470 1110 567 1166 terra.
615 1105 657 1166 ita
680 1102 766 1167 libri.
813 1104 987 1171 orationem
1010 1123 1073 1171 aon
1094 1104 1281 1168 444144444-

100 1215 189 1266 ratem
212 1211 272 1267 neo
295 1216 504 1268 reclamasse
527 1205 684 1268 intellexit
705 1208 846 1269 Muretus
875 1209 1073 1289 mutavitque
1102 1207 1279 1288 tranquilli-

99 1308 162 1370 tatis
197 1309 230 1370 in
264 1309 444 1390 tranquilla.
506 1307 712 1372 scribendum
748 1312 854 1390 potius
887 1320 956 1374 erat
992 1329 1034 1372 an
1065 1311 1164 1392 inopis
1197 1311 1279 1372 vires

98 1429 257 1477 strumus
278 1411 418 1478 44444444
437 1429 668 1484 rmuoumrrcs
693 1416 772 1486 inter
794 1413 984 1478 lacessentia.

175 1514 319 1578 Dicitur
348 1513 397 1594 (de
420 1515 467 1577 ira
490 1514 521 1597 ιι)
548 1517 583 1579 il
608 1517 626 1578 9
651 1513 702 1596 (22
722 1514 748 1596 4)
773 1515 935 1597 pertinebit
956 1514 997 1578 ad
1018 1533 1084 1578 rem
1102 1523 1280 1598 praecepto-

97 1633 141 1678 res
161 1617 407 1700 paedapopctque
425 1617 534 1698 pueris
552 1617 690 1698 placidas
708 1618 789 1684 dari.
833 1619 989 1699 proximis
1005 1619 1180 1700 adplicatur
1193 1637 1280 1682 omne

97 1719 169 1798 quati
190 1727 327 1787 44444444
349 1727 393 1784 eet
418 1728 447 1784 44
470 1722 500 1784 in
523 1738 627 1786 eorum
656 1720 884 1786 similitudinem
905 1723 1023 1788 4444444.
1070 1723 1224 1786 nutricum
1251 1729 1280 1784 el

94 1822 333 1907 paedapoparnnt
359 1823 504 1888 rettulere
532 1841 607 1886 mccc
635 1825 667 1886 in
694 1823 931 1889 acacianam
957 1842 1067 1889 morer.
1125 1823 1280 1889 miramur

96 1925 260 2006 plerosque
289 1927 434 1990 homines
456 1925 563 1992 doctas
592 1928 625 1989 in
654 1937 718 1992 tam
747 1928 855 2008 inepta
883 1927 1024 1991 oratione
1053 1926 1273 2008 adquievisse:

98 2026 251 2092 referendi
274 2029 360 2100 euim
382 2028 518 2096 verbum
541 2048 605 2092 non
627 2031 730 2110 potuit
751 2030 798 2094 sia
815 2028 890 2092 dici.
937 2028 1001 2095 dici
1024 2039 1128 2110 potest
1148 2030 1174 2092 si
1197 2029 1279 2095 scri-

95 2127 195 2198 bimus
223 2134 256 2194 ic
279 2131 495 2211 manantia,
521 2130 607 2212 quod
636 2151 699 2198 non
722 2132 820 2198 nullis
847 2132 980 2216 placuit:
1013 2131 1070 2199 sed
1093 2131 1133 2196 ad
1162 2151 1279 2212 pueros

96 2251 153 2296 non
175 2235 284 2315 palam
308 2236 482 2301 revertitur
509 2237 667 2301 sententia
696 2254 778 2317 quae
801 2235 898 2298 multo
921 2235 1036 2300 melius
1063 2254 1123 2316 per
1144 2254 1179 2297 se
1201 2254 1278 2298 ean,-

94 2345 161 2404 stat.
207 2339 393 2402 concinnius
418 2349 467 2401 est
494 2348 525 2401 et
547 2339 669 2402 Seneca
696 2337 825 2420 dignius
851 2341 1007 2400 nutricum
1036 2345 1063 2402 44
1085 2339 1277 2421 paedapopo-
1388 2341 1393 2348 '

94 2457 159 2502 nem
179 2441 323 2506 rettulere
344 2459 419 2508 ntcoe
443 2459 679 2509 murmannus!
701 2433 820 2504 errores.¹

173 2543 288 2606 Diels
315 2542 365 2625 (de
389 2545 435 2609 ira
458 2545 502 2626 ιιι]
529 2546 548 2607 8
572 2544 592 2608 7
621 2543 658 2626 (5)
692 2543 825 2626 dificilis
852 2561 966 2626 quoqne
994 2551 1022 2606 44
1048 2543 1186 2608 indomiti
1216 2561 1302 2607 aas

91 2652 162 2709 tura
188 2646 390 2712 lammam
414 2646 513 2728 seret:
549 2646 626 2722 nillil
650 2665 796 2729 asperum
828 2649 1025 2728 territumque
1049 2648 1193 2728 palpanti
1219 2655 1272 2714 444.

93 2751 131 2810 ita
157 2751 276 2831 scripta
306 2751 517 2832 exemplaria:
552 2751 697 2832 inpressa
722 2751 796 2814 olim
826 2769 889 2814 non
918 2752 1115 2830 territumque
1143 2749 1273 2828 habent,

92 2852 171 2930 quod
194 2872 270 2918 sane
293 2855 438 2934 ineptum
453 2863 512 2932 est,
537 2852 595 2916 sed
613 2861 790 2936 tetrumque,
815 2852 900 2934 quod
923 2871 985 2916 non
1003 2853 1110 2917 minus
1132 2853 1275 2934 ineptum

92 2973 157 3018 esse
192 2966 279 3020 recte
313 2956 471 3020 intellexit
498 2957 629 3020 Haasius
662 2958 695 3019 in
722 2955 979 3020 adnotationibus
1009 2955 1128 3018 criticis
1155 2957 1278 3020 vratis-

92 3055 187 3122 laviae
209 3077 293 3122 anno
315 3078 456 3124 macana
481 3059 588 3124 editis.
635 3057 721 3122 idem
743 3077 820 3125 vero
848 3057 934 3140 quod
962 3057 1182 3140 quaerendum
1205 3055 1279 3121 essd

92 3171 177 3238 putat
198 3161 388 3226 vocabulum
415 3161 544 3244 aliquod
571 3181 610 3224 ex
634 3164 822 3243 equisonum
852 3162 971 3242 lingua,
1004 3160 1122 3226 trustra
1151 3163 1277 3242 quaerit

91 3263 172 3342 quod
201 3265 235 3327 in
265 3265 430 3346 propatulo
460 3275 506 3328 est
535 3283 639 3346 neque
671 3263 857 3329 emandris
883 3263 1081 3346 stabulisque
1109 3283 1278 3328 arcessen-

91 3365 175 3430 dum.
221 3368 350 3449 scripsit
372 3368 457 3432 enim
481 3369 601 3435 Seneca
627 3367 705 3433 null
733 3385 878 3450 asperum
906 3385 1108 3444 seruauere
1133 3367 1279 3449 palpanti

90 3477 141 3535 at.
187 3473 292 3538 tetrici
314 3469 467 3537 vocabulo
490 3471 610 3537 Seneca
636 3471 738 3532 utitur
760 3489 812 3552 ep.
830 3471 872 3532 36
895 3471 927 3549 3,
959 3489 1031 3534 cum
1059 3489 1172 3551 aspero
1200 3489 1277 3532 con-2

91 3571 189 3655 iungit
210 3574 363 3644 Martialis
383 3592 425 3636 ιιι
448 3573 500 3637 70.

171 3677 251 3740 44444.
270 3695 299 3738 ιι
327 3675 376 3758 (ad
392 3677 537 3743 Marciam
560 3675 601 3738 de
623 3673 843 3756 consolatione)
870 3676 904 3735 44
933 3677 950 3738 4
980 3675 1018 3758 (i)
1046 3675 1137 3738 homo
1159 3674 1279 3738 dieitur

89 3795 157 3840 esse
179 3797 294 3861 corpus
313 3781 453 3862 44444444
472 3781 600 3862 spiritus
623 3786 651 3842 44
671 3778 751 3840 male
771 3778 925 3842 haerentis
947 3796 1008 3860 qua
1029 3797 1145 3860 parurn
1166 3797 1277 3860 repete-

89 3883 183 3944 tinum
197 3881 300 3946 4444444
321 3889 350 3946 44
371 3883 535 3963 4444444444
557 3899 651 3946 sonus
673 3879 803 3944 auribus
824 3883 932 3966 pacis
954 3882 1080 3947 caecutit.
1127 3881 1170 3943 ite
1193 3880 1278 3944 liber

88 3981 331 4054 Ambrosianus:
365 3987 398 4048 in
427 4004 491 4053 non
520 3983 617 4048 nullis
645 4001 709 4049 non
738 4002 800 4066 qua
828 3971 1063 4066 scriptumest,
1095 3982 1154 4048 sed
1175 4001 1273 4065 quem

90 4095 120 4147 44
141 4085 258 4152 deinde
288 4095 317 4152 44
337 4105 380 4150 aa
401 4087 565 4170 immunito
593 4087 644 4149 vel
673 4105 716 4150 erc
738 4088 912 4168 improviso.
960 4087 1092 4150 Haasius
1120 4085 1278 4167 quomodo

86 4197 210 4269 parturn
236 4192 427 4273 repentinam
455 4199 731 4266 commemoratum
760 4209 831 4254 4444
859 4191 999 4271 potuerit
1027 4191 1151 4272 opinari
1181 4190 1276 4271 plane

88 4311 149 4354 non
173 4294 398 4375 intellegimus.
445 4291 502 4355 sed
531 4293 648 4374 partim
678 4293 841 4376 egregium
864 4301 912 4355 444
941 4291 1027 4374 quod
1049 4292 1174 4374 Lipsius
1195 4294 1277 4356 scri-

89 4393 228 4459 bendum
251 4415 322 4460 esse
346 4397 480 4461 coniecit
501 4413 589 4478 prem
607 4413 708 4476 pavor
729 4396 906 4476 repentinus
928 4397 1072 4460 antiteta
1096 4414 1139 4458 en
1161 4397 1276 4477 impro-

88 4500 151 4560 visa
173 4515 276 4564 tanus
323 4497 409 4562 unde
431 4495 593 4579 proiectus
608 4497 784 4562 Gmnovius
806 4516 841 4560 se
865 4497 958 4560 melio
973 4496 1055 4560 dixit
1069 4515 1156 4582 quent
1175 4515 1277 4579 pacat·
