3204 5104
328 407 402 494 388
623 422 712 486 lnam
735 440 902 486 scortona!
924 439 1102 484 rrsrrvsavn
1123 422 1215 482 l868.

413 610 506 674 Libro
536 629 609 687 niu
639 613 656 677 l
689 611 707 671 6
738 611 770 674 in
798 611 974 692 scorpionis
1002 609 1216 691 descriptione
1246 610 1326 674 baso
1354 611 1503 690 leguntur,

328 717 427 796 itaque
441 715 559 778 demum
575 713 713 778 mitanis
729 713 856 779 adstans
871 715 1016 796 mopister
1034 714 1204 778 claustrum
1217 713 1297 796 prod
1312 715 1402 778 totr'm
1416 715 1506 794 opens

284 818 456 880 recontinet
483 817 607 896 vinculo
628 824 747 880 reserm
776 816 884 879 malleo
909 803 995 897 farti¹
1024 833 1222 897 permissum:
1250 815 1332 878 uude
1361 815 1505 882 meabas

328 921 387 982 icta
410 920 530 982 volucri
556 920 645 984 selas
668 927 696 981 et
717 918 904 982 mollitudine
926 919 1058 1000 offensas
1086 921 1179 982 cilicii
1205 937 1323 985 samum
1345 925 1505 999 contorquet

326 1022 472 1104 qur'dmrid
502 1023 668 1090 mnrrrerel
697 1021 895 1098 conlisurum.
942 1020 1114 1084 cGelonio
1137 1023 1291 1104 scriptum
1314 1031 1363 1084 est
1386 1038 1505 1103 wens-

326 1143 409 1187 sum:
438 1125 609 1188 Aeoursius
628 1124 825 1204 perclansum
854 1122 959 1202 dedit,
989 1123 1243 1205 lindenbrogius
1271 1123 1418 1186 ecodice
1438 1141 1505 1204 pro-

326 1228 398 1292 tulit
423 1228 615 1308 perclusum,
647 1228 815 1312 Vaticanus
843 1224 927 1295 libor
957 1225 1053 1292 babet
1076 1228 1286 1308 perolaasum.
1341 1227 1416 1290 latet
1442 1245 1504 1291 ru-

326 1349 448 1392 cstsvu.
496 1331 541 1392 sio
563 1349 618 1394 ur
637 1331 655 1392 8
675 1331 712 1390 t3
736 1331 770 1394 in
793 1327 906 1401 eodem
927 1327 1009 1390 libro
1023 1331 1172 1396 Vaticano
1190 1331 1340 1412 perclusit
1360 1331 1502 1410 scriptum

326 1443 374 1494 est
397 1452 469 1496 cum
492 1431 626 1508 deberet
644 1433 803 1514 perculsit.

411 1533 504 1596 Libro
534 1553 600 1598 mv
630 1535 648 1598 2
679 1537 698 1598 2
729 1534 882 1600 scribitur
910 1543 938 1598 et
962 1544 1033 1617 post
1059 1533 1132 1598 naec
1157 1543 1414 1617 praetermeantes
1440 1536 1504 1615 ipsa

325 1639 443 1700 moenio
464 1656 558 1700 noves
580 1645 703 1702 nostras
725 1657 793 1701 cum
814 1637 999 1700 veremendia
1020 1639 1116 1718 purete
1137 1637 1313 1720 spectabam
1338 1635 1501 1702 immobiles.

325 1759 382 1821 qao
405 1742 534 1804 transite
556 1759 624 1804 cum
646 1741 687 1822 ad
708 1742 926 1804 munimentum
948 1740 1033 1804 aliud
1048 1737 1255 1804 lammina
1271 1743 1389 1805 mmme
1409 1741 1504 1816 emm-

324 1861 425 1906 semns
448 1853 479 1906 et
501 1862 583 1923 quae
606 1853 770 1908 secuntur,
817 1846 861 1906 ita
884 1843 1052 1920 Gelenius,
1085 1845 1147 1906 nisi
1169 1842 1257 1924 quod
1277 1841 1502 1906 Acbaraolralom

325 1944 425 2008 dedit.
471 1942 642 2008 Accursius
663 1946 791 2027 scripsit
812 1953 841 2008 et
858 1953 928 2027 past
940 1945 1014 2008 llaec
1024 1953 1285 2027 praetermeantes
1307 1949 1376 2028 ipso
1396 1947 1505 2008 naenia

324 2067 419 2112 nones
440 2056 563 2112 nostras
586 2067 653 2114 cum
668 2049 853 2129 emecundia
874 2049 967 2130 quieti
986 2047 1162 2130 spectabant
1182 2048 1402 2131 immobilesque
1421 2057 1502 2112 trou-

323 2153 412 2213 situs.
458 2170 526 2214 cum
545 2151 586 2214 ad
601 2152 817 2214 munimentum
839 2151 925 2214 aliud
938 2148 1166 2216 Achaemeniae
1187 2153 1308 2228 nonnae
1322 2153 1503 2216 amuranus:

324 2255 356 2314 in
380 2252 498 2334 quibus
521 2271 583 2316 non
606 2263 710 2335 potest
729 2256 836 2336 putari
859 2273 1004 2320 servasse
1033 2254 1120 2336 quod
1140 2265 1233 2318 vetus
1259 2253 1344 2316 liber
1366 2256 1398 2332 ei
1415 2273 1502 2336 prae-

323 2355 448 2418 buerat.
495 2358 574 2437 quin
596 2374 637 2417 ne
660 2375 728 2420 eum
750 2356 899 2438 quidem,
925 2357 1010 2438 quod
1033 2367 1106 2422 ante
1129 2357 1317 2422 serenandis
1338 2359 1428 2420 etiam
1444 2356 1501 2418 Ge-

323 2458 427 2520 lenius
450 2458 564 2538 habet,
589 2459 649 2522 niti
671 2458 801 2522 videtur
823 2461 953 2541 antiqua
976 2458 1051 2523 lide.
1097 2471 1185 2527 certe
1207 2461 1241 2525 in
1259 2461 1407 2526 Vaticano
1427 2458 1502 2522 libro

323 2561 402 2628 haec
432 2562 597 2642 leguntur,
634 2569 661 2624 et
684 2568 755 2643 post
785 2561 858 2624 loeo
889 2571 1146 2644 praetermeantes
1174 2566 1293 2629 monuo
1320 2565 1390 2646 ipsa
1415 2579 1501 2624 nasus

323 2673 445 2728 nostras
460 2663 684 2728 uaserecundia
698 2665 793 2748 quiete
808 2665 983 2746 spectabant
1003 2666 1164 2743 immobilis.
1204 2684 1282 2747 quoe
1301 2667 1427 2730 transila
1440 2683 1499 2730 nm

205 2787 208 2790 ·
323 2767 365 2828 aa
397 2768 611 2831 monimentum
644 2766 731 2830 aliud
764 2767 964 2832 aalaiacbalc
995 2771 1115 2832 nomine
1146 2771 1346 2846 cenassemus.
1402 2769 1500 2848 itaque

322 2871 514 2950 recipiemus
544 2878 675 2950 propter
703 2869 823 2949 codicis,
847 2873 1065 2952 auctoritatem
1088 2873 1207 2936 naenia
1228 2871 1297 2952 ipso
1326 2881 1358 2934 et
1378 2869 1500 2934 Achaio-

322 2972 425 3048 alala,
450 2971 508 3034 sed
530 2971 708 3036 scribemus
722 2991 817 3037 noves
832 2982 954 3038 nostros
970 2993 1138 3053 armornm
1158 2975 1254 3055 quiete
1269 2974 1440 3056 spectabant
1456 2975 1499 3036 irt-

321 3074 460 3151 mobiles,
486 3076 518 3139 in
542 3075 676 3162 reliquis
697 3084 803 3146 autem
826 3076 992 3142 Gelonium
1015 3096 1198 3158 sequemur.

407 3176 524 3256 Eodem
547 3176 630 3239 libro
652 3197 721 3245 mv
737 3179 754 3240 l
771 3180 813 3240 26
835 3178 1043 3245 scribendum
1066 3199 1136 3249 esse
1158 3197 1223 3245 nats
1244 3197 1355 3247 cruos
1376 3194 1495 3250 naues,

320 3300 384 3342 non
400 3280 498 3361 tribus
517 3281 621 3344 aureas
637 3282 784 3358 nummis,
810 3280 893 3343 libro
915 3293 1021 3348 antem
1043 3301 1097 3358 aar
1114 3283 1132 3344 3
1152 3283 1190 3360 ili
1214 3301 1418 3362 mormnspra,
1441 3295 1497 3340 non

319 3385 417 3445 sciens
440 3383 534 3464 quod,
559 3377 633 3449 ante
655 3384 770 3448 maritos
784 3402 884 3463 annos
904 3383 1045 3448 diximus
1066 3382 1128 3468 [cf.
1147 3382 1290 3468 lint),
1315 3403 1417 3466 neque
1435 3400 1496 3444 mu-

322 3495 425 3548 tamus
449 3487 651 3551 sententiam.

406 3587 499 3650 Libro
522 3608 576 3650 xxv
597 3591 613 3650 l
637 3587 677 3649 l'l
700 3589 839 3652 lulianus
862 3591 904 3652 ita
927 3589 1137 3671 describitur,
1163 3593 1391 3672 superstitiosus
1411 3586 1496 3668 mouit

319 3709 410 3773 quam
431 3710 594 3755 sacrorum
622 3692 772 3774 lepitimus
794 3691 988 3770 observator,
1020 3695 1198 3757 innumeras
1226 3695 1293 3756 sine
1318 3689 1497 3775 parsimonie

315 3793 445 3876 pecudes
468 3803 621 3872 ntentans,
646 3801 681 3856 at
702 3796 934 3872 aestimaretur,
960 3798 990 3860 si
1009 3797 1185 3862 revertisset
1204 3796 1241 3860 de
1259 3796 1395 3876 Partitis,
1417 3792 1495 3854 loen

319 3899 380 3960 rom
396 3895 570 3978 deserturos,
594 3898 697 3961 ilorci
710 3897 795 3959 illins
810 3899 918 3962 similes
936 3899 1096 3978 Caesaris,
1123 3901 1155 3961 in
1177 3917 1264 3981 quem
1287 3899 1320 3962 id
1342 3897 1495 3977 oeeemmt

317 4000 447 4077 arcam,
472 3999 503 4083 ol¹
524 3995 629 4078 bennoi,
648 3992 715 4086 βόες
739 3993 858 4085 Μάρκῳ
879 4001 922 4085 τῷ
945 3995 1090 4086 Καίσαρι.
1137 3993 1174 4065 ἂν
1197 3995 1234 4064 ad
1256 3993 1396 4086 νικήσῃς,
1416 3991 1495 4080 ἡμεῖς

318 4095 516 4185 ἀπωλόμεθα.
563 4103 609 4167 sie
631 4103 749 4169 Graeca
771 4102 901 4188 scripsit
922 4103 1091 4182 Gelenius,
1123 4105 1185 4166 nisi
1209 4102 1295 4185 quod
1318 4099 1420 4186 νικήσῃ
1441 4100 1494 4160 m-

317 4205 464 4268 silienses
486 4223 601 4285 operas
625 4203 797 4268 dederunt.
844 4204 982 4268 absurda
1005 4205 1101 4268 habet
1123 4204 1309 4286 Aceursius,
1343 4201 1380 4270 ot
1402 4193 1492 4266 leand

317 4302 384 4392 βόες
397 4303 517 4392 Μαρκῷ
531 4308 575 4392 τῷ
586 4301 721 4393 Καίσαρι
735 4302 788 4390 τὴν
801 4303 916 4390 vinnam
933 4303 974 4391 μὴ
990 4304 1243 4392 καταπωλόμεθα.
1274 4310 1436 4404 Vaticanus
1446 4321 1491 4364 oo-

317 4409 849 4489 dexhashabetGraeoaslitterns,
879 4407 929 4482 ΟΙ
964 4409 1158 4478 ΛΘΥΚΟΙ
1193 4407 1316 4474 ΒΟΘΟ
1347 4405 1490 4473 ΜΑΡΚω

314 4509 385 4574 'lid
415 4507 1056 4592 nntetnnttttnntttttcunttetc
1084 4509 1412 4584 ΑΠΨΛΟΜΕΘΑ.
1440 4509 1491 4569 Gt·
1582 4497 1583 4563 ἶ
