3184 5108
376 379 465 440 lnnsx
487 396 653 440 exertam
675 395 860 439 uisesmmu
881 376 974 438 test.
1196 363 1270 434 279

171 570 204 630 ln
231 567 343 632 eadem
371 567 507 649 epistula
534 564 566 652 (ξ
590 567 617 648 7)
652 565 730 630 haee
764 567 882 646 scripta
912 576 1004 646 sunt,
1042 585 1143 629 omues
1175 577 1313 648 prou-ts

96 674 221 754 occupati
246 689 363 734 sunum.
410 673 538 734 euntes
566 670 683 734 discere
708 670 785 732 uitia
813 668 977 732 dediscere.
1029 669 1083 734 sed
1104 688 1136 732 eo
1158 671 1274 732 maiore

97 777 187 838 mino
208 773 248 836 ad
269 773 505 838 emendationem
531 774 630 836 nostri
650 771 789 836 debemus
811 770 955 834 accedere
983 773 1061 853 quod
1087 773 1177 836 semel
1206 780 1274 836 tra-

95 877 145 940 diti
163 876 244 940 uobis
267 875 338 938 boni
354 882 503 958 perpetuo
522 876 756 956 possessioest:
779 893 840 936 uon
855 873 1021 936 dediscitur
1042 877 1154 940 uirtus.
1194 876 1274 938 Gro-

96 981 199 1044 novius
220 978 356 1042 verbum
377 977 563 1042 addendum
585 997 656 1040 esse
679 987 777 1055 ratus,
802 986 833 1039 et
857 977 928 1038 iure
951 975 1092 1058 quidem,
1124 981 1171 1042 sie
1193 981 1275 1042 seri-

94 1084 161 1164 psit,
189 1084 316 1146 oirmtes
338 1081 455 1146 discere
477 1089 520 1146 est
547 1081 624 1144 vitiu
652 1079 816 1144 dediscere.
863 1077 1124 1160 obtemperarunt
1149 1101 1272 1146 omues.

94 1205 149 1248 uon
171 1195 271 1248 reete:
306 1203 378 1248 nam
401 1192 542 1266 praestat
569 1184 612 1246 ita
641 1181 796 1260 scribere,
827 1182 955 1246 uirtutes
983 1183 1100 1248 discere
1124 1187 1200 1248 uitio
1221 1185 1275 1248 de-

95 1289 284 1350 duserensi.
331 1305 363 1350 eo
385 1289 501 1351 inaure
523 1297 656 1367 atquae
686 1293 850 1350 secuntur.
896 1285 950 1348 sed
971 1287 1057 1348 enim
1086 1288 1183 1351 multo
1207 1308 1276 1350 me-

95 1392 149 1454 lius
169 1391 271 1454 abest.
319 1390 359 1454 de
389 1409 451 1471 quo
479 1407 542 1453 non
569 1385 730 1450 dubitabit
759 1389 815 1468 qui
845 1385 973 1453 dicendi
1003 1408 1103 1469 genus
1132 1410 1194 1471 quo
1217 1393 1276 1454 Se·

94 1513 163 1556 neea
185 1496 288 1558 utitur
309 1491 531 1574 perdidicerit.

171 1599 205 1660 ln
235 1596 381 1678 proxima
410 1595 564 1676 epistula,
589 1595 624 1656 bi
655 1594 689 1654 ll
723 1591 800 1676 (tt),
833 1593 1156 1675 Schweighaeuserus
1185 1615 1277 1660 men-

94 1699 159 1762 dam
187 1711 273 1763 reete
302 1697 539 1762 animadvertit.
592 1697 712 1777 legitur
736 1696 854 1760 Literni
880 1696 1033 1762 honestius
1056 1699 1156 1780 Scipio
1186 1718 1277 1781 ptum

94 1805 173 1866 boiis
193 1801 365 1866 metatus:
394 1803 491 1864 ruine
517 1803 582 1864 eius
610 1819 671 1862 uon
700 1806 745 1862 est
772 1807 833 1862 tum
855 1800 985 1864 aniliter
1006 1802 1202 1864 conlocmdu.
1250 1806 1277 1866 si

95 1905 211 1970 abesset
234 1908 311 1984 eius,
339 1914 425 1968 reete
448 1903 610 1968 diceretur
632 1909 694 1966 est:
726 1921 812 1966 uuna
831 1900 970 1966 absurda
985 1914 1035 1967 est
1049 1907 1158 1968 oratio.
1198 1924 1278 1986 qua-

95 2021 218 2091 propter
233 2008 558 2088 Schweighaeuserus
580 2013 647 2069 erut
668 2024 703 2068 se
726 2014 911 2086 expectasse
930 2005 1019 2068 dicit.
1066 2010 1176 2072 scitius
1197 2011 1279 2072 scri-

95 2111 175 2174 bitur
196 2114 293 2174 ruina
314 2129 342 2174 m
365 2129 428 2172 vtes
451 2129 512 2172 non
534 2116 579 2170 est
601 2115 663 2172 turn
685 2107 816 2170 molliter
837 2109 1033 2172 conlocanda.

172 2213 317 2296 Epistula
339 2213 379 2274 53
402 2213 440 2273 l0
465 2213 545 2274 haec
566 2220 685 2291 narrat,
716 2207 898 2274 Aleaeunder
920 2213 1040 2276 cuidam
1062 2215 1179 2278 er'oiteti
1198 2235 1279 2297 por-

95 2324 146 2378 tem
174 2335 322 2399 aprorum
349 2323 378 2378 ct
405 2289 564 2378 dimidium
592 2333 698 2376 rerum
724 2315 857 2376 omnium
883 2316 1071 2396 promittenti
1101 2318 1155 2379 ‘eo’
1184 2319 1281 2400 iuquit

99 2421 253 2501 ‘proposito
276 2419 308 2480 in
331 2415 437 2480 Asiam
458 2419 531 2480 veni
549 2423 585 2480 ut
605 2435 665 2480 nou
688 2416 720 2478 id
741 2418 908 2498 acciperem
930 2418 1009 2498 quod
1030 2419 1198 2500 dedissetis,
1227 2422 1280 2485 sed

95 2528 124 2582 ut
145 2521 175 2584 id
197 2520 347 2584 baberetis
375 2520 453 2602 quod
482 2518 694 2601 reliquissem)
737 2519 815 2582 idem
845 2519 1036 2602 pbilosopbiu
1064 2521 1155 2586 rebus
1184 2527 1281 2588 omni-

96 2623 157 2699 bus,
191 2629 262 2686 ‘noo
291 2640 358 2685 sum
388 2621 441 2685 boc
464 2629 579 2704 tempus
601 2630 766 2703 accepturu
787 2622 866 2703 quod
893 2622 976 2685 uobis
998 2625 1195 2706 superfuerit,
1227 2627 1281 2690 sed

97 2727 124 2788 id
145 2746 197 2792 vos
218 2725 363 2790 babebitis
385 2725 463 2806 prod
486 2727 554 2807 ipso
576 2723 725 2809 eroparo.¹
769 2725 927 2788 intellexit
950 2727 1080 2790 llaasius
1102 2728 1193 2792 rebus
1215 2749 1280 2792 om-

95 2829 178 2894 uibus
203 2830 295 2894 nihili
318 2847 406 2892 esse:
440 2827 498 2890 sed
520 2827 606 2910 quod
634 2828 726 2891 rebus
749 2826 923 2892 delendum
946 2845 1016 2890 esse
1045 2832 1185 2910 censuit,
1216 2852 1280 2895 non

96 2932 301 2996 adsentimus.
352 2929 560 2995 scribendum
588 2933 674 2996 euim
709 2929 802 2993 nobis
830 2929 958 2994 videtur
987 2931 1065 2994 idem
1090 2932 1282 3017 pbilosopbia

98 3055 190 3098 meu
227 3034 375 3098 omnibus.
437 3032 572 3098 eandem
609 3032 752 3098 eiusdem
781 3031 926 3096 vocabuli
961 3034 1214 3098 emendationem
1248 3039 1282 3100 in

98 3139 302 3202 consolatione
332 3135 451 3218 Polybii
479 3138 662 3200 allentleio
690 3136 802 3200 metam
831 3154 927 3216 supra
954 3139 1154 3217 protulimus.
1206 3159 1283 3204 con-

99 3241 230 3304 similem
264 3239 454 3304 adhibemus
483 3241 625 3304 Senecae
659 3241 760 3320 patris
795 3241 1030 3302 controversiis.
1081 3241 1162 3304 libro
1185 3245 1281 3306 136

99 3345 248 3426 seriptum
270 3361 375 3424 nuper
392 3353 441 3406 est
462 3341 540 3423 prod
561 3342 603 3406 ud
624 3360 731 3404 rerum
752 3343 969 3423 expositionem
987 3345 1129 3424 pertinet,
1156 3346 1280 3426 iudices,

99 3465 154 3508 nm
181 3448 362 3510 oomntiuem
390 3453 425 3507 ut
452 3435 596 3508 ultionem
623 3445 749 3508 deorum
777 3445 993 3508 immortalium
1021 3465 1186 3511 moremur.
1233 3451 1284 3512 in-

100 3557 176 3612 usto
202 3567 283 3612 socco
310 3549 472 3612 deiciatur.
525 3547 587 3631 lupe
616 3548 762 3612 damnato
791 3553 854 3610 est:
884 3547 999 3612 bebetis
1028 3550 1183 3615 iudicium.
1230 3552 1284 3616 de-

102 3653 172 3714 iecto
197 3660 261 3716 est:
298 3650 413 3714 bebetis
442 3651 626 3732 eoecmplum.
679 3649 737 3714 sed
765 3668 919 3714 moremur
941 3651 1034 3714 valde
1063 3654 1207 3735 ineptum
1236 3666 1285 3719 est

102 3765 263 3836 postquam
292 3753 380 3816 idem
401 3752 484 3816 dixit
510 3771 572 3816 uon
598 3753 788 3830 commitem,
821 3763 853 3816 et
873 3756 1008 3820 rectiore
1038 3755 1155 3818 iudicio
1183 3776 1285 3820 morer

103 3857 171 3918 olim
192 3859 403 3938 seripserunt.
446 3875 518 3918 eum
541 3864 646 3920 autem
661 3864 753 3920 vetus
776 3858 934 3938 scriptura
955 3858 1033 3920 haee
1055 3859 1106 3940 sit,
1132 3859 1281 3944 morebus,

103 3960 185 4022 nullo
206 3960 332 4040 negotio
347 3977 461 4024 vertum
476 3957 695 4039 obsequimur,
719 3979 781 4022 uon
795 3961 975 4024 committam
995 3970 1030 4024 ut
1049 3961 1193 4024 ultionem
1214 3961 1286 4026 deo-

105 4079 169 4124 rum
190 4062 407 4127 immortalium
428 4081 526 4126 nosen
547 4079 657 4124 musis.

184 4165 219 4228 ln
243 4165 378 4246 epistula
402 4162 443 4225 bl
472 4165 640 4228 stoicorum
668 4165 787 4227 mentio
810 4165 844 4228 fit
866 4165 923 4246 qui
945 4167 1127 4231 existiment
1149 4169 1286 4234 animun

108 4265 236 4330 bominis
259 4286 371 4348 magno
400 4265 543 4349 pondere
567 4267 675 4329 extriti
697 4285 887 4348 permanere
915 4287 977 4330 non
1005 4289 1098 4350 posse
1125 4283 1158 4335 et
1179 4276 1287 4336 stetim

109 4371 209 4452 spargi
238 4371 313 4451 quia
342 4389 405 4434 nou
435 4368 532 4434 fuerit
560 4369 606 4432 illi
637 4370 741 4432 exitus
769 4369 864 4432 liber.
913 4391 966 4434 eos
995 4373 1113 4438 Seneca
1147 4377 1288 4456 primum

110 4471 147 4532 ita
169 4472 332 4554 redarguit
354 4483 389 4536 ut
410 4470 495 4536 disat
516 4473 631 4554 animo,
661 4481 770 4554 utpote
793 4473 847 4553 qui
871 4476 999 4538 tenuior
1019 4475 1114 4540 etiam
1137 4478 1210 4558 igne
1233 4479 1285 4557 sit,
