3204 5104
383 423 473 483 tirou
494 440 661 486 tscrrosvn
684 441 862 486 insrtvxnvn
887 422 981 482 4868.
1200 406 1274 480 373

99 619 141 671 est
161 611 367 691 sequiturque
391 611 424 672 in
440 611 547 674 codice
562 613 726 689 Vaticano,
751 612 792 675 de
815 630 877 692 quo
900 621 1008 690 postea
1023 609 1183 692 dicemus,
1208 623 1275 676 octo

98 711 157 775 lere
178 712 370 795 syllabarum
392 715 546 795 spatium,
575 715 616 778 ad
640 717 692 778 illa
715 715 813 796 igitur
836 713 932 776 verba
956 715 1112 776 ilenricus
1133 715 1276 779 Valesius

96 815 256 898 adscripsit
288 816 346 878 ‘ad
375 835 461 880 oram
489 827 593 881 autem
623 819 712 898 liegii
742 817 859 880 codicis
887 817 1034 879 adnotata
1063 828 1137 879 sunt
1163 818 1274 881 eadem

96 937 183 981 manu
198 919 277 981 haee
292 919 407 1000 verba,
433 923 491 983 llic
512 923 556 983 eit
570 921 706 984 Bloedus
729 921 830 984 deesse
848 920 972 1002 solium,
998 929 1032 983 ut
1053 923 1086 982 rit
1103 922 1278 1002 exemplari

97 1029 200 1085 athalo
231 1023 339 1106 lepisse
366 1023 462 1086 etet!
510 1025 708 1106 intellegitur
741 1022 826 1087 haud
856 1023 954 1086 dubie
984 1023 1109 1085 Flavius
1135 1024 1275 1088 blondus

97 1125 323 1204 Fomliviensis,
355 1127 410 1207 qui
439 1137 581 1190 mortuus
610 1138 657 1190 est
685 1147 768 1190 anno
795 1146 938 1189 nortun.
991 1125 1110 1190 deinde
1133 1128 1275 1190 Valesius

96 1227 173 1290 aliud
202 1227 327 1291 addidit
357 1228 443 1310 quod
473 1230 506 1291 in
535 1232 679 1311 margine
702 1231 845 1293 Tolosani
867 1229 984 1292 codicis
1006 1229 1200 1310 adscriptum
1223 1231 1274 1292 in-

96 1341 229 1394 venerat.
278 1331 360 1398 idem
384 1332 575 1411 proferimus
595 1354 636 1396 ex
658 1334 765 1397 codice
788 1332 999 1396 bibliothecae
1015 1333 1152 1394 Venetae
1176 1334 1274 1396 saneti

95 1435 182 1498 llarci
205 1437 313 1496 Latino
336 1453 530 1498 cccxxxxrut.
576 1435 660 1498 liber
683 1447 731 1499 est
756 1439 958 1515 chartaceus,
990 1437 1128 1516 scriptus
1150 1436 1274 1498 saeculo

96 1537 198 1616 quinte
221 1537 361 1617 decimo,
388 1536 511 1618 luitque
534 1539 608 1600 olim
631 1541 843 1617 bessarionis,
871 1559 889 1601 a
912 1540 1002 1601 cuius
1024 1558 1120 1601 manu
1142 1539 1275 1600 adnota-

96 1639 187 1702 tiones
210 1639 295 1703 haud
318 1659 436 1722 paucae
459 1640 637 1722 adscriptae
660 1662 730 1704 esse
748 1653 918 1725 putantur,
943 1661 1077 1723 quarum
1093 1660 1155 1704 non
1174 1642 1274 1704 maius

95 1743 225 1822 pretium
254 1753 302 1805 est
330 1762 425 1824 quam
448 1745 625 1825 scripturae
648 1745 748 1826 ipsius
771 1744 904 1824 codicis,
935 1746 1056 1826 quippe
1078 1765 1150 1808 cum
1173 1746 1274 1806 inter-

94 1845 208 1924 polatus
234 1847 276 1908 sit
306 1846 520 1910 multifariam.
568 1848 601 1909 in
625 1867 662 1909 eo
685 1849 782 1929 igitur
804 1847 910 1910 codice
940 1849 1005 1910 loeo
1028 1848 1081 1910 illo
1104 1867 1199 1928 quem
1222 1848 1273 1911 di-

94 1949 191 2010 ximus
213 1949 291 2010 haeo
313 1947 472 2030 adscripta
494 1959 585 2030 sunt,
610 1952 668 2013 Hie
689 1951 772 2014 deest
791 1953 884 2014 unius
903 1951 973 2034 solii
993 1952 1149 2032 scripturn
1171 1969 1213 2013 ιω
1235 1953 1274 2014 iis

93 2068 164 2131 queo
192 2055 224 2114 io
253 2052 429 2133 ememplari
455 2061 569 2116 vetusto
595 2053 701 2136 lepisse
723 2056 855 2116 memini.
901 2062 930 2116 et
950 2061 995 2117 est
1012 2072 1092 2135 pars
1114 2055 1203 2117 multi
1219 2053 1273 2135 [α-

93 2155 193 2216 cieodc
220 2175 241 2216 a
269 2173 315 2216 me
343 2157 375 2217 in
405 2157 498 2218 italio
528 2157 611 2238 epted
641 2157 816 2220 Ocriculum
839 2159 951 2238 posito.
1002 2159 1039 2218 B.
1092 2155 1203 2219 eadem
1233 2177 1273 2220 ex

93 2257 235 2319 Tolosano
264 2257 345 2320 libro
368 2258 512 2322 Valesius
540 2260 687 2340 protulit,
720 2261 781 2321 nisi
812 2259 946 2340 quodB
974 2258 1055 2322 illud
1077 2259 1270 2340 nonhabet,

92 2378 149 2438 quo
177 2371 285 2424 utrum
308 2363 503 2424 bessarionis
531 2382 647 2424 nomen
676 2363 873 2443 significetur
902 2381 941 2424 an
965 2364 1070 2444 potius
1091 2363 1203 2426 Blondi
1227 2365 1272 2425 illi

92 2462 264 2526 diiudicent
285 2467 342 2545 qui
363 2466 531 2546 utriusque
554 2475 608 2528 aut
629 2466 760 2543 alterins
782 2468 886 2529 utrius
909 2485 1036 2528 manum
1060 2476 1191 2528 norunt:
1218 2485 1274 2530 nos

92 2568 172 2628 cuim
194 2587 236 2629 ne
258 2565 399 2630 codicem
421 2568 553 2649 quidem
576 2571 679 2650 ipsum
695 2567 879 2652 vidimus.*)
927 2579 1068 2632 ceterum
1088 2569 1273 2632 adsentien-

91 2668 164 2732 dum
192 2689 263 2733 esse
292 2669 420 2734 videtur
447 2672 570 2735 Valesio
599 2673 679 2734 nihil
709 2674 773 2734 illic
801 2661 965 2735 excidisse¹
994 2673 1117 2754 putanti
1145 2683 1298 2753 praetera

91 2771 151 2835 diei
181 2793 243 2854 quo
272 2773 474 2838 Constantius
503 2776 631 2836 llomam
665 2777 828 2856 ingressus
861 2786 910 2837 est
942 2777 1270 2854 conmemorationem,

90 2875 296 2957 supplendam
319 2877 405 2939 illam
428 2897 468 2939 ex
490 2879 588 2941 Fastis
611 2877 714 2940 ldatii.

172 2980 305 3060 Scriptis
327 2979 489 3044 codicibus
511 2980 594 3043 docti
617 2982 762 3044 homines
784 2982 839 3062 qui
862 2980 1020 3043 Ammiani
1042 2978 1141 3044 libros
1163 3000 1274 3043 emen-

89 3079 163 3144 dare
184 3079 378 3144 studuerunt
400 3085 450 3145 usi
473 3093 548 3147 sunt
569 3102 676 3165 neque
692 3085 800 3147 multis
822 3103 946 3165 neque,
971 3085 998 3146 si
1015 3083 1273 3146 Hersleldcnsem

90 3183 208 3247 Gelenii
243 3188 426 3266 exceperis,
464 3205 654 3268 magnopere
689 3189 772 3250 inter
806 3206 840 3249 sc
870 3186 1018 3250 diversis.
1076 3196 1107 3249 et
1136 3185 1273 3250 Sabinus

90 3288 214 3367 quidem
238 3307 331 3350 suum
354 3289 493 3352 codicem
516 3292 593 3352 satis
614 3289 783 3368 adcurate,
816 3299 851 3352 ut
880 3291 942 3352 illis
972 3289 1183 3370 temporibus,
1216 3309 1273 3351 ex-

89 3393 240 3469 pressisse
254 3391 394 3455 videtur.
443 3392 613 3472 Castellus,
639 3394 695 3474 qui
717 3412 799 3455 anno
815 3412 916 3454 nnxvu
931 3393 1141 3456 Bononiensia
1164 3412 1274 3455 exem-

88 3494 183 3573 plaria
206 3495 346 3576 paravit,
371 3514 448 3557 num
471 3496 589 3576 scripto
611 3494 693 3557 libro
712 3515 789 3559 usus
811 3496 852 3557 sit
867 3495 960 3558 valde
975 3495 1188 3559 dubitandum
1212 3505 1270 3575 est,

89 3596 162 3660 illud
185 3607 293 3660 autem
315 3598 432 3680 liquet,
459 3598 666 3680 interpolasse
689 3617 762 3660 eum
778 3597 888 3661 Sabini
905 3599 1069 3680 exemplar
1091 3599 1272 3662 incredibili

89 3701 264 3763 temeritate
296 3711 392 3783 atque
422 3702 556 3763 inscitia.
608 3699 777 3764 decursius
809 3701 896 3764 unde
926 3703 1101 3782 pleniorem
1132 3701 1271 3764 codicem

87 3805 242 3886 acceperit
263 3823 326 3866 nen
350 3804 437 3866 dicit.
484 3804 739 3886 lindenbrogius
760 3823 838 3867 usus
861 3815 911 3866 est
932 3803 1038 3866 codice
1061 3805 1271 3868 bibliothecae

87 3925 111 3966 s.
128 3909 222 3970 llarci
239 3907 456 3987 Florentinae,
481 3927 578 3990 quem
593 3927 655 3969 non
671 3907 764 3970 valde
780 3917 939 3970 vetustum
962 3907 1056 3987 dicit,
1082 3918 1149 3971 tum
1172 3927 1273 3970 mem-

88 4007 194 4073 branis
222 4029 358 4092 quarum
389 4009 564 4092 fragmenta
594 4021 718 4073 vetusta
745 4019 853 4072 narrat
881 4029 981 4093 penes
1004 4031 1037 4072 se
1060 4031 1149 4090 esse,
1179 4022 1272 4074 antea

89 4113 118 4173 in
140 4113 251 4176 Galliis
273 4111 389 4194 luisse,
415 4112 555 4196 denique
579 4115 737 4195 excerptis
760 4133 799 4176 ex
822 4113 929 4176 codice
952 4115 1007 4194 qui
1026 4114 1188 4175 Valentiae
1212 4113 1272 4176 Ca-

89 4233 194 4279 varum
219 4216 295 4278 luit:
322 4214 443 4278 eisdem
467 4218 627 4298 excerptis
649 4217 698 4279 usi
715 4225 788 4278 sunt
802 4216 930 4279 Valesii.
977 4216 1133 4279 Gruterus
1148 4214 1272 4279 cedices

88 4329 238 4382 memorat
259 4317 412 4383 Gallicum
434 4319 617 4381 Vaticanum
643 4319 900 4382 Fauchetianum.
953 4321 1108 4382 Henricus
1130 4320 1273 4382 Valesius

153 4541 175 4606 *l
197 4541 236 4612 [B
253 4545 320 4595 illud
337 4545 519 4596 bessariooem
536 4545 671 4609 statuisset.
694 4543 727 4606 cs.
751 4543 934 4596 Gardthausen
952 4543 1039 4597 llerm.
1065 4543 1097 4596 Vl
1112 4539 1190 4608 tte]
