3204 5104
351 332 424 406 330
643 352 730 412 lunnx
754 307 1120 414 nncrrouvnunsrrvterrr
1146 351 1240 410 ldbb.

350 535 502 599 relucebat
524 539 556 599 in
579 539 711 602 elucebat
732 550 887 602 mutatum
911 549 969 600 est.
1016 538 1073 601 sed
1101 540 1182 600 alius
1205 537 1315 599 mendi
1337 536 1477 599 admonet
1497 547 1521 596 et

350 641 458 714 erosit,
491 659 553 720 quo
583 644 628 704 sic
656 644 756 722 posito
779 644 877 704 oratio
900 661 962 703 non
985 641 1118 722 pulchre
1147 643 1369 718 continuatur,
1402 649 1432 702 et
1451 639 1521 699 liber

350 741 607 823 bambergensis,
637 746 775 825 optimus
804 745 870 806 lere
899 764 1006 806 eorum
1037 745 1091 824 qui
1119 745 1247 806 ultimos
1269 753 1393 823 septem
1416 741 1522 822 epistu-

350 846 449 907 larum
467 847 566 908 libros
581 849 758 926 continent,
785 849 817 908 in
840 866 902 928 quo
925 867 943 908 a
966 849 1067 928 prima
1084 866 1180 909 manu
1195 865 1257 907 non
1282 847 1362 929 ipuis
1385 847 1522 925 scriptum

350 957 414 1026 est,
447 949 504 1010 sed
534 951 658 1031 ipuium.
714 970 750 1011 eo
778 969 841 1012 non
871 963 957 1012 recte
988 971 1064 1013 usus
1087 961 1135 1012 est
1157 951 1300 1011 llaasius.
1349 949 1429 1009 nihil
1448 949 1521 1010 enim

349 1052 491 1130 apertius
526 1071 594 1114 esse
629 1063 731 1133 potest
764 1071 859 1133 quam
893 1055 936 1116 ita
965 1055 1120 1115 Senecam
1149 1053 1333 1132 scripsisse,
1371 1071 1453 1112 ιιετι
1484 1069 1521 1110 ns

348 1154 464 1237 ipuiuru
487 1154 575 1218 colles
601 1174 659 1236 per
687 1173 759 1236 qum
788 1156 921 1218 elucebat
942 1159 1033 1218 erosit
1056 1165 1084 1218 et
1105 1156 1256 1236 muudum
1279 1157 1442 1217 altissimos
1462 1173 1521 1215 ter-
1590 1231 1591 1234 Ἴ

349 1258 436 1332 tices,
461 1258 577 1319 solacia
591 1260 802 1342 uovipautium
817 1279 853 1320 oc
868 1259 1022 1339 speculo-s,
1048 1259 1089 1320 ud
1103 1258 1215 1320 bumr'le
1229 1257 1371 1320 deducit.
1417 1267 1522 1318 vastam
1590 1303 1591 1320 t

348 1361 413 1420 vim
437 1361 556 1422 Seneca
580 1362 674 1422 etiam
698 1362 730 1422 in
753 1362 800 1422 eis
822 1381 904 1442 quae
927 1381 999 1422 mox
1019 1361 1109 1422 addit
1125 1371 1359 1422 commemorat.
1405 1361 1458 1422 sed
1478 1360 1521 1419 illa
1590 1403 1591 1422 2

309 1476 477 1543 toquoque
505 1462 546 1524 ab
577 1463 712 1525 indoctis
741 1463 905 1544 doctisque
934 1462 1116 1526 hominibus
1145 1451 1289 1543 ρεεείιιιε1
1320 1463 1425 1524 habita
1445 1471 1518 1524 sunt.
1590 1535 1591 1560 χ

347 1564 515 1627 scribenda
537 1575 644 1626 autern
667 1577 741 1628 sunt
764 1567 822 1628 hoc
844 1565 952 1644 modo,
984 1568 1080 1646 ipsius
1108 1573 1241 1628 acturae
1263 1585 1358 1647 opero
1381 1573 1521 1628 emanue

347 1674 375 1728 et
397 1667 462 1729 ideo
483 1687 576 1750 aequo
592 1670 692 1730 aalma
711 1669 797 1750 serre
812 1669 952 1731 debemus
967 1670 1089 1731 urbium
1105 1670 1238 1732 eeccidio.
1286 1689 1412 1732 ειειιιιι
1425 1687 1517 1730 ειιιιιι

347 1789 447 1832 omues
469 1771 517 1832 bic
539 1774 643 1833 accitus
658 1779 775 1847 maaet,
800 1775 865 1834 siue
887 1775 1007 1834 intereo
1031 1775 1078 1834 ais
1100 1791 1206 1834 ιιιτιε
1225 1773 1393 1853 praeclusa
1414 1771 1522 1832 violenti

342 1873 464 1954 paudus
486 1873 542 1935 sub
564 1893 620 1956 quo
643 1892 772 1936 runerrn
793 1893 981 1952 axcvssnmr,
1013 1877 1077 1936 sive
1099 1877 1279 1937 torrentium
1302 1878 1334 1936 ia
1357 1875 1452 1936 obdito
1472 1892 1520 1932 eu-

346 1977 422 2037 stior
443 1976 594 2038 obstantia
616 1979 784 2060 effreperit,
810 1979 874 2040 siue
893 1977 1089 2058 flammarum
1105 1978 1248 2040 violentia
1262 1979 1454 2060 conpapiuem
1473 1975 1522 2036 soli

346 2081 479 2160 ruperit,
505 2081 569 2141 siue
591 2087 743 2156 uetustas,
769 2099 789 2140 a
811 2099 872 2162 pua
893 2079 970 2142 nibil
984 2086 1081 2142 tutum
1102 2087 1161 2156 est,
1186 2083 1411 2162 cmpupuooerit
1432 2081 1520 2140 uuae

345 2183 447 2256 tatius,
478 2183 542 2244 siae
569 2185 709 2265 prauitas
736 2184 814 2245 coeli
841 2183 960 2244 eiecerit
983 2184 1110 2264 populos
1133 2191 1161 2244 et
1182 2186 1259 2246 situs
1282 2183 1403 2245 desua
1423 2199 1520 2243 corru-

342 2286 433 2364 perit.
481 2284 556 2346 libri
572 2305 686 2348 cosura
701 2293 824 2362 eaetant,
848 2284 935 2347 unde
957 2286 1087 2348 luerunt
1103 2287 1158 2365 qui
1174 2305 1289 2348 casuro
1310 2288 1410 2347 omnio
1424 2288 1520 2344 eoetout

345 2395 464 2448 temere
493 2387 689 2450 scriberent:
720 2387 777 2450 sed
806 2387 846 2450 de
875 2386 1011 2450 urbibus
1039 2407 1142 2450 sermo
1170 2399 1236 2466 est,
1269 2407 1399 2450 casurae
1424 2395 1518 2448 autem

344 2488 442 2551 urbes
458 2491 643 2552 concinnius
659 2491 810 2553 dicuntur
825 2501 909 2553 stare
928 2510 1024 2571 qnam
1039 2501 1158 2552 extare.
1199 2501 1266 2552 tum
1279 2491 1428 2570 flatusque
1449 2487 1518 2548 liber

344 2590 586 2671 Bambergensis
613 2603 645 2654 et
672 2594 744 2672 alii,
775 2594 828 2655 alii
855 2593 1007 2674 flatuque.-
1037 2593 1094 2654 sed
1122 2593 1254 2674 adparet
1281 2594 1340 2655 hoo
1370 2595 1409 2654 ita
1430 2591 1517 2652 corri-

344 2694 481 2775 gendum
517 2693 614 2757 luisse
647 2705 683 2758 ut
715 2715 789 2756 mox
821 2698 937 2757 vastior
971 2694 1102 2758 haberet
1136 2715 1198 2776 quo
1227 2707 1314 2758 recte
1345 2694 1514 2758 referretur.

344 2799 450 2878 itaque
480 2797 666 2879 corrigenda
696 2800 789 2859 etiam
818 2799 948 2861 luerunt
976 2817 1058 2879 quae
1087 2798 1162 2860 libri
1193 2797 1312 2861 habent
1340 2806 1472 2860 utentur
1491 2805 1515 2855 et

344 2903 546 2962 eaeoossertnt.
606 2901 724 2963 deinde
757 2900 831 2962 libri
865 2903 897 2964 iu
930 2920 1008 2981 qua:
1044 2901 1102 2962 sed
1131 2912 1218 2963 recte
1245 2903 1394 2963 Erasmus
1422 2920 1441 2960 a
1466 2917 1515 2979 quo

343 3004 481 3083 scripsit,
507 3022 696 3083 quamquam
720 3003 810 3082 illud,
836 3013 871 3065 ut
892 3004 971 3064 aliae
988 3003 1109 3065 dudum
1127 3013 1264 3067 remotae
1282 3004 1402 3082 sordes,
1426 3019 1516 3081 nuper

344 3105 510 3168 reductum
549 3117 607 3167 εει.
665 3125 727 3167 non
760 3126 839 3187 opus
872 3117 920 3167 est
954 3108 1053 3168 iustae
1088 3117 1119 3168 et
1151 3109 1349 3168 necessariae
1383 3103 1515 3166 orationis

344 3211 508 3287 exemplo:
535 3208 667 3289 praebet
690 3218 794 3270 tamen
818 3210 887 3288 ipse
911 3211 1031 3270 Seneca
1047 3209 1242 3272 Naturalium
1267 3210 1480 3290 quaestionum
1493 3223 1515 3264 ιι

345 3318 382 3378 lb
401 3319 431 3396 S,
457 3317 559 3377 omnia
573 3318 719 3374 uetustate
741 3310 888 3372 labuntur
909 3330 963 3373 uec
985 3314 1142 3393 quicquam
1165 3319 1260 3374 tutum
1277 3333 1298 3373 a
1313 3319 1455 3374 senectute
1468 3317 1511 3370 est.

343 3429 500 3499 postremo
532 3416 696 3478 verissime
726 3415 865 3476 Muretus
899 3416 1035 3476 eiecerit:
1069 3415 1315 3495 Bambergensis
1345 3415 1426 3476 liber
1454 3429 1512 3473 cum

342 3521 412 3583 aliis
440 3522 592 3602 epesseril.
640 3528 781 3581 ceterum
804 3516 981 3596 persimiles
1004 3528 1078 3579 sunt
1105 3536 1219 3578 versus
1241 3517 1362 3579 Aetnae
1388 3519 1441 3577 tos
1463 3533 1510 3586 ss,

342 3623 460 3704 quibus
483 3623 614 3684 docetur
629 3630 747 3682 terram
770 3621 803 3680 in
826 3629 940 3681 tenues
955 3622 1023 3680 vias
1045 3620 1179 3682 laxatam
1199 3640 1268 3681 esse
1285 3639 1392 3700 neque
1406 3635 1512 3682 omnem

343 3729 376 3788 in
405 3736 509 3787 artum
539 3725 686 3804 stipatam
714 3723 816 3799 coire,
849 3726 913 3783 sive
939 3722 986 3782 illi
1012 3741 1109 3784 causo
1136 3729 1271 3784 uetustos
1300 3725 1362 3785 Nec
1389 3731 1455 3784 uota
1478 3723 1513 3777 etl

339 3829 452 3909 socies,
478 3827 531 3888 sed
553 3825 629 3887 liber
651 3826 778 3905 spiritus
799 3826 885 3886 ultro
907 3825 1062 3906 Effupieas
1085 3827 1207 3887 molitur
1231 3828 1304 3898 iter,
1335 3845 1389 3888 seu
1410 3819 1511 3905 lympha

340 3932 470 4012 pereuni
492 3929 561 3990 Edit
589 3928 712 3989 bamam
742 3929 815 3990 lima
841 3926 1009 4008 furtimque
1035 3927 1187 3989 obstantia
1216 3929 1329 4004 mollit,
1360 3925 1419 3990 Aut
1436 3927 1509 3986 etum

343 4035 453 4095 iuclusi
481 4031 610 4094 solidum
639 4031 738 4090 vicere
768 4047 897 4109 vapores
920 4027 1014 4109 Atque
1044 4031 1109 4111 lpui
1128 4033 1266 4109 quaesita
1296 4033 1349 4092 ura
1376 4038 1430 4102 est,
1458 4028 1510 4087 sire

342 4137 443 4196 omnia
472 4135 561 4196 certis
586 4135 763 4215 Pupoaoere
790 4133 873 4192 loces.
920 4143 955 4193 ut
983 4141 1089 4192 autern
1111 4134 1252 4193 Senecae
1282 4133 1347 4195 illic
1372 4139 1454 4194 vasu
1474 4128 1509 4186 ιιι

343 4239 456 4320 epulum
479 4246 511 4298 et
535 4237 579 4297 uis
605 4237 719 4296 vastior
741 4237 920 4295 torrentium
943 4236 976 4296 iu
998 4233 1097 4295 abdito
1120 4236 1299 4297 saevientes
1326 4235 1440 4316 ingenti
1461 4233 1508 4291 im-

342 4349 417 4420 petu
434 4341 524 4418 ignes
540 4349 571 4400 ει
593 4356 694 4418 aquae
716 4336 868 4398 dicuntur
891 4339 933 4398 ita
955 4335 1030 4398 alibi
1047 4348 1166 4398 vastam
1185 4337 1247 4398 vim
1264 4340 1384 4400 vocavit
1406 4337 1506 4415 copiam

342 4444 523 4504 immanem.
570 4459 642 4502 nam
666 4441 859 4503 Naturalium
883 4458 916 4500 ιιι
942 4441 979 4500 ll
1004 4441 1021 4502 3
1047 4439 1255 4502 scribendum
1279 4423 1326 4502 ita
1344 4452 1405 4516 est,
1434 4441 1505 4500 ootttt
1588 4433 1589 4480 ἶ
