3186 5108
377 421 467 484 imi
488 437 655 484 υοτνοιινι
678 437 865 484 urmaumrn
883 419 976 484 tete.
1224 402 1273 476 95

92 610 177 674 deese
197 622 228 674 et
251 611 454 694 praeeepisso
477 620 512 674 ut
536 611 669 674 iuvenes
691 629 803 690 magna
827 611 1041 692 ingenuisque
1054 607 1151 689 digna
1173 606 1275 672 arde·
1326 622 1333 628 ·

91 724 157 776 rent
176 715 409 796 llereulemque
439 723 472 777 et
498 715 639 796 priorem
666 713 754 776 illum
783 723 816 776 et
838 731 872 776 se
894 715 1030 776 alteram
1059 713 1272 774 imitarentur.

89 816 125 879 ad
146 817 280 880 eandem
309 817 436 880 fabulae
458 827 583 899 partem
612 815 746 880 tortasse
765 816 926 898 {pertinuit
948 835 1061 880 versus
1084 834 1180 896 quem
1203 815 1288 879 δίο--

89 919 180 984 baem
200 941 241 984 ex
265 921 343 984 laiso
359 921 493 984 llereule
516 919 631 998 adfert,
657 913 816 1004 ἀστοργίαν
838 917 905 1005 ἔχει
926 913 984 984 τίν’
1009 913 1175 1004 δσιληρδα
1197 915 1272 1002 βίος,

89 1026 182 1104 potuit
203 1043 241 1087 eo
265 1025 392 1105 ntiqui
414 1022 578 1086 refelleret
600 1039 681 1102 quae
705 1023 757 1085 ille
782 1012 934 1088 iaetaret.¹

166 1128 216 1189 lll.
242 1129 359 1190 Sextus
375 1128 548 1208 empiricos
562 1126 815 1208 Pyrrhouearum
831 1125 1067 1209 hypotyposeon
1085 1125 1172 1188 1223
1197 1124 1299 1186 haeos

89 1229 185 1310 habet,
210 1225 227 1295 ‘o
250 1226 308 1316 γὰρ
329 1226 399 1316 περί
421 1225 487 1302 leia
511 1226 710 1312 δογματίζων,
734 1221 755 1316 ἢ
777 1227 945 1315 προκρίνων
967 1224 1133 1315 φαντασίαν
1153 1249 1273 1314 φαντα-

87 1331 146 1405 σίας
166 1325 245 1406 ἀλως
260 1329 339 1398 κατὰ
351 1331 448 1398 πίστιν
466 1325 488 1418 ἢ
503 1327 639 1398 ἀπιστίαν
661 1328 729 1422 περί
749 1355 827 1404 τινος
846 1337 906 1398 τῶν
923 1327 1056 1416 ἀδήλων,
1080 1335 1135 1398 τοῖν
1154 1332 1273 1416 δογμα-

87 1439 163 1500 sisoi
177 1434 292 1522 γίνεται
312 1439 524 1524 χαρακτῆρος,
556 1428 600 1507 ὡς
620 1435 708 1519 δηλοῖ
735 1431 786 1500 καί
807 1430 825 1500 ὃ
847 1432 948 1520 Thura
966 1430 1017 1500 δνά
1037 1438 1097 1498 τῶν
1119 1430 1187 1520 περί
1210 1433 1273 1498 Ξε-

86 1535 227 1626 νοφάνους
262 1534 344 1627 αὐτῷ
373 1539 556 1625 λεγομένων.
607 1538 639 1604 ἐν
667 1538 791 1611 πολλοῖς
818 1534 877 1625 γὰρ
914 1533 1007 1604 αὀτὸν
1033 1537 1193 1610 ἐποννίσας
1223 1533 1273 1601 τάν

86 1637 270 1729 Ξενοφάνην,
299 1638 341 1717 ὡς
370 1640 422 1708 καί
448 1638 518 1715 τοὺς
544 1640 665 1714 σίλλους
693 1636 776 1728 adreio
803 1637 979 1721 ἀναθεῖναι,
1016 1640 1155 1726 ἐποίησεν
1184 1636 1274 1705 αὐτὸν

86 1740 262 1832 ὀδυρόμενον
284 1744 337 1812 καί
352 1746 485 1836 λέγοντα
901 1730 903 1738 ’

209 1847 252 1923 ὡς
273 1847 326 1914 καί
347 1846 426 1936 ἀρῶν
449 1841 558 1937 ἀφσλον
579 1851 706 1916 πυκινοῦ
726 1843 797 1914 νόου
820 1843 1016 1935 ἀντιβολῆσαι

209 1948 505 2040 ἀρφοτιράβλιπτος·
539 1951 630 2042 δολίρ1
642 1939 680 2018 ’δ’
706 1946 771 2038 ὁδῷ
790 1947 981 2038 lineariter

208 2053 413 2144 πρεσβυγενὴς
434 2055 526 2122 ἰτέον
548 2051 600 2122 καί
621 2050 843 2142 ἀοενίλίρτστοςΙ
859 2050 978 2140 ἁπάσης

211 2155 424 2250 σνετποσάνρς.
458 2153 542 2246 ἀππρ
562 2156 621 2247 γὰρ
643 2155 716 2254 ἐμὸν
738 2153 808 2226 νόον
830 2155 996 2252 είρίσαιμι,

210 2264 253 2337 εἰς
276 2263 308 2327 ἓν
331 2259 422 2330 ταάτό
444 2267 556 2330 τεπᾶν
579 2258 736 2328 ἀνελύετο·
772 2249 831 2328 πάν
855 2257 882 2326 δ’
910 2249 1043 2328 ίάνάίοί

209 2362 307 2454 πάντρ
331 2361 531 2452 ἀνελκόμενον
553 2364 623 2451 μίαν
645 2366 688 2440 είς
711 2352 800 2453 φύσιν
822 2361 921 2432 ‘iarah'
948 2361 1068 2451 δροίην.

86 2470 221 2534 dubitari
237 2473 293 2533 rix
316 2491 408 2552 posse
424 2470 555 2534 videtur
568 2472 646 2552 quin
670 2472 750 2534 haeo
765 2489 805 2534 ex
820 2489 857 2534 ea
879 2471 1024 2532 sillorum
1044 2479 1133 2552 parte
1149 2479 1273 2550 sumpta

86 2576 146 2636 sint
174 2576 208 2637 in
231 2594 293 2656 qua
323 2585 416 2656 parte
441 2584 567 2656 ροοίοιο
591 2575 759 2638 Phliasium
789 2570 907 2646 νεκυίας
930 2574 1114 2637 Homericae
1143 2573 1274 2635 sormam

86 2679 278 2760 expressisse
309 2677 486 2740 hlainelrius
515 2678 647 2758 pulchre
677 2678 910 2742 demonstravit
938 2676 970 2738 in
997 2676 1275 2758 disquisitionibus

85 2781 278 2863 philologieis
314 2783 347 2844 iu
376 2780 530 2844 Athenaei
567 2779 854 2867 deipnosophistas.
908 2779 965 2844 sed
994 2799 1077 2861 quae
1115 2782 1146 2842 in
1180 2783 1275 2842 tertio

86 2904 179 2948 versu
209 2885 369 2966 leguntur,
402 2903 438 2947 ea
467 2884 608 2965 intellegi
638 2903 700 2958 non
730 2895 874 2966 possunt.
921 2903 994 2946 uam
1022 2881 1113 2950 trior
1143 2883 1274 2964 quidem

87 2987 254 3050 immanuel
283 2989 450 3052 Bekkerus
479 2997 565 3053 oerta
596 2987 818 3050 emendatione
856 2987 1012 3065 restituit,
1043 3005 1114 3050 eum
1146 2983 1188 3050 ἔτ’
1215 2981 1274 3050 loia

85 3102 176 3153 antea
198 3093 352 3173 seriptum
368 3102 454 3154 esset
475 3091 686 3172 ineptissime,
711 3107 825 3154 verum
847 3083 1064 3176 ἀτενδίρριστος
1085 3077 1274 3152 voeabulum

86 3205 131 3256 est
155 3192 252 3258 torma
282 3195 483 3274 insolentius,
514 3194 744 3274 significatione
766 3180 934 3256 absonum.
980 3193 1066 3274 quod
1087 3193 1274 3258 voeabmum

86 3297 200 3376 quibus
228 3298 393 3362 conatibus
424 3298 568 3360 homines
596 3297 681 3359 dooti
710 3296 882 3370 emendare
912 3295 1095 3360 studuerint
1124 3315 1274 3360 enarrare

87 3419 146 3462 non
168 3420 247 3483 opus
270 3412 330 3482 est,
361 3421 433 3464 eum
462 3419 527 3464 una
558 3401 662 3471 littera
692 3410 810 3476 mutata
840 3399 873 3462 id
903 3399 989 3480 quod
1012 3402 1120 3464 Timon
1151 3399 1276 3462 dixerat

88 3505 280 3585 reciperasse
304 3503 397 3566 nobis
418 3503 598 3568 videamur.
642 3502 815 3570 scribimus
836 3505 923 3566 enim

209 3601 415 3696 πρεσβυγενὴς
436 3605 528 3672 ἐτέων
550 3603 602 3672 καί
624 3600 843 3692 ἀρενίλήριστος
864 3600 1000 3693 ἀπάσης.

211 3706 424 3797 σκεπτοσάνης.

88 3813 268 3884 vocabulum
300 3817 358 3880 hoe
379 3805 598 3900 ἀρενδήριστος
619 3815 679 3877 etei
706 3813 794 3878 nullo
817 3815 963 3896 exemplo
986 3813 1172 3878 oouhnnare
1200 3833 1275 3895 pos-

87 3935 201 4000 sumus,
233 3917 327 3981 verbi
349 3901 457 3982 tamen
484 3935 609 3999 exque
632 3927 718 3980 reete
741 3915 858 3981 laetum
883 3927 932 3980 est
956 3919 1140 3980 memoriam
1168 3936 1275 3996 gram-

89 4021 187 4083 matioi
218 4031 461 4086 conservarunt.
507 4021 682 4104 llesyohius
709 4017 900 4106 ρτνδηρίσω,
925 4011 1092 4106 φροντίσω,
1125 4019 1274 4101 idemque

88 4133 119 4183 et
142 4124 265 4189 Photius
288 4123 454 4211 μενδηριῶ,
479 4116 665 4210 ρεριρνήσω,
691 4117 831 4200 διατάξω.
878 4115 1021 4188 ceterum
1037 4123 1202 4205 depravati
1219 4144 1275 4186 νο-

89 4225 187 4289 cabuli
223 4227 481 4303 emendationem
514 4228 632 4292 trustra
668 4247 725 4290 nos
754 4229 964 4312 quaesituros,
986 4226 1085 4290 luisse
1113 4238 1271 4309 putanms,

91 4329 150 4389 uisi
171 4341 348 4413 opportune
369 4331 625 4396 meminissemus
643 4331 790 4394 versiculi
815 4331 963 4412 Panyasis
985 4349 1081 4411 qoem
1098 4333 1275 4393 lleiuelrius

91 4433 122 4492 in
152 4434 300 4497 analectis
322 4433 548 4504 Alexandrinis
576 4451 608 4516 p.
633 4435 695 4496 365
720 4432 846 4496 duabus
875 4432 1006 4496 vocibus
1036 4430 1089 4516 μὲν
1114 4428 1274 4518 hippalo

91 4551 182 4598 υοοον
203 4533 355 4624 ρενθήρης
377 4539 554 4602 oouiuuotis
576 4538 692 4599 eximie
717 4525 866 4600 restituit.
