3268 5108
595 378 683 440 luoax
706 397 871 440 enarrans!
894 396 1073 439 sesrrrnuru
1098 375 1191 435 l855.

427 575 509 649 tepus
532 567 606 630 adeo
629 569 741 630 emimie
763 567 859 630 taedis
879 565 1019 649 felicibus
1043 573 1129 628 aucte

430 669 600 734 Thessaliae
622 673 757 735 columen
782 671 880 750 Peleu,
906 672 958 734 cui
978 671 1115 752 lrtppitsr
1139 671 1212 752 ipse,

426 776 489 856 ipse
511 793 583 837 suos
604 775 709 838 diuum
729 776 847 858 paritor
869 775 1014 837 concessit
1035 791 1165 836 amores.

296 877 374 939 bona
397 879 449 940 illa
472 886 570 942 mater
598 879 740 959 intellegi
763 879 892 958 nequit,
925 895 987 941 non
1015 878 1120 940 minus
1142 887 1248 940 autem
1271 878 1423 939 vitiosum
1447 887 1495 938 cst

296 980 380 1062 quod
406 983 438 1042 in
461 983 670 1046 Laurentiano
701 981 809 1044 codice
831 983 985 1062 scriptum
1009 991 1058 1042 est
1086 987 1199 1058 matre,
1232 979 1289 1042 scd
1315 989 1350 1044 ut
1373 1001 1392 1042 a
1417 999 1495 1041 vero

296 1086 427 1166 propius
456 1085 550 1148 absit.
598 1087 718 1150 etenim
748 1087 780 1148 in
810 1085 937 1148 scholiis
959 1083 1197 1146 Veronensibus
1226 1082 1267 1145 ad
1291 1082 1495 1146 Aeneidosr

297 1190 336 1248 80
362 1190 440 1251 haec
461 1189 621 1271 adscripto
644 1198 735 1268 sunt,
770 1190 908 1252 Catullus
932 1189 1052 1251 Salacia
1074 1187 1162 1250 deum
1187 1207 1262 1270 paors
1284 1209 1300 1248 a
1322 1187 1403 1248 bosea
1427 1206 1495 1248 ma-

297 1300 378 1353 trum
404 1294 564 1376 progenies
593 1294 707 1356 salutate
733 1295 791 1356 iter
811 1315 873 1354 -:
904 1311 986 1374 quae
1017 1290 1237 1372 sequebantur
1264 1309 1326 1353 non
1358 1301 1495 1372 possunt

256 1394 391 1457 tohadie
415 1397 487 1476 legi.
529 1385 612 1458 useel
637 1397 733 1477 igitur
748 1396 846 1459 verba
870 1414 941 1459 eum
957 1395 1176 1458 Lachmannus
1198 1395 1238 1457 ad
1263 1394 1339 1457 illud
1363 1414 1497 1456 caraman

299 1499 426 1577 Catulli,
461 1497 494 1562 id
525 1509 573 1562 est
601 1500 641 1562 ad
670 1499 767 1562 finem
796 1501 931 1580 paginae
954 1517 1052 1562 xxrxn
1074 1499 1239 1580 pertinere
1269 1499 1495 1578 significasset,

297 1601 490 1683 MadvigiuS,
516 1613 551 1666 ut
571 1604 668 1686 paulis
692 1623 749 1685 pro
772 1622 892 1684 genero
916 1602 1018 1665 dietae
1042 1602 1224 1684 exemplum
1248 1611 1378 1683 praetor
1402 1603 1497 1664 Cice·

298 1706 463 1769 ronianum
479 1717 510 1768 et
526 1707 740 1788 Vergilianum
759 1705 955 1782 estenderet,
982 1706 1138 1770 Catullum
1154 1707 1199 1768 sic
1215 1706 1379 1787 scripsisse
1398 1705 1495 1783 dixis,

424 1809 540 1886 heroes,
565 1812 690 1890 salvete,
715 1810 804 1874 deum
825 1828 910 1892 pens,
936 1831 953 1871 o
975 1809 1054 1872 baua
1075 1817 1209 1872 matrum

422 1915 582 1995 progenies
605 1914 718 1977 salvete
741 1914 872 1976 iterum!
895 1931 947 1976 vos
969 1911 1152 1994 compellabo,

296 2035 358 2096 quo
377 2013 457 2078 laeto
479 2034 607 2079 carmen
631 2019 746 2080 misere
770 2015 948 2080 conciditur
970 2015 1186 2097 splendorque
1210 2017 1279 2078 eius
1301 2018 1498 2080 comminui-

296 2129 358 2182 tur.
407 2138 512 2200 nequa
536 2129 684 2203 putamus
707 2121 880 2200 Vergilium
902 2139 995 2183 suum
1020 2118 1098 2182 illud
1121 2119 1281 2202 vigilasne,
1307 2119 1398 2180 dcrrm
1420 2139 1500 2203 pens

296 2219 398 2284 Aeaea
425 2221 513 2302 (Aen.
538 2243 556 2285 x
579 2223 652 2307 228)
679 2245 697 2286 a
721 2224 841 2287 Catullo
864 2225 1055 2305 sumpsisse,
1088 2242 1159 2285 cum
1182 2222 1280 2286 multo
1302 2223 1434 2285 suavior
1458 2225 1501 2286 sit

297 2327 410 2389 Catulli
426 2345 550 2404 versus,
575 2331 602 2390 si
624 2345 730 2410 persus
756 2327 841 2408 quod
858 2330 1033 2390 carminum
1057 2328 1126 2390 eius
1149 2327 1341 2407 exemplaria
1358 2325 1497 2402 habent,

298 2431 483 2493 retinemus.
532 2440 711 2511 perstamus
732 2439 838 2494 autern
862 2431 894 2492 in
919 2450 955 2493 aa
986 2431 1145 2492 sententia
1169 2449 1250 2510 quae
1275 2432 1306 2492 iu
1331 2432 1499 2510 quaestio-

297 2532 393 2597 nibus
422 2534 607 2597 Catullianis
637 2535 760 2615 Lipsiae
790 2553 873 2596 anno
901 2553 1099 2596 nucccxxxru
1130 2532 1226 2596 editis
1258 2534 1366 2615 [sarua
1395 2553 1406 2594 r
1438 2537 1496 2616 39}

297 2636 455 2699 declarata
479 2647 511 2700 et
533 2639 711 2719 conparatis
733 2657 795 2699 non
825 2639 922 2700 nullis
946 2636 1092 2700 versibus
1121 2637 1218 2716 Ciris,
1253 2639 1351 2718 inepti
1375 2641 1499 2700 carnii-

297 2741 364 2818 nis‚
396 2739 452 2803 sed
482 2740 522 2804 ad
550 2739 783 2804 emendandam
807 2741 919 2804 Catulli
948 2742 1058 2822 poesin
1088 2757 1152 2803 non
1180 2741 1318 2820 inutilis,
1352 2741 1496 2804 stabilita

298 2853 356 2906 ast.
403 2845 436 2906 ni
461 2845 576 2907 mirum
601 2845 679 2908 haec
702 2846 920 2908 existimamus
944 2865 1014 2907 esse
1038 2843 1224 2922 Catulliana,

426 2969 442 3010 o
464 2949 555 3011 aimis
578 2956 676 3031 optato
698 2947 869 3010 saeclorum
891 2955 1022 3031 tempore
1044 2949 1113 3010 orati

424 3051 541 3129 lteram,
566 3053 690 3126 salveto,
716 3051 805 3113 deum
825 3069 931 3134 patus,
957 3072 973 3113 o
996 3049 1074 3113 bauo
1096 3059 1229 3112 montrum

422 3157 594 3238 progenies,
619 3156 732 3218 salvete
755 3156 864 3217 iterum
889 3199 1213 3216 ............

426 3277 478 3321 vos
501 3277 552 3342 epo
575 3277 664 3340 saepe
686 3278 749 3320 meo
771 3277 824 3322 aas
847 3260 982 3321 earmina
1004 3255 1187 3338 compellabo,

296 3360 457 3426 addidisse
479 3371 584 3425 autem
602 3362 757 3426 Catullum
773 3364 904 3424 tertium
918 3363 1042 3425 salvete.
1082 3379 1154 3422 narn
1171 3359 1257 3441 qnod
1273 3362 1299 3422 is
1315 3362 1370 3442 qui
1387 3380 1498 3442 nuper

298 3464 410 3528 Catulli
440 3466 580 3528 carmina
604 3468 763 3546 recognita
786 3486 803 3527 a
827 3484 879 3544 se,
912 3475 947 3528 ut
969 3466 1030 3544 ait,
1061 3463 1119 3526 sed
1149 3471 1235 3525 certe
1266 3483 1327 3524 nan
1352 3466 1492 3544 cognita,

296 3567 478 3650 sumptibus
511 3568 690 3649 Teubneri,
726 3569 916 3650 bibliopolae
952 3569 1140 3650 Lipsiensis,
1178 3565 1294 3646 edidit,
1333 3568 1493 3630 Cat-ullum

297 3672 463 3753 scripsisse
486 3673 618 3734 coniecit
642 3672 799 3754 adspirate
821 3673 957 3751 canenti,
985 3670 1017 3733 id
1040 3689 1103 3732 non
1127 3670 1270 3751 scripsit:
1297 3672 1382 3752 perit
1404 3673 1494 3734 anim

297 3774 355 3838 hoc
376 3773 529 3856 asyndeto
551 3776 700 3838 orationis
722 3774 938 3858 pulchritudo.
978 3774 1036 3838 sed
1059 3794 1131 3836 cum
1155 3774 1195 3836 ita
1213 3773 1353 3836 Catullus
1377 3775 1496 3838 heroas

296 3877 494 3959 adloquitur,
520 3897 572 3942 vos
595 3897 646 3961 epo
669 3897 758 3960 saepe
781 3897 844 3940 meo
866 3897 920 3940 aas
942 3879 1078 3940 carmine
1099 3877 1271 3960 compellabo
1299 3875 1381 3957 (narn
1405 3879 1495 3960 quad

297 3982 453 4063 Bargkius
471 3981 606 4044 alterum
622 3999 674 4044 vos
698 3983 730 4044 in
750 3990 819 4063 post
841 3981 1028 4045 mutandum
1052 4001 1121 4044 esse
1145 3981 1279 4060 censuit,
1305 3981 1418 4044 inutile
1442 3994 1497 4046 cst

297 4078 406 4165 neque*
419 4085 565 4148 tollemus
580 4094 746 4147 venustam
762 4087 958 4166 pronominis
974 4086 1006 4147 in
1022 4086 1175 4148 concitata
1191 4085 1332 4146 oratione
1348 4086 1496 4148 iteratio-

297 4189 402 4272 nem),
428 4188 558 4249 minime
581 4189 736 4269 prolixius
757 4208 887 4251 carmen
909 4189 1081 4270 significat,
1114 4207 1194 4270 quae
1217 4187 1360 4248 Merkelii
1384 4189 1495 4270 opinio

298 4289 373 4370 luit,
398 4309 512 4352 varum
535 4309 628 4374 saepe
652 4293 740 4373 paesi
764 4312 820 4355 sua
842 4293 954 4356 heroes
976 4312 1046 4354 sese
1069 4291 1304 4354 celebraturum
1328 4311 1398 4355 esse
1422 4293 1495 4373 pol-

297 4395 423 4457 licetur.
471 4393 545 4474 lacit
567 4394 625 4456 hoa
647 4397 791 4476 exemplo
817 4397 1047 4476 prooemiorum
1071 4396 1274 4473 Graecorum,
1299 4413 1382 4475 quaa
1405 4394 1493 4456 finiri

298 4497 366 4560 lere
395 4495 538 4560 solebant
567 4498 666 4560 altera
694 4507 765 4561 utra
793 4498 904 4562 horum
936 4517 1105 4579 versuum,
1139 4491 1233 4583 αὐτὰρ
1262 4491 1324 4582 spe
1353 4493 1405 4561 καὶ
1425 4497 1493 4562 σεῖο
