3186 5108
327 362 399 434 120
619 377 708 436 lunsx
730 395 895 439 ererronrn
917 396 1102 439 erassatur!
1124 376 1217 438 teto.

323 565 506 645 habeamus
533 567 684 648 legamus,
711 576 861 644 teramus,
887 566 987 630 veluti
1011 586 1073 630 non
1099 567 1142 628 illi
1166 569 1228 630 sint
1246 588 1326 650 quos
1348 571 1435 650 sequi
1454 581 1501 632 aut

295 669 438 730 similari
461 671 646 747 conveniat,
680 677 786 732 nostra
816 669 921 749 potius
950 656 1043 733 nulla'
1071 671 1200 733 omnino
1230 673 1262 734 in
1293 691 1328 736 re
1358 673 1501 735 cumillis

320 771 512 834 eonferenda
537 773 700 835 miramur.
747 781 779 835 ot
801 772 889 835 velut
916 771 1085 855 (siquidem
1108 775 1203 866 mibi,
1230 775 1389 856 Philippo,
1413 774 1452 838 de
1473 795 1499 838 re

320 885 406 937 tanta
430 875 536 938 dicere
559 874 645 957 apud
667 884 699 937 te
722 873 769 938 las
792 876 833 936 sit
855 884 910 938 aut
937 885 990 938 tua
1014 879 1151 957 gravitas
1174 877 1346 960 permittat)
1373 880 1500 942 insanire
1576 923 1577 940 ι

320 978 439 1057 lubeat,
464 997 527 1040 non
550 979 651 1041 solum
667 975 841 1042 nullus'est
856 978 1026 1042 scribendo
1041 979 1145 1061 pudor
1160 979 1265 1061 hodie,
1291 1001 1402 1046 verum
1418 983 1499 1046 etiam

321 1082 406 1144 nulle
432 1081 525 1164 plane
554 1081 652 1160 fides,
684 1083 791 1145 nullus
821 1101 927 1163 neque
956 1081 1139 1146 divinorum
1169 1104 1273 1166 nequa
1303 1086 1500 1150 humanorum
1576 1121 1577 1128 κ

322 1195 497 1265 respectus,
518 1194 685 1267 postquam
701 1186 797 1250 semel
815 1187 944 1248 inventa
959 1183 1242 1251 describendorum
1259 1189 1412 1252 librorum
1428 1209 1500 1252 eou-

320 1287 503 1370 pandiosior
526 1290 616 1366 retio,
644 1287 856 1370 laudantque
880 1287 1015 1352 nefanda
1039 1292 1144 1353 omnia
1167 1289 1295 1355 divinae
1316 1294 1395 1355 artis
1418 1294 1500 1355 mini-

319 1393 415 1453 sterio
439 1401 648 1472 peraguntur.
688 1393 767 1454 nihil
791 1401 856 1454 tam
872 1401 978 1471 tenue,
1004 1402 1069 1456 tam
1084 1394 1169 1473 leve,'
1192 1404 1254 1458 tam
1270 1394 1424 1476 deforme,
1448 1405 1498 1458 men

319 1494 462 1572 stultum,
487 1504 550 1557 tam
574 1494 759 1576 pestiferum
783 1494 924 1577 probatis
947 1495 1101 1575 moribus,
1127 1505 1191 1559 tam
1214 1497 1355 1580 denique
1378 1501 1499 1582 impium

229 1662 235 1674 ,
319 1597 405 1678 quod
427 1618 490 1660 non
514 1596 679 1661 elluudere
709 1609 741 1662 et
769 1601 802 1662 iu
825 1597 990 1680 publicum
1013 1598 1100 1662 orbis
1124 1603 1282 1666 theatrum
1305 1602 1499 1683 spectandum
1576 1679 1577 1694 χ

319 1701 474 1783 praebere
498 1702 616 1764 lubeat.
663 1701 720 1765 sed
751 1721 810 1784 nae
833 1721 892 1783 ego
921 1701 1011 1764 homo
1034 1705 1242 1767 vehementer
1272 1725 1342 1769 sum
1371 1707 1497 1788 ineptus,

318 1805 373 1885 qui
397 1804 438 1867 de
461 1804 577 1867 studiis
600 1814 631 1867 et
654 1804 796 1868 moribus
819 1806 914 1868 huius
942 1807 1115 1889 praecipue
1143 1809 1260 1871 saeouli
1282 1811 1383 1872 nostri
1406 1807 1499 1872 dioere
1576 1811 1577 1840 l

318 1917 350 1970 et
372 1918 435 1970 tam
458 1909 599 1989 graviter
620 1919 727 1972 eontra
751 1929 802 1971 me
830 1910 934 1990 ipsum
963 1919 1102 1973 statuere
1125 1929 1234 1993 pergo.
1281 1913 1360 1992 quin
1384 1923 1435 1992 tu,
1465 1911 1498 1974 mi
1576 1949 1577 1962 ι

318 2020 521 2093 praeceptor,
553 2031 635 2092 quae
658 2022 710 2075 tua
740 2013 891 2086 ioelioitas
914 2022 961 2076 est
989 2022 1021 2076 et
1043 2015 1209 2092 autoritas,
1241 2015 1319 2078 haee
1341 2013 1499 2098 aliquando

317 2134 374 2196 pro
397 2117 552 2195 sapientia
575 2124 629 2177 tue
652 2114 821 2196 castigabis
843 2124 875 2178 et
889 2114 1140 2196 splendidissimi
1157 2118 1295 2180 nominis
1310 2119 1358 2181 tui
1374 2118 1499 2182 umbone
1576 2187 1577 2198 2

318 2229 396 2282 totas
417 2217 628 2281 harbarorum
651 2218 825 2300 phalangas
849 2218 988 2300 repellis.
1027 2219 1110 2282 vale.
1150 2219 1390 2303 lleydelberssae
1411 2240 1438 2283 u
1458 2219 1496 2282 id.
1576 2205 1577 2262 ἶ

318 2321 411 2384 rrrbr.
436 2341 489 2384 an.
507 2341 538 2382 n.
557 2340 587 2382 n.
605 2321 718 2384 xxrn.’‘

283 2437 286 2442 ·
403 2425 490 2498 Quae
513 2443 625 2486 oeusae
655 2432 709 2486 aut
731 2424 911 2506 Grynaeum
941 2435 996 2489 eut
1017 2425 1209 2490 Frobenium
1236 2429 1451 2508 permoverint
1470 2436 1499 2488 ut

317 2529 373 2590 has
395 2527 516 2590 litteras
538 2528 778 2608 supprimerent
798 2547 861 2591 non
885 2529 985 2609 magis
1006 2531 1124 2593 seimus
1140 2549 1236 2610 quam
1251 2531 1306 2610 qni
1329 2530 1443 2594 laetum
1463 2530 1499 2591 sit

316 2641 352 2694 ut
375 2631 496 2693 inventi
519 2630 697 2712 aGrynaeo
712 2632 791 2692 Livii
814 2630 888 2693 libri
913 2641 983 2712 post
1001 2633 1131 2696 tertium
1147 2633 1276 2698 demum
1299 2654 1417 2698 anuum
1431 2631 1499 2698 ede·
1576 2611 1577 2680 ἶ

317 2744 446 2797 rentur:
483 2752 676 2814 quamquam
709 2736 865 2817 suspicari
899 2755 1070 2816 possumus
1098 2736 1290 2800 Frobeuium
1318 2735 1360 2799 ab
1393 2737 1498 2801 illustri
1576 2781 1577 2784 η

316 2838 438 2900 Eresmi
462 2838 589 2900 nomine
612 2837 694 2899 libro
716 2855 812 2918 quem
836 2839 967 2919 protulit
989 2840 1293 2903 commendationem
1314 2841 1499 2922 quaesivisse

316 2939 518 3021 Grynaeiqua
542 2940 726 3004 modestiam
749 2941 778 3004 ei
802 2941 931 3004 oonsilio
954 2961 1016 3004 nou
1040 2961 1109 3006 esse
1132 2943 1348 3020 adversatam
1375 2955 1407 3006 et
1428 2943 1499 3005 vixit
1576 3019 1577 3028 ἵ

316 3045 479 3126 Grynaeus
502 3061 572 3106 eum
589 3045 719 3106 Erasmo
743 3042 950 3106 familiariter.
982 3045 1156 3108 ‘Erasmum
1179 3057 1285 3111 autem
1308 3049 1385 3109 Livii
1408 3045 1498 3109 libros

314 3145 552 3210 adulescentulo
580 3146 680 3210 nobili
708 3165 803 3228 quam
834 3148 977 3230 Philippo
999 3149 1232 3214 llelauobthoni
1261 3150 1410 3216 dedicare
1438 3168 1498 3212 ma-

314 3250 413 3314 luisse
435 3269 499 3313 nou
523 3249 678 3331 estquod
702 3269 816 3331 magno
836 3270 933 3332 opere
956 3252 1121 3316 miremur.
