3204 5104
318 331 390 404 326
611 345 699 406 lsnsr
721 364 886 408 cscrrosvu
910 363 1089 406 srsrrvsarn
1107 345 1201 403 tscc.

315 534 426 597 bestiae
440 534 699 615 praetermissum
717 553 786 594 esse
802 545 876 594 ante
890 533 1063 614 pestiferae.
1098 532 1233 594 similem
1249 530 1499 594 emendationem

315 637 505 701 adhibemus
528 639 574 698 eis
597 655 678 716 quae
702 639 734 697 in
758 636 960 699 Naturalibus
983 634 1222 716 quaestionibus
1244 653 1255 695 1
1281 635 1319 696 ta
1345 635 1363 696 2
1390 634 1501 713 legun-

316 751 379 802 tur.
426 739 566 819 disputat
593 738 637 800 ibi
661 740 781 800 Seneca
810 738 850 800 de
880 739 1032 818 parheliis
1062 738 1203 818 dicitque
1232 747 1374 799 coactum
1398 754 1500 799 aerem

317 853 347 905 ct
374 843 541 922 limpidum
572 841 682 904 faciem
714 843 787 904 solis
816 844 977 922 accipere,
1008 841 1086 902 alias
1114 840 1218 903 nubes
1245 841 1391 921 accipere
1422 859 1498 917 eam,

316 946 372 1008 sed
402 965 553 1026 spargere
584 956 638 1008 aut
668 946 883 1006 transmittere
912 955 966 1006 aut
996 963 1059 1006 non
1082 943 1219 1007 reddere
1243 945 1269 1004 si
1292 953 1347 1004 aut
1370 941 1502 1004 mobiles

315 1049 380 1111 sint
401 1060 454 1111 aut
477 1067 566 1110 rarae
589 1059 643 1110 aut
666 1046 829 1109 sordidae:
856 1047 977 1109 nubiles
998 1049 1078 1109 enim
1100 1054 1251 1130 sporpuut
1272 1048 1377 1122 iiiam,
1411 1063 1502 1106 rarae

276 1153 282 1162 “
315 1154 465 1226 emittunt,
498 1151 640 1214 sordidae
671 1159 832 1232 turpesque
853 1170 914 1212 nou
936 1153 1086 1226 sentiunt,
1119 1152 1210 1212 sicuti
1237 1149 1321 1230 opud
1348 1167 1405 1210 aas
1430 1150 1501 1209 imo-

314 1256 414 1338 giuem
436 1273 559 1316 errares
582 1253 737 1316 maculosa
759 1273 819 1314 nou
841 1254 983 1315 reddunt.
1029 1255 1179 1316 omissum
1196 1263 1244 1314 cst
1266 1253 1298 1312 in
1321 1249 1418 1312 libris
1439 1269 1501 1332 spe·

315 1359 396 1434 culo,
415 1357 472 1420 scd
487 1375 618 1438 prorsus
634 1359 846 1418 necessarium
864 1366 927 1419 est:
953 1367 1106 1419 secuntur
1120 1367 1225 1418 autern
1240 1354 1372 1418 eaedem
1389 1355 1500 1434 partim

315 1462 449 1522 litterae.
498 1461 530 1520 in
557 1460 649 1520 Plinii
673 1460 799 1521 Caecilii
824 1461 1014 1541 Panegyrico
1043 1479 1112 1541 cap.
1138 1461 1178 1520 76
1207 1458 1378 1520 scribimus
1411 1459 1500 1518 iuter-

276 1567 437 1646 itropeoit
457 1565 582 1644 quisque
602 1561 681 1642 quod
699 1563 833 1644 placuit:
858 1552 966 1624 nrcvrr'
990 1563 1149 1626 dissentire
1171 1562 1324 1624 discedere
1346 1569 1374 1624 et
1390 1561 1501 1641 coptam

317 1666 422 1728 iudicii
450 1667 501 1727 sui
528 1667 575 1727 rei
592 1663 733 1746 publicae
751 1665 864 1747 facere.
914 1666 1127 1746 cuspinianus
1148 1675 1219 1747 post
1240 1664 1345 1746 fucere
1367 1664 1501 1726 inseruit

316 1776 411 1831 tuum
430 1768 508 1850 suit,
534 1767 574 1830 ad
597 1769 786 1830 sententiam
809 1767 910 1847 bene,
936 1768 993 1830 scd
1015 1779 1082 1830 arte
1098 1769 1201 1831 nulla:
1227 1767 1312 1848 quod
1335 1785 1394 1828 nos
1416 1765 1501 1828 adie-

316 1874 416 1934 cimus
438 1873 522 1935 ticuit
543 1870 736 1933 antecedens
758 1871 893 1933 verbum
915 1871 1149 1952 absumpserat.

401 1973 550 2036 llendum
579 1973 769 2054 adgnosces,
802 1976 828 2035 si
857 1974 1050 2052 attenderis,
1084 1975 1116 2036 in
1149 1975 1284 2055 epistula
1315 1974 1355 2034 45
1386 1976 1418 2050 9,
1447 1971 1499 2034 ubi

316 2078 393 2139 haee
414 2077 532 2157 scripta
555 2087 646 2156 suut,
679 2079 708 2138 si
728 2079 829 2159 utique
851 2080 899 2139 vis
922 2077 1084 2138 verborum
1111 2077 1320 2160 ombipuitutes
1348 2077 1497 2145 diducere,

314 2180 368 2242 troc
383 2199 436 2241 nos
452 2179 539 2256 doce,
565 2179 684 2242 beatum
706 2199 766 2240 uon
788 2199 855 2240 eum
878 2198 942 2242 asse
964 2199 1051 2262 quem
1066 2181 1171 2262 colpus
1186 2180 1336 2260 adpeltot,
1362 2179 1405 2240 od
1419 2197 1499 2260 quem

312 2285 443 2364 pecunia
466 2301 577 2365 acaprio
598 2282 765 2364 coatiuccit,
790 2284 843 2344 sed
865 2283 952 2346 ilium
973 2285 1024 2348 cui
1043 2283 1152 2344 bouum
1167 2301 1252 2344 omae
1270 2285 1302 2344 in
1325 2285 1426 2344 auiam
1447 2289 1496 2354 est,
1591 2351 1592 2370 χ

315 2394 445 2448 erectum
474 2393 501 2448 et
529 2387 684 2447 excelsum
706 2394 733 2448 et
754 2385 910 2448 mirabilia
938 2387 1114 2450 calcantem.
1161 2387 1275 2448 calcari
1298 2405 1315 2448 a
1339 2385 1430 2448 beato
1451 2385 1497 2444 vel
1591 2387 1592 2400 i

314 2490 456 2568 sapiente
481 2507 517 2548 ea
533 2507 614 2568 quae
630 2488 746 2569 vulgus
768 2488 864 2550 stulte
887 2491 1021 2551 miratur
1044 2499 1076 2550 et
1093 2498 1180 2569 optat
1194 2488 1258 2550 dici
1273 2498 1377 2569 potest
1393 2490 1498 2550 rectis-

314 2593 411 2669 sime,
442 2589 501 2653 sed
529 2590 651 2652 nudum
682 2591 761 2653 illud
789 2591 945 2653 mirabilia
971 2609 1034 2652 non
1064 2591 1159 2653 efficit
1182 2592 1309 2672 plenam
1333 2601 1364 2652 et
1386 2601 1496 2652 rectam

314 2695 499 2756 orationem.
539 2693 709 2756 scribimus
731 2702 861 2757 erectum
883 2701 911 2756 et
932 2695 1087 2756 eaecetsum
1109 2703 1137 2756 et
1152 2713 1310 2756 nummus
1325 2695 1495 2756 catcamem.

315 2798 424 2859 Cicero
448 2797 480 2859 in
497 2796 665 2858 Paradoxis
687 2797 855 2858 stoicorum
879 2815 889 2858 1
914 2798 925 2857 l
948 2796 967 2858 7
991 2799 1023 2859 iu
1045 2817 1101 2880 quo
1124 2797 1259 2878 equidem
1281 2798 1497 2859 continentissi-

315 2918 432 2961 morum
453 2899 622 2978 itomiuum‚
650 2902 798 2962 maiorum
821 2907 1010 2977 uestrorum,
1039 2919 1128 2981 saepe
1151 2901 1272 2982 requiro
1293 2901 1493 2981 prudentiam,

315 3003 368 3083 qui
396 3002 469 3064 boec
499 3001 637 3064 inbecillo
663 3010 691 3064 et
719 3002 942 3065 cornarutubiiio
969 3003 1058 3064 verbo
1090 3003 1168 3065 bono
1188 3010 1376 3084 putaverunt
1396 3003 1495 3084 adpet-
1590 2993 1591 2996 ¹

314 3104 427 3180 laudo,
452 3124 519 3167 cum
543 3123 577 3166 re
599 3125 635 3167 uc
654 3106 747 3186 foetis
769 3108 855 3188 loupe
870 3107 960 3168 aliter
976 3107 1211 3169 iudicavissent:
1234 3108 1400 3186 sequimur
1415 3108 1493 3168 enim

315 3206 359 3267 ibi
377 3207 511 3268 Bentleii
527 3207 691 3270 iudicium.
739 3210 857 3271 Seneca
874 3211 932 3290 Ep.
952 3209 990 3270 tt
1011 3211 1050 3269 to
1072 3209 1151 3271 bona
1172 3211 1228 3271 illo
1243 3219 1315 3273 suut
1331 3229 1403 3271 uero
1424 3226 1495 3290 quoe

317 3311 393 3371 ratio
416 3310 486 3386 dot,
512 3311 611 3372 solido
633 3330 669 3372 oc
684 3314 884 3392 sempiterno,
910 3330 987 3393 quoe
1009 3311 1118 3374 cadere
1140 3331 1200 3373 uon
1219 3321 1364 3392 possunt,
1389 3331 1424 3373 ue
1445 3311 1494 3372 de-

315 3431 449 3474 crescere
471 3413 588 3492 quidem
612 3421 667 3475 eut
688 3415 794 3475 ner‘uui.
1165 3405 1171 3416 ’

400 3515 435 3576 ln
459 3516 594 3595 epistula
611 3517 749 3580 Senecae
773 3517 813 3578 52
836 3517 854 3576 5
878 3516 963 3578 liber
984 3517 1106 3579 Thuani
1130 3517 1206 3578 baec
1228 3515 1327 3579 habet
1354 3516 1431 3598 (nam
1448 3517 1493 3576 Pi-

314 3619 469 3678 thoeanus
497 3637 584 3680 nunc
614 3619 672 3680 hac
700 3619 834 3698 epistula
857 3621 968 3701 caret),
997 3627 1074 3700 puta
1101 3619 1262 3681 enimdeo
1285 3621 1418 3700 aedificia
1439 3638 1492 3680 er-

313 3722 406 3782 citota
427 3739 509 3796 esse,
534 3720 621 3781 ambo
640 3724 753 3802 pario,
783 3741 876 3804 oeque
898 3724 1021 3785 eoeceIsu
1043 3731 1131 3803 utque
1154 3725 1325 3806 mapmrlico.
1371 3723 1490 3784 aiterum
1589 3789 1590 3792 Ἴ

310 3841 425 3903 purum
447 3841 552 3884 aream
575 3825 705 3904 occepit:
738 3826 800 3886 iilic
819 3828 961 3906 protinus
983 3845 1057 3906 opus
1081 3827 1185 3887 crevit.
1233 3826 1363 3888 atterum
1380 3824 1490 3906 faudo-

313 3933 412 3987 meato
441 3925 600 3988 lassabunt
630 3929 661 3988 in
692 3928 808 3990 mollem
837 3935 864 3989 et
889 3928 1016 4008 fluidam
1046 3928 1170 3990 humum
1201 3930 1297 3991 missu
1319 3929 1490 4008 multumque

312 4027 426 4090 loboris
441 4028 626 4090 emboustum
642 4037 685 4092 est
708 4029 779 4091 dum
800 4036 979 4110 pervenitur
1001 4031 1042 4092 od
1061 4031 1201 4093 solidum.
1244 4029 1393 4092 inveniebo
1408 4029 1488 4110 quad-

312 4130 384 4211 quid
402 4130 475 4210 feeit
496 4132 623 4194 citerius
639 4151 751 4214 arogno
770 4151 848 4212 pars
871 4141 899 4194 et
919 4133 1072 4214 diffieilior
1094 4135 1175 4200 tutet.
1215 4153 1279 4194 nou
1294 4151 1355 4196 unc
1369 4133 1485 4192 nomine

311 4233 389 4293 haec
418 4232 557 4295 absurda
586 4253 655 4296 esse
687 4235 849 4315 intelleget
877 4237 979 4315 siquis
1007 4238 1185 4298 accuratius
1207 4237 1330 4316 singula
1351 4233 1484 4296 conside

312 4335 442 4396 raverit.
489 4335 572 4397 docti
596 4337 738 4398 homines
754 4356 825 4399 cum
845 4357 881 4398 ea
897 4337 1068 4400 emendare
1084 4338 1252 4400 studerent
1274 4357 1335 4416 uon
1351 4337 1483 4398 lecerunt

310 4457 426 4518 operae
454 4439 610 4520 pretium,
650 4439 711 4500 uisi
742 4440 827 4520 quod
856 4441 979 4522 lipsius
1008 4441 1165 4504 intellexit
1193 4440 1394 4504 scribendum
1422 4455 1483 4500 esse
