3184 5108
365 383 453 444 lnnnx
476 400 640 444 recucurri
664 398 847 444 ιιιιιιιιιιιιιιιιιι
868 381 961 444 tssl.
1184 366 1257 440 273

87 571 161 654 quad
181 573 278 651 aiunt,
310 571 432 635 dictum
460 579 508 632 est
533 569 706 653 fastrllienti
724 569 827 653 palae,
858 579 894 634 ut
916 571 1005 650 cpi
1030 572 1047 631 i
1074 570 1260 652 fastidientis

86 675 216 738 stomachi
235 683 279 738 est
302 675 399 737 malta
420 673 591 756 depirstare.
638 671 723 754 quad
746 691 817 736 cum
840 691 904 735 non
927 672 1179 754 intellegeretur,
1204 674 1263 737 ad-

87 781 189 841 iectum
211 787 259 840 est
280 785 353 840 nota
375 787 407 840 et
430 776 570 857 elanguit
591 777 701 838 oratic.

159 881 192 942 ln
215 878 297 942 libro
319 879 360 942 de
384 879 551 942 clementia
574 897 584 940 ι
607 879 626 938 8
650 879 668 938 5
690 877 745 961 (3),
771 881 816 941 sic
834 879 928 960 vulgo
950 878 1113 958 scribitur,
1135 879 1263 961 prodire

86 985 233 1065 tepulae?
261 983 368 1044 crirts.
416 982 497 1064 loqui
517 1000 578 1042 non
604 989 689 1064 potes
717 983 832 1045 assint
855 1000 953 1044 vocem
983 989 1068 1044 tuam
1090 1001 1167 1063 quae
1194 981 1263 1044 abi-

86 1105 133 1168 pie
152 1095 221 1150 sant
241 1091 343 1170 pentes
358 1086 525 1166 accipiant.
573 1085 670 1147 irasci
690 1103 750 1146 nea
768 1092 854 1166 potes
872 1086 934 1148 nisi
954 1092 988 1146 nt
1002 1086 1103 1146 arania
1118 1091 1261 1148 tremant.

86 1192 122 1252 sic
150 1191 297 1252 neminem
333 1187 478 1270 adflipere
509 1187 573 1249 nesi
605 1194 639 1249 nt
672 1187 818 1269 quidquid
849 1189 934 1250 eirca
963 1186 1061 1269 faerit
1092 1189 1261 1268 quatiatur.

86 1311 184 1354 rerum
213 1291 407 1354 Nazarianus
436 1289 519 1352 liber
548 1309 610 1352 non
641 1290 685 1352 sic
712 1291 860 1352 neminem
889 1290 1034 1373 adllipere
1063 1289 1175 1368 habet,
1206 1287 1264 1352 sed

86 1397 216 1477 aprima
238 1411 335 1456 manu
357 1395 430 1475 qaia
451 1394 599 1454 nemmem
614 1391 773 1475 adllipe*).
814 1393 889 1455 hinc
905 1395 1037 1456 Haasius
1060 1403 1082 1455 t.
1100 1411 1135 1454 ιιι
1158 1411 1191 1473 p.
1209 1413 1265 1454 xxv

86 1501 247 1561 oraticnem
270 1498 313 1559 ita
335 1495 571 1559 resarciendam
593 1495 728 1576 putavit,
760 1497 856 1558 irasci
876 1516 937 1558 nnn
956 1504 1041 1578 petes
1062 1496 1125 1558 nisi
1145 1503 1180 1558 ιιι
1200 1514 1265 1556 cm-

87 1603 132 1662 nia
152 1608 292 1677 tremant,
323 1601 396 1681 paea
417 1603 564 1662 neminem
587 1598 712 1681 adllipes
734 1606 789 1660 cat
810 1599 955 1683 ndllipere
983 1600 1046 1662 nisi
1065 1606 1101 1660 ιιι
1121 1597 1266 1680 peidqnid

87 1706 160 1766 circa
178 1703 274 1786 [ιιινιι
294 1704 462 1784 panna.
509 1701 567 1764 sed
590 1720 699 1782 regern
722 1702 826 1782 ipsum
850 1701 958 1784 adfligi
987 1701 1038 1764 hic
1060 1702 1191 1764 minime
1214 1701 1265 1762 di-

86 1806 210 1870 cendum
241 1815 320 1869 erat.
372 1806 561 1887 simpliciter
585 1803 792 1868 scribendum
820 1815 868 1868 est
898 1807 971 1888 qnia
999 1807 1147 1878 nenunem
1175 1804 1266 1885 adili-

87 1930 157 1992 nere,
181 1907 266 1992 quod
288 1928 480 1990 suspensum
503 1918 551 1971 est
573 1928 612 1971 ex
633 1917 717 1989 petes
739 1908 839 1970 verbo
861 1908 948 1989 quod
969 1907 1140 1972 antecedit.

162 2015 227 2076 Non
257 2011 538 2076 sunt.tclerabilia
568 2031 650 2092 quae
679 2012 712 2072 in
743 2011 856 2074 codem
886 2011 968 2075 libro
991 2031 1060 2093 cap.
1081 2013 1119 2072 l8
1147 2014 1158 2072 l
1185 2011 1267 2092 legi-

89 2136 160 2196 mus,
190 2118 289 2180 sernis
312 2117 466 2197 imperare
488 2115 639 2178 moderate
662 2115 731 2178 lans
754 2123 807 2179 est.
856 2124 883 2178 et
905 2118 938 2178 ia
959 2117 1109 2196 mancipio
1132 2116 1267 2198 capitan-

89 2219 151 2282 dam
171 2227 215 2282 est
241 2239 302 2280 ncn
325 2226 472 2301 ᾳιιαιιιιιιιι
493 2219 571 2281 illud
599 2221 712 2300 inpane
737 2220 807 2299 pati
827 2221 935 2300 possit,
966 2219 1020 2281 sed
1041 2226 1187 2300 quantum
1214 2217 1269 2280 tibi

87 2325 230 2402 permittat
257 2325 348 2403 aequi
375 2321 501 2404 benique
526 2329 659 2398 natura,
689 2339 766 2403 qaae
797 2341 928 2403 parcere
956 2325 1046 2385 etiam
1073 2309 1209 2403 captivis¹
1240 2329 1290 2384 ets

88 2428 173 2505 pretia
198 2426 317 2507 puratis
340 2423 429 2486 iubet.
478 2431 588 2506 panta
616 2425 725 2486 iustius
754 2423 835 2486 labet
861 2423 1031 2488 hominibus
1058 2424 1162 2488 liberis
1184 2425 1269 2507 inpe-

89 2530 150 2590 nais
170 2529 299 2591 honestis
321 2547 383 2590 non
404 2535 437 2590 ιιι
459 2528 620 2609 mancipiis
642 2525 728 2589 abuti
748 2527 801 2590 sed
822 2526 870 2592 ln's
892 2546 965 2609 qenes
986 2528 1090 2611 pean
1108 2527 1268 2592 antecedas

88 2649 261 2713 pietamqae
284 2630 337 2694 tibi
358 2649 420 2691 nen
435 2631 567 2692 servitus
585 2629 702 2692 tradita
716 2631 765 2709 sit,
792 2630 845 2692 secl
862 2631 966 2692 tutela.
1014 2630 1147 2693 hicnon
1165 2641 1269 2711 potest

90 2734 218 2816 intellegi
242 2732 321 2815 quid
343 2732 405 2794 sibi
428 2733 505 2795 velit
527 2732 581 2794 sed
601 2731 661 2794 lis.
709 2731 750 2794 ad
772 2732 911 2814 aliquam
942 2732 976 2795 id
998 2734 1186 2797 sententiam
1209 2733 1268 2796 ed-

88 2835 196 2900 ducere
225 2835 348 2900 studuit
377 2837 431 2916 qui
462 2835 495 2896 in
523 2833 732 2915 Amplcniano
761 2835 868 2898 codice
897 2838 1025 2917 scripsit
1060 2837 1113 2899 sed
1140 2844 1174 2900 nt
1206 2834 1264 2899 nis.

89 2939 209 3003 Hessius
230 2938 284 3002 sed
306 2939 353 3034 his
375 2947 466 3020 putat
487 2936 661 3000 delendum
684 2957 766 3000 esse.
814 2938 932 3001 rectius
960 2938 1117 3002 iudicasse
1140 2937 1268 3000 videtur

89 3043 136 3120 qui
165 3045 197 3104 in
220 3040 469 3122 Guelferbytanc
492 3040 573 3102 libro
596 3042 753 3121 expunxit
781 3042 886 3103 omnia
913 3043 978 3118 illa,
1009 3061 1069 3104 nan
1096 3049 1131 3104 ιιι
1151 3045 1268 3104 manci-

86 3145 140 3225 piis
161 3145 245 3208 abcti
264 3144 318 3206 sed
339 3143 406 3206 lis:
438 3161 510 3206 nam
537 3145 564 3206 si
587 3153 732 3215 accurate
762 3163 797 3205 ea
822 3143 1076 3224 consideramus,
1107 3144 1268 3225 intellegi·

89 3265 151 3310 nus
172 3250 247 3311 satis
264 3267 334 3310 esse
357 3249 476 3328 inepta.
523 3247 641 3310 etenim
664 3265 705 3308 ne
727 3247 894 3327 mancipiis
917 3247 1048 3328 quidem
1071 3246 1266 3310 abutendum

76 3360 141 3412 ¹cst.
185 3362 277 3413 antea
299 3369 377 3412 vero
400 3351 432 3410 in
457 3348 538 3410 libro
560 3349 732 3412 Nazariano
755 3351 799 3410 ita
821 3351 974 3431 scriptum
996 3361 1054 3430 est,
1085 3359 1197 3432 qanto
1220 3353 1268 3412 in-

89 3455 158 3516 stius
179 3453 259 3516 iubet
279 3461 390 3534 quanto
412 3453 534 3528 iustius,
564 3462 600 3514 ut
621 3451 773 3534 adpareat
794 3451 961 3516 librarium
983 3454 1081 3517 aculis
1102 3452 1267 3516 aberrasse

88 3551 223 3618 adiubet
250 3555 330 3619 illud
353 3553 439 3636 quad
462 3553 553 3616 modo
576 3556 759 3637 scripserat.
806 3555 997 3619 emendandi
1021 3565 1165 3619 canatum
1193 3575 1269 3636 prc-

89 3655 141 3736 dit,
164 3657 219 3722 sed
242 3661 381 3738 irritum,
407 3656 492 3738 quad
515 3659 547 3718 in
570 3658 641 3720 aliis
663 3656 755 3720 libris
771 3668 830 3737 est,
855 3667 966 3741 panto
988 3661 1098 3722 iustius
1120 3659 1168 3722 lis
1189 3658 1269 3721 itcbet

89 3765 162 3822 tanto
190 3764 299 3825 iastius
329 3759 498 3823 haminibus
527 3761 579 3822 vel
609 3769 719 3842 peanto
749 3763 858 3825 iastius
891 3762 938 3824 lis
962 3764 1055 3842 parci
1079 3761 1160 3824 iubet
1187 3769 1268 3824 ιαιιιο

90 3863 188 3927 iustius
216 3863 396 3926 inminibus.
444 3863 522 3925 haec
550 3865 655 3944 patius
685 3865 814 3927 remotis
844 3865 974 3946 ineptiis
1004 3865 1143 3926 Senecae
1174 3867 1269 3926 resti-

89 3967 196 4030 tnendn
225 3977 310 4046 sunt,
347 3974 457 4049 wenta
485 3967 596 4029 iustius
625 3965 793 4029 nominibus
823 3967 926 4032 liberis
956 3968 1095 4051 inpensis
1122 3965 1264 4046 lunatis,

89 4085 153 4146 pios
173 4071 273 4154 praela
295 4069 455 4133 canendas
478 4087 662 4150 parumque
685 4069 739 4132 tibi
759 4090 819 4132 nnn
841 4073 974 4134 servitus
997 4070 1114 4133 traditu
1135 4071 1184 4150 sit,
1214 4071 1268 4132 sed

90 4172 183 4253 tutela,
204 4173 236 4236 id
251 4183 300 4236 est
315 4184 432 4253 quanto
453 4171 567 4234 iustius
583 4181 631 4235 est
650 4190 781 4254 parcere
801 4172 983 4236 haminibus
1002 4171 1124 4236 liberis.
1156 4174 1269 4236 similis

91 4326 284 4340 m

166 4427 190 4488 ’l
211 4427 372 4496 [Nazarinni
390 4431 509 4479 lectiones
532 4441 598 4491 qaae
620 4430 777 4492 adserantur
797 4433 847 4496 ttae
872 4433 992 4480 ιιιιιιιιιιιι·
1012 4443 1094 4480 novae
1115 4431 1267 4482 conlationis

90 4515 155 4562 cuins
173 4515 298 4578 llanpttnc
315 4517 469 4566 mentionem
486 4513 546 4577 [ecit
563 4515 634 4565 ancl.
651 4511 731 4582 tun]

136 4611 251 4668 ilsuptli
265 4613 378 4667 Opuecnln
393 4613 422 4655 11.
1029 4619 1059 4669 15
