3280 5108
425 378 513 438 lronx
535 393 699 438 enarrem
722 393 907 438 armenam
926 377 1017 441 tabl.
1271 359 1317 431 57

216 567 369 630 Similiter
398 565 575 630 iudicamus
603 566 644 629 de
667 585 762 629 versu
786 565 922 646 quodam
950 568 981 628 in
1005 568 1145 630 carmine
1175 563 1317 628 eiusdem

125 670 235 748 quarti
265 669 339 732 libri
369 672 492 751 quinto.
539 669 617 734 dicit
647 667 690 732 ihi
721 670 920 751 Propertius,
952 670 1008 734 ubi
1031 671 1186 734 Venerem
1213 669 1319 750 gravis

125 775 336 854 interceperit
358 783 456 852 aetas,
487 784 555 837 tum
581 791 616 836 se
639 783 771 836 naturae
793 793 898 836 mores
920 773 1103 856 perdiscere
1127 773 1218 852 velle,
1251 783 1317 836 tum

125 877 347 957 quaesiturum
376 875 416 956 (v.
434 879 475 938 39
492 878 547 960 ss.)

256 979 313 1043 sub
335 983 428 1044 arra
450 981 513 1044 siat
533 983 607 1044 iura
627 980 716 1043 deum
738 987 766 1044 el
788 987 937 1042 armenta
957 981 1123 1063 pipautum,

338 1085 510 1166 Tt'sipboces
532 1093 600 1148 atro
623 1083 750 1166 riserit
770 1101 870 1166 erepte
891 1071 1004 1164 ceput,¹

257 1195 311 1250 aar
333 1185 544 1252 Alcmaeoniae
564 1188 669 1270 suriae
691 1195 745 1251 out
770 1189 885 1250 ieiunia
909 1186 1022 1264 Phinei,

334 1309 407 1353 aum
429 1299 508 1368 roto,
534 1309 608 1353 oum
630 1293 755 1374 scopuli,
780 1309 854 1353 num
876 1292 943 1354 sitis
967 1292 1045 1354 iuter
1067 1309 1175 1374 aquas,

258 1413 331 1456 rrum
352 1393 450 1458 tribus
473 1395 628 1478 infernum
649 1395 778 1458 uubdit
796 1393 939 1476 saucibus
962 1401 1088 1458 antrum

335 1497 483 1562 Cerberus
505 1505 533 1560 et
559 1499 639 1581 Tityo
661 1499 769 1582 lupera
789 1517 893 1580 pauco
914 1516 1030 1576 nouem,

254 1621 297 1663 on
316 1603 387 1676 ficta
408 1603 441 1663 io
463 1603 593 1666 murras
615 1601 768 1665 descedit
786 1600 896 1682 sabula
916 1603 1024 1684 pantu,

333 1713 361 1767 et
382 1707 473 1768 timor
494 1704 577 1768 baud
598 1706 683 1768 ultro
705 1723 796 1788 qttam
818 1723 911 1788 ropus
934 1721 999 1768 esse
1018 1711 1124 1786 polest.

122 1811 281 1872 miramur
303 1827 366 1871 non
389 1809 569 1890 quaesitum
591 1829 662 1874 esse
685 1809 870 1890 diligentius
898 1808 1029 1890 quinam
1059 1809 1202 1888 gigantes
1230 1818 1317 1870 recte

122 1913 290 1994 potuerint
318 1913 555 1974 commemorari
584 1913 617 1974 in
646 1913 705 1974 hac
729 1929 903 1994 poenmum
933 1911 1050 1992 quibus
1080 1911 1204 1974 scelesti
1233 1911 1318 1994 apud

122 2015 245 2078 inferos
282 2016 416 2080 cruciari
451 2015 642 2079 dicebantur
678 2017 935 2094 enumeratione,
973 2033 991 2076 a
1025 2033 1088 2096 qua
1124 2014 1318 2078 Enceladum

122 2117 225 2181 lletna
248 2119 399 2182 obrutum
428 2119 613 2201 similesque
643 2117 766 2182 labulas
787 2119 908 2182 alienas
931 2137 1001 2181 esse
1029 2117 1233 2182 manifestum
1256 2129 1315 2182 est.

123 2241 231 2303 neque
264 2224 381 2286 rectius
410 2221 592 2304 putabimus
627 2224 771 2304 gigantes
798 2231 830 2285 et
859 2223 975 2286 titanes
1003 2241 1021 2284 a
1052 2223 1214 2305 Propertio
1242 2241 1318 2284 con-

123 2327 211 2388 lusos
233 2345 322 2389 esse:
355 2327 451 2390 huius
473 2327 559 2390 enim
582 2327 825 2408 permutationis
848 2325 1050 2406 neglegentia
1072 2328 1131 2389 etsi
1157 2325 1203 2388 eis
1226 2324 1319 2388 vide-

123 2429 214 2492 bitur
236 2427 326 2494 lacile
350 2449 441 2512 posse
465 2433 609 2494 excusari
638 2433 694 2513 qui
721 2431 844 2495 sublato
874 2431 1063 2510 scriptorum
1088 2439 1119 2492 et
1141 2439 1317 2510 temporum

124 2532 310 2596 discrimine
340 2534 496 2615 exemplis
517 2535 622 2598 omnia
652 2535 764 2598 oonlici
794 2535 977 2616 opinantur,
1016 2533 1048 2595 in
1080 2533 1166 2596 hunc
1194 2543 1318 2614 poetam

125 2655 188 2698 non
218 2645 338 2700 umore
374 2637 598 2702 transferenda
627 2648 692 2718 est,
728 2639 916 2720 praesertim
953 2637 986 2698 in
1017 2636 1145 2699 nomine
1181 2637 1317 2719 simplici

124 2741 276 2821 nullaque
299 2741 425 2806 labulae
447 2743 629 2806 narratione
645 2743 815 2806 declarato.
855 2739 942 2804 unde
965 2759 1006 2801 nc
1022 2737 1150 2802 Aloidas
1172 2739 1315 2821 quidem,

125 2863 206 2924 quos
233 2844 391 2926 Vergilius
420 2843 580 2910 Aeneidos
601 2865 632 2908 rr
654 2846 717 2908 582
747 2846 832 2908 inter
861 2844 1011 2906 scelestos
1039 2844 1095 2924 qui
1126 2843 1158 2906 in
1189 2846 1318 2908 Tartaro

124 2948 308 3012 cruciantor
337 2959 507 3028 memorat,
540 2951 683 3032 Hyginus
712 2959 818 3013 autem
849 2946 956 3012 labula
985 2965 1076 3010 xxrru
1111 2947 1318 3029 serpentibus

122 3069 252 3114 aversos
286 3052 422 3118 alterum
457 3051 498 3114 ab
526 3054 626 3116 altero
662 3053 695 3116 in
726 3054 869 3117 columna
904 3049 1057 3131 deligatas
1087 3069 1156 3112 esse
1192 3049 1314 3130 scribit,

125 3155 286 3235 gigantum
308 3157 436 3218 nomine
460 3156 522 3219 dici
547 3155 761 3234 censebimus,
797 3173 988 3238 quamquam
1019 3163 1166 3235 proterva
1189 3151 1317 3216 Aloida-

127 3277 196 3320 rum
219 3259 388 3322 inmanitas
416 3261 448 3322 in
472 3262 616 3342 gigantes
640 3260 791 3323 translata
822 3269 869 3322 est
895 3259 1077 3340 passimque
1106 3255 1147 3319 ab
1177 3258 1223 3320 cis
1253 3278 1316 3321 noa

125 3359 262 3424 discerni
292 3361 456 3429 videntur.
503 3363 562 3426 sed
591 3357 802 3450 ἑκατόγχειρες
834 3365 929 3426 etiam
959 3359 1099 3424 llesiodii
1129 3379 1192 3424 non
1220 3381 1316 3425 num-

126 3483 218 3545 quam
247 3466 392 3547 gigantes
420 3465 639 3548 adpellautur,
670 3468 769 3530 veluti
798 3487 815 3528 a
840 3468 937 3530 Statio
967 3464 1146 3528 Thebaidos
1168 3482 1214 3527 uu
1237 3465 1312 3545 533,

126 3567 181 3630 ubi
203 3568 380 3632 haecdicit
402 3571 521 3650 Manto,
553 3571 634 3648 Quid
663 3571 718 3634 tibi
738 3579 876 3634 mmuuo
898 3569 998 3650 Erebi,
1032 3569 1159 3651 Scyllas
1174 3576 1202 3632 et
1225 3571 1316 3632 raone

122 3669 257 3750 [eredes
281 3671 448 3738 &amores
470 3673 622 3757 solidoque
645 3677 759 3738 intorte
780 3673 944 3738 mameae
964 3672 1121 3757 pponam
1142 3674 1266 3736 Vincula
1287 3681 1315 3737 et

125 3783 282 3856 capitelam
304 3779 422 3840 ceateoi
441 3774 607 3862 depaeecir
629 3777 793 3840 umbram?
829 3778 1013 3859 pariterque
1044 3776 1077 3836 in
1100 3774 1181 3839 libro
1203 3795 1256 3838 vru
1274 3778 1313 3840 li

126 3876 224 3940 Ditem
253 3879 331 3942 haee
363 3881 545 3962 loquentem
574 3881 766 3960 introduxit,
804 3880 897 3944 babeo
927 3881 989 3942 mm
1017 3898 1133 3962 quasso
1159 3881 1316 3964 pipantum

132 3980 252 4044 Vinaria
279 3990 309 4045 et
329 3983 501 4046 aethereum
528 3985 653 4066 cupidos
676 3987 765 4048 emere
793 3983 849 4048 sub
879 4001 972 4046 aaran
998 3985 1123 4047 Titanas
1151 3985 1315 4048 miserum-

126 4099 183 4163 que
199 4093 326 4165 patrem.
374 4087 481 4169 itaque
504 4087 561 4150 hos
584 4089 616 4150 in
640 4089 795 4171 Propertii
819 4089 959 4150 carmine
989 4086 1221 4168 intellegendos
1244 4105 1313 4150 esse

125 4193 320 4270 putaremus,
353 4191 414 4254 nisi
443 4193 517 4254 iuro
538 4191 627 4255 deum
656 4201 687 4254 et
710 4199 859 4254 tormertto
880 4191 1065 4272 scrupulum
1094 4190 1187 4252 nobis
1213 4189 1314 4252 inice-

129 4299 198 4350 rent
222 4289 301 4372 (nam
325 4294 403 4358 haee
425 4297 644 4376 cogitationem
667 4295 727 4357 alio
743 4294 890 4378 ducunt),
916 4293 1015 4357 codex
1038 4304 1144 4358 autem
1165 4293 1313 4375 Neapoli-

128 4401 226 4473 tanus,
251 4396 282 4460 in
306 4415 368 4478 quo
391 4407 490 4462 totum
514 4399 593 4462 illud
614 4401 770 4483 pr'paotum
792 4417 855 4460 non
871 4399 1023 4480 seriptum
1040 4407 1098 4478 est,
1126 4398 1220 4460 linem
1237 4415 1312 4458 ver-

127 4495 214 4557 siculi
243 4501 274 4562 in
297 4501 378 4564 libro
406 4502 576 4584 archetypo
607 4500 812 4584 absumptum
840 4500 938 4566 luisse
969 4511 1169 4564 monstraret.
1216 4518 1311 4582 quam
