3268 5108
228 411 324 470 Sacas
348 425 563 470 visitanstrtris
586 425 775 468 tirrannus
799 410 974 470 Fainitnlcsit
998 407 1180 469 Gtitntttta.
1257 394 1302 464 Π

108 595 232 659 accedit
256 595 341 678 quod
365 601 504 662 recentia
534 606 565 660 et
595 615 699 678 nuper
720 597 868 660 omnibus
891 597 1049 678 incognita
1074 599 1141 680 ipsa
1164 599 1304 660 novitate

106 719 162 762 sua
186 700 317 763 allicere
340 703 472 779 animos,
498 703 650 764 iuvenum
674 703 822 780 maxime,
848 701 961 778 solent,
987 711 1096 764 vetera
1118 713 1222 765 autem
1246 701 1304 762 ob·
1389 736 1392 744 ·

105 805 270 866 solescunt
292 815 342 884 et,
375 806 466 886 quasi
490 805 643 866 exhausta
666 804 707 866 sit
729 803 832 866 laudis
860 803 935 866 inde
957 804 1182 888 adipiscendae
1206 815 1305 866 mate-

107 909 184 986 ries,
209 909 317 970 minus
341 908 492 971 videntur
515 927 584 970 esse
607 907 787 969 honorifica.
835 909 982 988 quocirca
1008 910 1066 971 etsi
1090 909 1221 970 minime
1244 917 1311 988 pu-'

106 1021 211 1074 tamus
242 1009 454 1073 deterrendos
483 1031 552 1075 esse
582 1013 717 1074 iuvenes
747 1010 788 1073 ab
816 1012 1051 1074 accuratissima
1081 1022 1114 1074 et
1146 1014 1236 1092 quasi
1272 1012 1303 1072 in

106 1125 213 1176 artum
244 1114 347 1178 locum
377 1123 536 1177 contracta
567 1134 675 1178 rerum
704 1115 962 1196 investigatione,
994 1135 1057 1197 qua
1080 1101 1149 1178 nisi¹
1180 1115 1213 1176 in
1237 1115 1330 1195 ipsas

108 1217 261 1280 iuvenilis
288 1220 400 1280 aetatis
430 1218 590 1281 alacritate
621 1237 657 1280 ae
678 1219 787 1298 vigore
815 1220 943 1300 ingenia
973 1239 1081 1296 eorum
1112 1228 1306 1281 exercentur

107 1340 170 1383 non
187 1321 386 1403 sperandum
410 1330 459 1383 est
475 1322 540 1383 lore
564 1331 599 1384 ut
621 1321 792 1402 aliquando
807 1321 923 1385 litteris
938 1323 1135 1385 incrementa
1158 1322 1302 1401 ailerant,

108 1436 162 1487 aut
185 1424 448 1488 intercludendos
469 1445 487 1488 a
503 1428 594 1488 novis
610 1425 824 1488 doctrinarum
841 1427 902 1486 viis
923 1435 1019 1506 atque
1036 1425 1207 1488 itineribus
1223 1445 1305 1507 quae

109 1538 216 1590 nostro
239 1538 383 1612 tempore
404 1529 570 1610 patefacta,
603 1527 660 1591 sed
683 1528 823 1602 nondum
847 1531 950 1590 omnia
974 1530 1051 1592 satis
1073 1530 1193 1592 munita
1217 1540 1302 1609 sunt,

110 1641 216 1694 tamen
241 1652 282 1695 ne
305 1634 470 1714 exemplar
497 1633 576 1696 illud
600 1633 751 1696 scientiae
774 1631 814 1695 de
838 1651 901 1714 quo
923 1641 1016 1695 antea
1039 1632 1178 1696 diximus
1201 1633 1307 1694 varie-

110 1746 172 1798 tate
190 1755 301 1798 rerum
318 1735 530 1816 oblitteretur,
549 1755 631 1799 neve
648 1735 724 1799 dum
740 1736 951 1818 particulatim
967 1737 1092 1798 litterae
1108 1745 1308 1818 pertractan-

110 1849 161 1902 tur
184 1840 385 1921 singularum
414 1842 550 1922 partium
574 1841 795 1902 convenientia
819 1850 851 1902 et
874 1840 1052 1903 coniunctio
1074 1841 1179 1904 animo
1202 1840 1308 1900 minus

108 1943 418 2025 comprehendatur,
451 1943 592 2025 denique
614 1963 655 2006 ne
679 1943 719 2006 ab
742 1943 806 2006 illis
833 1944 948 2006 litteris
971 1963 1054 2025 quae
1076 1964 1173 2006 verae
1196 1941 1307 2005 erudi-

108 2049 203 2109 tionis
238 2046 419 2110 firmissima
450 2046 657 2110 fundamenta
692 2057 767 2110 sunt
801 2049 967 2110 immaturo
1000 2046 1105 2110 studio
1139 2047 1308 2109 aberretur

107 2149 355 2232 diligentissime
379 2150 557 2214 cavendum
582 2169 652 2212 esse
676 2151 911 2231 existimamus,
945 2169 1007 2212 non
1038 2150 1178 2214 iubendo
1200 2170 1306 2232 neque
1347 2167 1348 2174 ¹

108 2264 142 2316 ut
165 2253 295 2336 legibus
317 2256 420 2316 omnia
450 2254 714 2335 praescribantur
739 2253 821 2335 (nam
844 2273 1033 2336 persuasum
1057 2254 1212 2318 habemus
1234 2255 1308 2317 uni-

57 2387 58 2390 *
106 2361 299 2421 versitatum
323 2359 551 2421 litterariarum
574 2358 710 2421 salutem
733 2376 846 2440 magna
870 2377 909 2420 ex
932 2367 1023 2439 parte
1047 2359 1079 2420 in
1096 2377 1216 2420 summa
1240 2368 1309 2420 stu-

108 2461 237 2525 diorum
260 2460 409 2526 libertate
438 2463 572 2543 positam
596 2461 698 2544 esse),
731 2461 788 2523 scd
819 2462 920 2543 ipsius
950 2463 1157 2524 institutionis
1188 2463 1308 2522 ratione

109 2563 360 2647 renovandaque
395 2576 426 2628 et
456 2565 674 2628 conservanda
702 2585 811 2628 eorum
841 2565 992 2627 memoria
1026 2584 1108 2646 quae
1143 2566 1308 2646 superiore

107 2679 255 2751 tempore
280 2679 365 2732 recte
390 2669 469 2732 lacta
492 2679 577 2733 sunt.
624 2679 721 2750 atque
745 2670 796 2730 illo
818 2667 948 2749 quidem
972 2679 1127 2751 tempore,
1152 2679 1187 2731 ut
1209 2665 1308 2730 uuum

109 2773 290 2835 litterarum
321 2792 422 2854 genus
445 2772 504 2835 scd
526 2773 565 2835 ad
589 2774 717 2852 ingenia
740 2771 917 2834 liberaliter
939 2771 1116 2835 erudienda
1140 2773 1171 2834 in
1196 2771 1309 2853 primis

109 2879 330 2939 necessarium
346 2877 397 2939 hic
415 2895 707 2956 commemoremus,
732 2875 930 2956 antiquitatis
945 2874 1084 2938 Graecae
1108 2885 1139 2938 et
1154 2877 1309 2938 Romanae

109 2979 216 3042 studia
246 2982 279 3042 in
310 2999 433 3043 summo
462 2981 674 3042 communiter
701 2978 904 3042 habebantur
933 2980 1066 3042 honore:
1105 2998 1190 3042 nunc
1220 2976 1310 3040 labe-

111 3081 221 3146 factari
246 3093 358 3165 coepta
389 3093 437 3145 est
467 3103 576 3146 eorum
607 3084 798 3145 existimatio
830 3083 1061 3163 imminentque
1093 3084 1138 3144 eis
1167 3081 1309 3162 pericula

109 3205 193 3268 quae
218 3197 254 3250 ut
270 3186 474 3268 depellantur
489 3187 574 3248 omni
590 3204 648 3268 ope
672 3197 767 3267 atque
790 3206 886 3268 opera
908 3184 1118 3249 annitendum
1135 3195 1194 3247 est.
1236 3203 1308 3247 nam

110 3311 183 3354 cum
207 3291 326 3354 multae
349 3300 445 3370 artes,
471 3291 659 3372 praesertim
683 3309 739 3352 eae
756 3309 837 3371 quac
860 3290 901 3353 ad
920 3290 1094 3353 cotidianae
1109 3292 1193 3352 vitae
1216 3309 1310 3351 usum

109 3397 290 3474 pertinent,
315 3395 386 3456 sine
403 3393 596 3456 Graecarum
612 3395 887 3474 Romanarumque
905 3411 1012 3455 rerum
1035 3393 1213 3474 cognitione
1230 3391 1308 3454 disci

110 3508 140 3560 et
165 3497 304 3561 lectitari
319 3500 442 3579 possint
466 3496 662 3578 eaedemque
683 3517 723 3559 ex
740 3498 955 3560 recentiorum
978 3515 1040 3558 non
1064 3495 1224 3558 nullarum
1247 3495 1311 3558 lin-

110 3621 248 3682 guarum
277 3601 409 3664 scientia
439 3611 470 3664 et
498 3620 560 3665 usu
589 3599 674 3662 haud
705 3601 818 3682 exigua
853 3601 979 3682 capiant
1009 3598 1170 3662 commoda
1203 3618 1309 3680 neque

111 3706 225 3786 negari
249 3714 346 3785 queat
369 3703 573 3768 sermonibus
596 3703 659 3765 illis
681 3704 819 3786 plurima
842 3705 959 3785 scripta
982 3723 1051 3768 esse
1076 3705 1222 3784 egregie,
1247 3722 1310 3765 non

111 3807 231 3872 desunt
255 3807 349 3870 hodie
373 3809 428 3890 qui
453 3808 648 3870 recentiores
677 3809 866 3890 populorum
889 3808 1013 3889 linguas
1036 3807 1223 3888 litterasque
1246 3813 1329 3869 non'

111 3921 237 3975 tantum
261 3912 293 3972 in
317 3913 364 3974 eis
386 3912 501 3974 scholis
519 3894 647 3992 quibus¹
660 3911 881 3974 adulescentes
903 3911 944 3973 ad
967 3920 1154 3992 quaestuosa
1177 3911 1310 3973 artificia

110 4015 222 4078 scitius
238 4014 419 4078 exercenda
435 4025 668 4097 praeparantur
682 4014 856 4096 diligenter
872 4014 1032 4078 docendas
1052 4035 1121 4078 esse
1145 4025 1307 4094 censeant,

113 4117 145 4180 id
168 4117 256 4200 quod
278 4138 336 4182 suo
366 4120 435 4181 iure
460 4117 596 4198 iaciunt,
629 4118 688 4182 sed
710 4119 838 4180 omnino
861 4102 1075 4182 eruditionem
1098 4118 1139 4182 ab
1161 4117 1311 4182 obsoletis

112 4223 234 4284 scilicet
257 4231 352 4306 atque
382 4223 600 4285 intermortuis
630 4221 744 4284 litteris
774 4233 807 4285 et
836 4231 996 4304 tamquam
1027 4243 1068 4286 ex
1090 4221 1204 4285 umbra
1226 4223 1311 4285 anti-

114 4328 245 4407 quitatis
268 4327 301 4389 in
325 4328 425 4390 nostri
448 4327 567 4390 saeculi
590 4326 818 4412 lucem'magis
840 4327 1004 4409 magisque
1028 4327 1176 4391 studeant
1199 4325 1311 4390 tradu-

114 4449 197 4493 cere.
246 4431 394 4513 ignorant
417 4430 540 4520 illiaut
561 4429 763 4493 dissimulant
787 4439 904 4510 quanta
927 4432 969 4494 sit
991 4450 1173 4518 sermonum
1196 4428 1308 4492 Graeci

68 4537 86 4556 ⁸
115 4535 279 4616 Latinique
302 4537 335 4598 in
359 4533 544 4598 excolendis
572 4533 710 4615 ingeniis
731 4535 943 4614 praestantia,
974 4554 1046 4599 cum
1068 4545 1201 4617 propter
1224 4534 1310 4615 ipso-

167 4651 286 4706 llnnptil
302 4651 418 4706 opuocms
433 4649 462 4695 11.
592 4711 594 4714 Ι
1088 4656 1103 4706 2
