3186 5108
347 407 435 469 ianm
457 421 623 468 uncraoutn
645 423 825 468 assarum
844 401 938 465 i859.
1168 387 1235 462 161

101 593 160 671 quasi
177 595 268 658 Venus
291 615 308 658 a
331 595 416 658 divis
438 595 614 676 divumque
637 593 799 657 sororibus
822 596 962 675 separari
990 595 1099 676 possit.
1147 613 1242 676 prac-

100 704 158 758 terea
174 699 294 762 Veneris
323 719 438 762 nomen
468 709 587 761 temere
617 697 751 760 inlatum
781 717 852 760 esse
880 697 1002 761 dudum
1033 696 1108 760 inde
1138 697 1242 778 colligi

99 801 272 884 poteratquod
297 805 328 864 in
348 802 487 868 editione
502 804 620 865 Veneta
644 801 797 882 scriptum
822 811 869 863 est
893 801 1038 864 Convenit
1059 808 1129 864 autc
1151 801 1239 878 αιὶεε,

98 921 124 962 ex
148 903 230 968 codice
263 917 370 970 autem
399 908 548 969 Vossiano
578 905 717 968 Naekius
747 906 779 967 in
810 904 926 967 Catone
961 923 1017 966 suo
1041 924 1073 985 p.
1092 904 1149 964 35⁴
1187 904 1246 966 Oai

98 1009 195 1071 amamit
217 1018 285 1073 ante
312 1010 389 1074 aiios
418 1010 567 1091 protulit,
606 1029 677 1072 cum
707 1010 908 1070 Burmannus
941 1027 1013 1070 cum
1042 1006 1126 1068 idem
1157 1006 1243 1088 quod

96 1105 222 1175 editionem
235 1115 388 1176 Venetam
411 1112 530 1176 habere
554 1112 698 1175 dixisset.
738 1113 807 1175 sine
830 1113 907 1173 vitio
929 1121 977 1174 est
1000 1109 1085 1191 quod
1108 1111 1243 1173 Bruxel-

97 1209 165 1274 iensis
181 1215 252 1278 liber
273 1216 367 1280 uobis
388 1215 549 1299 praebuit,
576 1217 634 1278 Gui
656 1217 760 1278 moeni
780 1223 850 1279 onte
871 1215 959 1278 aiios.
1007 1213 1125 1277 deinde
1142 1215 1243 1278 Scali-

95 1333 175 1392 gamm
192 1323 283 1383 secuti
314 1321 502 1404 scripsimus
527 1319 633 1383 Phoebi
653 1319 763 1382 odorus
785 1321 907 1402 ipseque
931 1317 1063 1381 moedus
1093 1329 1125 1380 ει
1147 1338 1242 1382 versu
1341 1397 1345 1404 ἱ

96 1421 206 1484 ominis
224 1423 345 1487 decimo
368 1423 545 1488 casauboni
568 1423 822 1486 emendationem
847 1423 1028 1503 recepimus
1057 1419 1098 1484 ab
1121 1423 1242 1503 Heynio

94 1523 177 1586 merito
194 1526 369 1608 probatam,
404 1529 466 1591 Clio
488 1536 550 1590 tam
572 1534 651 1590 certe
681 1527 814 1590 candido
842 1525 1077 1608 conloquitur:
1109 1525 1243 1588 mendo·
1287 1536 1290 1545 ·

94 1641 143 1685 snm
161 1639 200 1690 est
219 1632 299 1692 enim
323 1651 407 1710 uam,
433 1629 517 1711 quod
541 1633 635 1693 etiam
660 1633 692 1693 in
716 1631 915 1694 Bruxellensi
939 1627 1020 1692 libro
1043 1629 1171 1709 legitur.

154 1731 190 1794 De
209 1734 314 1796 ultimo
334 1734 555 1800 catalectorum
579 1735 806 1816 epigrammate
829 1735 973 1816 proxima
996 1733 1168 1812 scriptione
1191 1751 1242 1794 se-

93 1831 121 1892 tis
137 1831 357 1916 disputavimus.
