<?xml version="1.0" encoding="UTF-8"?>
<!DOCTYPE html PUBLIC "-//W3C//DTD XHTML 1.0 Transitional//EN"
    "http://www.w3.org/TR/xhtml1/DTD/xhtml1-transitional.dtd">
<html xmlns="http://www.w3.org/1999/xhtml" xml:lang="en" lang="en">
 <head>
  <title>
</title>
<meta http-equiv="Content-Type" content="text/html;charset=utf-8" />
  <meta name='ocr-system' content='tesseract 3.04.00' />
  <meta name='ocr-capabilities' content='ocr_page ocr_carea ocr_par ocr_line ocrx_word'/>
</head>
<body>
  <div class='ocr_page' id='page_1' title='image "./mavriciihavptii00haupgoog/mavriciihavptii00haupgoog_0034.png"; bbox 0 0 3268 5108; ppageno 0'>
   <div class='ocr_carea' id='block_1_1' title="bbox 216 385 1286 460">
    <p class='ocr_par' dir='ltr' id='par_1_1' title="bbox 216 385 1286 460">
     <span class='ocr_line' id='line_1_1' title="bbox 216 385 1286 460; baseline -0.002 -2"><span class='ocrx_word' id='word_1_1' title='bbox 216 397 315 459; x_wconf 74' lang='lat' dir='ltr'><strong>Stena</strong></span> <span class='ocrx_word' id='word_1_2' title='bbox 338 415 553 458; x_wconf 71' lang='lat' dir='ltr'><strong>vutvnnstra&#39;rts</strong></span> <span class='ocrx_word' id='word_1_3' title='bbox 576 415 767 458; x_wconf 73' lang='lat' dir='ltr'><strong>ttrrlttttttttt</strong></span> <span class='ocrx_word' id='word_1_4' title='bbox 790 400 965 460; x_wconf 74' lang='lat' dir='ltr'><strong>Futunutcttt</strong></span> <span class='ocrx_word' id='word_1_5' title='bbox 989 399 1169 460; x_wconf 78' lang='lat' dir='ltr'><strong>thtntm.</strong></span> <span class='ocrx_word' id='word_1_6' title='bbox 1242 385 1286 456; x_wconf 67' lang='grc'><strong>21</strong></span> 
     </span>
    </p>
   </div>
   <div class='ocr_carea' id='block_1_2' title="bbox 103 585 1293 1186">
    <p class='ocr_par' dir='ltr' id='par_1_2' title="bbox 103 585 1293 1186">
     <span class='ocr_line' id='line_1_2' title="bbox 104 585 1293 668; baseline 0.003 -21"><span class='ocrx_word' id='word_1_7' title='bbox 104 587 335 668; x_wconf 88' lang='lat' dir='ltr'><strong>circumscripta</strong></span> <span class='ocrx_word' id='word_1_8' title='bbox 363 595 437 649; x_wconf 89' lang='lat' dir='ltr'><strong>sunt</strong></span> <span class='ocrx_word' id='word_1_9' title='bbox 460 585 675 648; x_wconf 76' lang='lat' dir='ltr'><strong>doctrinarum</strong></span> <span class='ocrx_word' id='word_1_10' title='bbox 704 586 807 648; x_wconf 90' lang='lat' dir='ltr'><strong>studia</strong></span> <span class='ocrx_word' id='word_1_11' title='bbox 838 588 928 668; x_wconf 89' lang='lat' dir='ltr'><strong>quasi</strong></span> <span class='ocrx_word' id='word_1_12' title='bbox 960 590 1189 652; x_wconf 89' lang='lat' dir='ltr'><strong>curriculorum</strong></span> <span class='ocrx_word' id='word_1_13' title='bbox 1220 591 1293 652; x_wconf 87' lang='lat' dir='ltr'><strong>tini-</strong></span> 
     </span>
     <span class='ocr_line' id='line_1_3' title="bbox 105 689 1293 771; baseline 0.003 -21"><span class='ocrx_word' id='word_1_14' title='bbox 105 689 168 767; x_wconf 87' lang='lat' dir='ltr'>bus,</span> <span class='ocrx_word' id='word_1_15' title='bbox 204 689 335 752; x_wconf 89' lang='lat' dir='ltr'><strong>dclinito</strong></span> <span class='ocrx_word' id='word_1_16' title='bbox 358 689 438 752; x_wconf 88' lang='lat' dir='ltr'><strong>adeo</strong></span> <span class='ocrx_word' id='word_1_17' title='bbox 460 690 638 752; x_wconf 89' lang='lat' dir='ltr'><strong>scholarum</strong></span> <span class='ocrx_word' id='word_1_18' title='bbox 661 689 781 771; x_wconf 88' lang='lat' dir='ltr'><strong>quibus</strong></span> <span class='ocrx_word' id='word_1_19' title='bbox 804 692 957 754; x_wconf 81' lang='lat' dir='ltr'><strong>interesse</strong></span> <span class='ocrx_word' id='word_1_20' title='bbox 982 694 1116 754; x_wconf 86' lang='lat' dir='ltr'><strong>iuvenes</strong></span> <span class='ocrx_word' id='word_1_21' title='bbox 1139 691 1293 755; x_wconf 89' lang='lat' dir='ltr'><strong>iubentur</strong></span> 
     </span>
     <span class='ocr_line' id='line_1_4' title="bbox 104 791 1293 877; baseline 0.002 -23"><span class='ocrx_word' id='word_1_22' title='bbox 104 813 242 856; x_wconf 89' lang='lat' dir='ltr'><strong>numero.</strong></span> <span class='ocrx_word' id='word_1_23' title='bbox 290 813 351 874; x_wconf 92' lang='lat' dir='ltr'><strong>qua</strong></span> <span class='ocrx_word' id='word_1_24' title='bbox 369 792 612 874; x_wconf 76' lang='lat' dir='ltr'><strong>diligentissima</strong></span> <span class='ocrx_word' id='word_1_25' title='bbox 636 791 849 856; x_wconf 90' lang='lat' dir='ltr'><strong>moderandae</strong></span> <span class='ocrx_word' id='word_1_26' title='bbox 865 793 1054 877; x_wconf 89' lang='lat' dir='ltr'><strong>disciplinae</strong></span> <span class='ocrx_word' id='word_1_27' title='bbox 1070 815 1144 857; x_wconf 86' lang='lat' dir='ltr'><strong>cura</strong></span> <span class='ocrx_word' id='word_1_28' title='bbox 1167 815 1185 857; x_wconf 91' lang='lat' dir='ltr'><strong>a</strong></span> <span class='ocrx_word' id='word_1_29' title='bbox 1209 795 1293 857; x_wconf 90' lang='lat' dir='ltr'><strong>libe-</strong></span> 
     </span>
     <span class='ocr_line' id='line_1_5' title="bbox 104 895 1293 961; baseline 0.003 -3"><span class='ocrx_word' id='word_1_30' title='bbox 104 897 212 958; x_wconf 89' lang='lat' dir='ltr'><strong>raliore</strong></span> <span class='ocrx_word' id='word_1_31' title='bbox 236 899 391 960; x_wconf 88' lang='lat' dir='ltr'><strong>maiorum</strong></span> <span class='ocrx_word' id='word_1_32' title='bbox 413 895 644 959; x_wconf 89' lang='lat' dir='ltr'><strong>consuetudine</strong></span> <span class='ocrx_word' id='word_1_33' title='bbox 675 896 716 957; x_wconf 91' lang='lat' dir='ltr'><strong>ita</strong></span> <span class='ocrx_word' id='word_1_34' title='bbox 740 896 832 959; x_wconf 90' lang='lat' dir='ltr'><strong>nobis</strong></span> <span class='ocrx_word' id='word_1_35' title='bbox 856 897 983 961; x_wconf 92' lang='lat' dir='ltr'><strong>videtur</strong></span> <span class='ocrx_word' id='word_1_36' title='bbox 1005 898 1148 961; x_wconf 89' lang='lat' dir='ltr'><strong>aberrari</strong></span> <span class='ocrx_word' id='word_1_37' title='bbox 1176 909 1212 961; x_wconf 93' lang='lat' dir='ltr'><strong>ut</strong></span> <span class='ocrx_word' id='word_1_38' title='bbox 1234 919 1293 961; x_wconf 89' lang='lat' dir='ltr'><strong>ne-</strong></span> 
     </span>
     <span class='ocr_line' id='line_1_6' title="bbox 103 999 1292 1083; baseline 0.002 -21"><span class='ocrx_word' id='word_1_39' title='bbox 103 1019 158 1080; x_wconf 91' lang='lat' dir='ltr'><strong>que</strong></span> <span class='ocrx_word' id='word_1_40' title='bbox 184 1002 231 1062; x_wconf 89' lang='lat' dir='ltr'><strong>rei</strong></span> <span class='ocrx_word' id='word_1_41' title='bbox 256 999 403 1082; x_wconf 87' lang='lat' dir='ltr'><strong>publicae</strong></span> <span class='ocrx_word' id='word_1_42' title='bbox 433 1007 556 1062; x_wconf 90' lang='lat' dir='ltr'><strong>tantum</strong></span> <span class='ocrx_word' id='word_1_43' title='bbox 585 999 661 1062; x_wconf 89' lang='lat' dir='ltr'><strong>inde</strong></span> <span class='ocrx_word' id='word_1_44' title='bbox 692 1010 847 1083; x_wconf 88' lang='lat' dir='ltr'><strong>quantum</strong></span> <span class='ocrx_word' id='word_1_45' title='bbox 877 1012 1027 1083; x_wconf 89' lang='lat' dir='ltr'><strong>speratur</strong></span> <span class='ocrx_word' id='word_1_46' title='bbox 1055 1001 1183 1064; x_wconf 90' lang='lat' dir='ltr'><strong>accedat</strong></span> <span class='ocrx_word' id='word_1_47' title='bbox 1206 1023 1292 1064; x_wconf 91' lang='lat' dir='ltr'><strong>com-</strong></span> 
     </span>
     <span class='ocr_line' id='line_1_7' title="bbox 103 1102 1289 1186; baseline 0.003 -22"><span class='ocrx_word' id='word_1_48' title='bbox 103 1104 180 1167; x_wconf 91' lang='lat' dir='ltr'><strong>modi</strong></span> <span class='ocrx_word' id='word_1_49' title='bbox 198 1123 306 1186; x_wconf 88' lang='lat' dir='ltr'><strong>neque</strong></span> <span class='ocrx_word' id='word_1_50' title='bbox 323 1105 438 1185; x_wconf 78' lang='lat' dir='ltr'><strong>exigua</strong></span> <span class='ocrx_word' id='word_1_51' title='bbox 450 1102 643 1165; x_wconf 91' lang='lat' dir='ltr'><strong>detrimenta</strong></span> <span class='ocrx_word' id='word_1_52' title='bbox 659 1104 871 1184; x_wconf 81' lang='lat' dir='ltr'><strong>importantur</strong></span> <span class='ocrx_word' id='word_1_53' title='bbox 885 1104 1075 1168; x_wconf 88' lang='lat' dir='ltr'><strong>eruditioni:</strong></span> <span class='ocrx_word' id='word_1_54' title='bbox 1099 1125 1289 1186; x_wconf 90' lang='lat' dir='ltr'><strong>quamquam</strong></span> 
     </span>
    </p>
   </div>
   <div class='ocr_carea' id='block_1_3' title="bbox 99 1207 1386 4603">
    <p class='ocr_par' dir='ltr' id='par_1_3' title="bbox 99 1207 1386 4603">
     <span class='ocr_line' id='line_1_8' title="bbox 103 1207 1291 1290; baseline 0.002 -22"><span class='ocrx_word' id='word_1_55' title='bbox 103 1208 195 1270; x_wconf 90' lang='lat' dir='ltr'><strong>multo</strong></span> <span class='ocrx_word' id='word_1_56' title='bbox 225 1210 332 1270; x_wconf 89' lang='lat' dir='ltr'><strong>minus</strong></span> <span class='ocrx_word' id='word_1_57' title='bbox 354 1208 498 1269; x_wconf 85' lang='lat' dir='ltr'><strong>excusari</strong></span> <span class='ocrx_word' id='word_1_58' title='bbox 523 1215 654 1287; x_wconf 92' lang='lat' dir='ltr'><strong>possunt</strong></span> <span class='ocrx_word' id='word_1_59' title='bbox 682 1207 767 1288; x_wconf 85' lang='lat' dir='ltr'>siqui</span> <span class='ocrx_word' id='word_1_60' title='bbox 791 1207 884 1270; x_wconf 91' lang='lat' dir='ltr'><strong>hodie</strong></span> <span class='ocrx_word' id='word_1_61' title='bbox 908 1209 1105 1290; x_wconf 88' lang='lat' dir='ltr'><strong>philosophia</strong></span> <span class='ocrx_word' id='word_1_62' title='bbox 1133 1219 1164 1271; x_wconf 89' lang='lat' dir='ltr'><strong>et</strong></span> <span class='ocrx_word' id='word_1_63' title='bbox 1186 1211 1291 1290; x_wconf 78' lang='lat' dir='ltr'><strong>genti-</strong></span> 
     </span>
     <span class='ocr_line' id='line_1_9' title="bbox 101 1308 1290 1393; baseline 0.002 -21"><span class='ocrx_word' id='word_1_64' title='bbox 101 1313 172 1374; x_wconf 86' lang='lat' dir='ltr'>lium</span> <span class='ocrx_word' id='word_1_65' title='bbox 196 1312 319 1374; x_wconf 90' lang='lat' dir='ltr'><strong>scilicet</strong></span> <span class='ocrx_word' id='word_1_66' title='bbox 342 1311 457 1372; x_wconf 85' lang='lat' dir='ltr'><strong>litteris</strong></span> <span class='ocrx_word' id='word_1_67' title='bbox 480 1308 666 1390; x_wconf 81' lang='lat' dir='ltr'><strong>religionem</strong></span> <span class='ocrx_word' id='word_1_68' title='bbox 691 1320 722 1373; x_wconf 87' lang='lat' dir='ltr'><strong>et</strong></span> <span class='ocrx_word' id='word_1_69' title='bbox 745 1313 894 1391; x_wconf 91' lang='lat' dir='ltr'><strong>pietatem</strong></span> <span class='ocrx_word' id='word_1_70' title='bbox 918 1313 950 1373; x_wconf 92' lang='lat' dir='ltr'><strong>in</strong></span> <span class='ocrx_word' id='word_1_71' title='bbox 973 1313 1152 1393; x_wconf 90' lang='lat' dir='ltr'><strong>periculum</strong></span> <span class='ocrx_word' id='word_1_72' title='bbox 1174 1311 1290 1375; x_wconf 79' lang='lat' dir='ltr'><strong>adduci</strong></span> 
     </span>
     <span class='ocr_line' id='line_1_10' title="bbox 102 1411 1290 1496; baseline 0.002 -20"><span class='ocrx_word' id='word_1_73' title='bbox 102 1425 211 1496; x_wconf 90' lang='lat' dir='ltr'><strong>putant</strong></span> <span class='ocrx_word' id='word_1_74' title='bbox 234 1425 266 1476; x_wconf 90' lang='lat' dir='ltr'><strong>et</strong></span> <span class='ocrx_word' id='word_1_75' title='bbox 288 1424 323 1477; x_wconf 94' lang='lat' dir='ltr'><strong>ut</strong></span> <span class='ocrx_word' id='word_1_76' title='bbox 346 1416 479 1476; x_wconf 75' lang='lat' dir='ltr'><strong>iuvenes</strong></span> <span class='ocrx_word' id='word_1_77' title='bbox 502 1431 590 1475; x_wconf 86' lang='lat' dir='ltr'><strong>sacra</strong></span> <span class='ocrx_word' id='word_1_78' title='bbox 613 1411 756 1476; x_wconf 89' lang='lat' dir='ltr'><strong>doctrina</strong></span> <span class='ocrx_word' id='word_1_79' title='bbox 781 1414 992 1478; x_wconf 89' lang='lat' dir='ltr'><strong>instituendos</strong></span> <span class='ocrx_word' id='word_1_80' title='bbox 1014 1415 1055 1477; x_wconf 90' lang='lat' dir='ltr'><strong>ab</strong></span> <span class='ocrx_word' id='word_1_81' title='bbox 1078 1435 1187 1478; x_wconf 89' lang='lat' dir='ltr'><strong>earum</strong></span> <span class='ocrx_word' id='word_1_82' title='bbox 1214 1437 1290 1478; x_wconf 87' lang='lat' dir='ltr'><strong>oon-</strong></span> 
     </span>
     <span class='ocr_line' id='line_1_11' title="bbox 101 1516 1289 1601; baseline 0 -21"><span class='ocrx_word' id='word_1_83' title='bbox 101 1523 222 1599; x_wconf 76' lang='lat' dir='ltr'><strong>[agione</strong></span> <span class='ocrx_word' id='word_1_84' title='bbox 251 1526 404 1600; x_wconf 77' lang='lat' dir='ltr'><strong>separent</strong></span> <span class='ocrx_word' id='word_1_85' title='bbox 425 1516 626 1598; x_wconf 80' lang='lat' dir='ltr'><strong>disciplinam</strong></span> <span class='ocrx_word' id='word_1_86' title='bbox 649 1517 798 1579; x_wconf 87' lang='lat' dir='ltr'><strong>cancellis</strong></span> <span class='ocrx_word' id='word_1_87' title='bbox 821 1517 1098 1582; x_wconf 88' lang='lat' dir='ltr'><strong>circumscribunt.</strong></span> <span class='ocrx_word' id='word_1_88' title='bbox 1145 1521 1178 1582; x_wconf 93' lang='lat' dir='ltr'><strong>in</strong></span> <span class='ocrx_word' id='word_1_89' title='bbox 1208 1539 1289 1601; x_wconf 91' lang='lat' dir='ltr'><strong>quo-</strong></span> 
     </span>
     <span class='ocr_line' id='line_1_12' title="bbox 102 1621 1289 1704; baseline 0.001 -20"><span class='ocrx_word' id='word_1_90' title='bbox 102 1642 167 1684; x_wconf 88' lang='lat' dir='ltr'><strong>rum</strong></span> <span class='ocrx_word' id='word_1_91' title='bbox 190 1622 418 1704; x_wconf 85' lang='lat' dir='ltr'><strong>superstitione</strong></span> <span class='ocrx_word' id='word_1_92' title='bbox 447 1621 594 1683; x_wconf 90' lang='lat' dir='ltr'><strong>nolumus</strong></span> <span class='ocrx_word' id='word_1_93' title='bbox 617 1623 813 1700; x_wconf 88' lang='lat' dir='ltr'><strong>commorari,</strong></span> <span class='ocrx_word' id='word_1_94' title='bbox 845 1641 917 1684; x_wconf 91' lang='lat' dir='ltr'><strong>cum</strong></span> <span class='ocrx_word' id='word_1_95' title='bbox 941 1642 1010 1684; x_wconf 91' lang='lat' dir='ltr'><strong>eam</strong></span> <span class='ocrx_word' id='word_1_96' title='bbox 1039 1641 1144 1704; x_wconf 90' lang='lat' dir='ltr'><strong>neque</strong></span> <span class='ocrx_word' id='word_1_97' title='bbox 1174 1624 1289 1685; x_wconf 90' lang='lat' dir='ltr'><strong>melius</strong></span> 
     </span>
     <span class='ocr_line' id='line_1_13' title="bbox 102 1725 1288 1807; baseline 0.001 -20"><span class='ocrx_word' id='word_1_98' title='bbox 102 1746 203 1807; x_wconf 88' lang='lat' dir='ltr'><strong>neque</strong></span> <span class='ocrx_word' id='word_1_99' title='bbox 232 1726 365 1789; x_wconf 90' lang='lat' dir='ltr'><strong>brevius</strong></span> <span class='ocrx_word' id='word_1_100' title='bbox 394 1733 502 1804; x_wconf 77' lang='lat' dir='ltr'><strong>notare</strong></span> <span class='ocrx_word' id='word_1_101' title='bbox 532 1725 689 1805; x_wconf 88' lang='lat' dir='ltr'><strong>possimus</strong></span> <span class='ocrx_word' id='word_1_102' title='bbox 717 1744 812 1804; x_wconf 91' lang='lat' dir='ltr'><strong>quam</strong></span> <span class='ocrx_word' id='word_1_103' title='bbox 843 1725 958 1788; x_wconf 84' lang='lat' dir='ltr'><strong>iactum</strong></span> <span class='ocrx_word' id='word_1_104' title='bbox 989 1735 1036 1787; x_wconf 87' lang='lat' dir='ltr'><strong>est</strong></span> <span class='ocrx_word' id='word_1_105' title='bbox 1059 1725 1219 1807; x_wconf 88' lang='lat' dir='ltr'><strong>quondam</strong></span> <span class='ocrx_word' id='word_1_106' title='bbox 1247 1727 1288 1788; x_wconf 88' lang='lat' dir='ltr'><strong>ab</strong></span> 
     </span>
     <span class='ocr_line' id='line_1_14' title="bbox 100 1813 1386 1907; baseline 0 -17"><span class='ocrx_word' id='word_1_107' title='bbox 100 1841 218 1892; x_wconf 86' lang='lat' dir='ltr'><strong>oratore</strong></span> <span class='ocrx_word' id='word_1_108' title='bbox 241 1816 468 1892; x_wconf 64' lang='lat' dir='ltr'><strong>universitatis</strong></span> <span class='ocrx_word' id='word_1_109' title='bbox 497 1836 640 1890; x_wconf 90' lang='lat' dir='ltr'><strong>nostrae:</strong></span> <span class='ocrx_word' id='word_1_110' title='bbox 673 1829 841 1890; x_wconf 87' lang='lat' dir='ltr'><strong>verissime</strong></span> <span class='ocrx_word' id='word_1_111' title='bbox 864 1831 950 1891; x_wconf 90' lang='lat' dir='ltr'><strong>enim</strong></span> <span class='ocrx_word' id='word_1_112' title='bbox 980 1831 1101 1892; x_wconf 88' lang='lat' dir='ltr'><strong>monuit</strong></span> <span class='ocrx_word' id='word_1_113' title='bbox 1130 1831 1340 1907; x_wconf 77' lang='lat' dir='ltr'><strong>Iulianumta}</strong></span> <span class='ocrx_word' id='word_1_114' title='bbox 1385 1813 1386 1817; x_wconf 23' lang='lat'>¹</span> 
     </span>
     <span class='ocr_line' id='line_1_15' title="bbox 101 1930 1286 2015; baseline 0.003 -22"><span class='ocrx_word' id='word_1_115' title='bbox 101 1935 320 2015; x_wconf 86' lang='lat' dir='ltr'><strong>imperatorem</strong></span> <span class='ocrx_word' id='word_1_116' title='bbox 344 1932 542 2009; x_wconf 85' lang='lat' dir='ltr'><strong>Christianis,</strong></span> <span class='ocrx_word' id='word_1_117' title='bbox 572 1949 635 2011; x_wconf 91' lang='lat' dir='ltr'><strong>quo</strong></span> <span class='ocrx_word' id='word_1_118' title='bbox 658 1949 712 1992; x_wconf 92' lang='lat' dir='ltr'><strong>eos</strong></span> <span class='ocrx_word' id='word_1_119' title='bbox 735 1930 1136 2012; x_wconf 77' lang='lat' dir='ltr'><strong>affligeret‚⁴interdixisse</strong></span> <span class='ocrx_word' id='word_1_120' title='bbox 1160 1934 1286 1996; x_wconf 86' lang='lat' dir='ltr'><strong>ethnica</strong></span> 
     </span>
     <span class='ocr_line' id='line_1_16' title="bbox 100 2034 1287 2118; baseline 0.002 -22"><span class='ocrx_word' id='word_1_121' title='bbox 100 2037 149 2098; x_wconf 89' lang='lat' dir='ltr'><strong>illa</strong></span> <span class='ocrx_word' id='word_1_122' title='bbox 172 2035 339 2118; x_wconf 79' lang='lat' dir='ltr'><strong>disciplina</strong></span> <span class='ocrx_word' id='word_1_123' title='bbox 367 2044 398 2098; x_wconf 90' lang='lat' dir='ltr'><strong>et</strong></span> <span class='ocrx_word' id='word_1_124' title='bbox 421 2034 630 2113; x_wconf 86' lang='lat' dir='ltr'><strong>institutione,</strong></span> <span class='ocrx_word' id='word_1_125' title='bbox 661 2044 694 2096; x_wconf 90' lang='lat' dir='ltr'><strong>et</strong></span> <span class='ocrx_word' id='word_1_126' title='bbox 717 2036 772 2115; x_wconf 91' lang='lat' dir='ltr'><strong>qui</strong></span> <span class='ocrx_word' id='word_1_127' title='bbox 795 2055 882 2098; x_wconf 89' lang='lat' dir='ltr'><strong>saera</strong></span> <span class='ocrx_word' id='word_1_128' title='bbox 909 2045 1015 2098; x_wconf 89' lang='lat' dir='ltr'><strong>nostra</strong></span> <span class='ocrx_word' id='word_1_129' title='bbox 1046 2037 1170 2099; x_wconf 89' lang='lat' dir='ltr'><strong>saeculo</strong></span> <span class='ocrx_word' id='word_1_130' title='bbox 1198 2044 1287 2098; x_wconf 85' lang='lat' dir='ltr'><strong>sexto</strong></span> 
     </span>
     <span class='ocr_line' id='line_1_17' title="bbox 101 2137 1288 2221; baseline 0.002 -21"><span class='ocrx_word' id='word_1_131' title='bbox 101 2139 218 2202; x_wconf 81' lang='lat' dir='ltr'><strong>dec-imo</strong></span> <span class='ocrx_word' id='word_1_132' title='bbox 240 2137 464 2204; x_wconf 90' lang='lat' dir='ltr'><strong>emendassent</strong></span> <span class='ocrx_word' id='word_1_133' title='bbox 493 2137 578 2199; x_wconf 91' lang='lat' dir='ltr'><strong>nulla</strong></span> <span class='ocrx_word' id='word_1_134' title='bbox 610 2156 643 2200; x_wconf 87' lang='lat' dir='ltr'><strong>re</strong></span> <span class='ocrx_word' id='word_1_135' title='bbox 667 2141 767 2219; x_wconf 76' lang='lat' dir='ltr'><strong>magis</strong></span> <span class='ocrx_word' id='word_1_136' title='bbox 790 2138 914 2202; x_wconf 90' lang='lat' dir='ltr'><strong>adiutos</strong></span> <span class='ocrx_word' id='word_1_137' title='bbox 942 2159 1012 2202; x_wconf 88' lang='lat' dir='ltr'><strong>esse</strong></span> <span class='ocrx_word' id='word_1_138' title='bbox 1042 2159 1137 2221; x_wconf 92' lang='lat' dir='ltr'><strong>quam</strong></span> <span class='ocrx_word' id='word_1_139' title='bbox 1167 2141 1288 2202; x_wconf 89' lang='lat' dir='ltr'><strong>renatis</strong></span> 
     </span>
     <span class='ocr_line' id='line_1_18' title="bbox 99 2240 1287 2324; baseline 0.003 -22"><span class='ocrx_word' id='word_1_140' title='bbox 99 2244 294 2324; x_wconf 89' lang='lat' dir='ltr'><strong>antiquitatis</strong></span> <span class='ocrx_word' id='word_1_141' title='bbox 323 2240 456 2320; x_wconf 85' lang='lat' dir='ltr'><strong>studiis,</strong></span> <span class='ocrx_word' id='word_1_142' title='bbox 489 2251 521 2304; x_wconf 89' lang='lat' dir='ltr'><strong>ct</strong></span> <span class='ocrx_word' id='word_1_143' title='bbox 550 2243 606 2323; x_wconf 90' lang='lat' dir='ltr'><strong>qui</strong></span> <span class='ocrx_word' id='word_1_144' title='bbox 636 2243 697 2304; x_wconf 83' lang='lat' dir='ltr'><strong>viri</strong></span> <span class='ocrx_word' id='word_1_145' title='bbox 727 2243 879 2305; x_wconf 88' lang='lat' dir='ltr'><strong>ecclesiae</strong></span> <span class='ocrx_word' id='word_1_146' title='bbox 907 2241 1119 2306; x_wconf 91' lang='lat' dir='ltr'><strong>emendationi</strong></span> <span class='ocrx_word' id='word_1_147' title='bbox 1151 2245 1287 2306; x_wconf 84' lang='lat' dir='ltr'><strong>maxime</strong></span> 
     </span>
     <span class='ocr_line' id='line_1_19' title="bbox 102 2346 1287 2428; baseline 0.003 -23"><span class='ocrx_word' id='word_1_148' title='bbox 102 2346 245 2409; x_wconf 86' lang='lat' dir='ltr'><strong>lavissent</strong></span> <span class='ocrx_word' id='word_1_149' title='bbox 275 2357 372 2427; x_wconf 88' lang='lat' dir='ltr'><strong>atque</strong></span> <span class='ocrx_word' id='word_1_150' title='bbox 396 2346 539 2426; x_wconf 88' lang='lat' dir='ltr'><strong>opitulati</strong></span> <span class='ocrx_word' id='word_1_151' title='bbox 563 2355 687 2426; x_wconf 85' lang='lat' dir='ltr'><strong>essent,</strong></span> <span class='ocrx_word' id='word_1_152' title='bbox 720 2365 773 2408; x_wconf 88' lang='lat' dir='ltr'><strong>eos</strong></span> <span class='ocrx_word' id='word_1_153' title='bbox 796 2346 894 2408; x_wconf 84' lang='lat' dir='ltr'><strong>fuisse</strong></span> <span class='ocrx_word' id='word_1_154' title='bbox 922 2347 1062 2428; x_wconf 89' lang='lat' dir='ltr'><strong>antiquis</strong></span> <span class='ocrx_word' id='word_1_155' title='bbox 1091 2346 1207 2409; x_wconf 86' lang='lat' dir='ltr'><strong>litteris</strong></span> <span class='ocrx_word' id='word_1_156' title='bbox 1237 2348 1287 2408; x_wconf 86' lang='lat' dir='ltr'><strong>in-</strong></span> 
     </span>
     <span class='ocr_line' id='line_1_20' title="bbox 100 2449 1286 2530; baseline 0.001 -20"><span class='ocrx_word' id='word_1_157' title='bbox 100 2451 319 2512; x_wconf 87' lang='lat' dir='ltr'><strong>structissimos</strong></span> <span class='ocrx_word' id='word_1_158' title='bbox 352 2469 389 2511; x_wconf 87' lang='lat' dir='ltr'><strong>ac</strong></span> <span class='ocrx_word' id='word_1_159' title='bbox 422 2450 634 2530; x_wconf 90' lang='lat' dir='ltr'><strong>politissimos.</strong></span> <span class='ocrx_word' id='word_1_160' title='bbox 691 2449 748 2512; x_wconf 88' lang='lat' dir='ltr'><strong>sed</strong></span> <span class='ocrx_word' id='word_1_161' title='bbox 778 2461 813 2512; x_wconf 89' lang='lat' dir='ltr'><strong>ut</strong></span> <span class='ocrx_word' id='word_1_162' title='bbox 844 2450 1013 2513; x_wconf 85' lang='lat' dir='ltr'><strong>redeamus</strong></span> <span class='ocrx_word' id='word_1_163' title='bbox 1045 2449 1086 2512; x_wconf 89' lang='lat' dir='ltr'><strong>ad</strong></span> <span class='ocrx_word' id='word_1_164' title='bbox 1121 2451 1205 2512; x_wconf 89' lang='lat' dir='ltr'><strong>iliam</strong></span> <span class='ocrx_word' id='word_1_165' title='bbox 1240 2452 1286 2512; x_wconf 90' lang='lat' dir='ltr'><strong>rei</strong></span> 
     </span>
     <span class='ocr_line' id='line_1_21' title="bbox 101 2551 1287 2634; baseline 0 -20"><span class='ocrx_word' id='word_1_166' title='bbox 101 2551 239 2632; x_wconf 89' lang='lat' dir='ltr'><strong>publicae</strong></span> <span class='ocrx_word' id='word_1_167' title='bbox 269 2572 364 2616; x_wconf 88' lang='lat' dir='ltr'><strong>eausa</strong></span> <span class='ocrx_word' id='word_1_168' title='bbox 400 2554 575 2615; x_wconf 92' lang='lat' dir='ltr'><strong>institutam</strong></span> <span class='ocrx_word' id='word_1_169' title='bbox 603 2553 845 2634; x_wconf 89' lang='lat' dir='ltr'><strong>disciplinarum</strong></span> <span class='ocrx_word' id='word_1_170' title='bbox 875 2552 1063 2632; x_wconf 88' lang='lat' dir='ltr'><strong>custodiam,</strong></span> <span class='ocrx_word' id='word_1_171' title='bbox 1096 2573 1158 2615; x_wconf 91' lang='lat' dir='ltr'><strong>non</strong></span> <span class='ocrx_word' id='word_1_172' title='bbox 1187 2571 1287 2634; x_wconf 78' lang='lat' dir='ltr'><strong>nega-</strong></span> 
     </span>
     <span class='ocr_line' id='line_1_22' title="bbox 102 2655 1287 2738; baseline 0.001 -21"><span class='ocrx_word' id='word_1_173' title='bbox 102 2675 166 2717; x_wconf 90' lang='lat' dir='ltr'><strong>mus</strong></span> <span class='ocrx_word' id='word_1_174' title='bbox 186 2657 292 2738; x_wconf 80' lang='lat' dir='ltr'><strong>legnm</strong></span> <span class='ocrx_word' id='word_1_175' title='bbox 316 2666 349 2718; x_wconf 91' lang='lat' dir='ltr'><strong>et</strong></span> <span class='ocrx_word' id='word_1_176' title='bbox 371 2665 613 2738; x_wconf 90' lang='lat' dir='ltr'><strong>praeceptorum</strong></span> <span class='ocrx_word' id='word_1_177' title='bbox 629 2655 748 2738; x_wconf 92' lang='lat' dir='ltr'><strong>quibus</strong></span> <span class='ocrx_word' id='word_1_178' title='bbox 771 2658 921 2719; x_wconf 83' lang='lat' dir='ltr'><strong>iuvenilis</strong></span> <span class='ocrx_word' id='word_1_179' title='bbox 942 2658 1121 2720; x_wconf 90' lang='lat' dir='ltr'><strong>litterarum</strong></span> <span class='ocrx_word' id='word_1_180' title='bbox 1143 2658 1287 2718; x_wconf 90' lang='lat' dir='ltr'><strong>tractatio</strong></span> 
     </span>
     <span class='ocr_line' id='line_1_23' title="bbox 102 2759 1286 2841; baseline 0.001 -23"><span class='ocrx_word' id='word_1_181' title='bbox 102 2769 258 2822; x_wconf 88' lang='lat' dir='ltr'><strong>coercetur</strong></span> <span class='ocrx_word' id='word_1_182' title='bbox 288 2769 320 2821; x_wconf 92' lang='lat' dir='ltr'><strong>et</strong></span> <span class='ocrx_word' id='word_1_183' title='bbox 349 2769 383 2822; x_wconf 92' lang='lat' dir='ltr'><strong>ut</strong></span> <span class='ocrx_word' id='word_1_184' title='bbox 407 2779 447 2822; x_wconf 86' lang='lat' dir='ltr'><strong>ex</strong></span> <span class='ocrx_word' id='word_1_185' title='bbox 475 2761 672 2841; x_wconf 90' lang='lat' dir='ltr'><strong>praescripto</strong></span> <span class='ocrx_word' id='word_1_186' title='bbox 699 2759 752 2822; x_wconf 87' lang='lat' dir='ltr'><strong>fiat</strong></span> <span class='ocrx_word' id='word_1_187' title='bbox 779 2760 970 2841; x_wconf 85' lang='lat' dir='ltr'><strong>praefinitur</strong></span> <span class='ocrx_word' id='word_1_188' title='bbox 999 2780 1069 2822; x_wconf 91' lang='lat' dir='ltr'><strong>eam</strong></span> <span class='ocrx_word' id='word_1_189' title='bbox 1100 2779 1168 2822; x_wconf 91' lang='lat' dir='ltr'><strong>esse</strong></span> <span class='ocrx_word' id='word_1_190' title='bbox 1197 2759 1286 2821; x_wconf 91' lang='lat' dir='ltr'><strong>utili-</strong></span> 
     </span>
     <span class='ocr_line' id='line_1_24' title="bbox 101 2862 1286 2945; baseline 0.002 -23"><span class='ocrx_word' id='word_1_191' title='bbox 101 2871 189 2924; x_wconf 87' lang='lat' dir='ltr'><strong>tatem</strong></span> <span class='ocrx_word' id='word_1_192' title='bbox 215 2874 250 2926; x_wconf 92' lang='lat' dir='ltr'><strong>ut</strong></span> <span class='ocrx_word' id='word_1_193' title='bbox 276 2862 477 2944; x_wconf 85' lang='lat' dir='ltr'><strong>aequabilem</strong></span> <span class='ocrx_word' id='word_1_194' title='bbox 500 2862 660 2944; x_wconf 90' lang='lat' dir='ltr'><strong>quandam</strong></span> <span class='ocrx_word' id='word_1_195' title='bbox 690 2865 966 2945; x_wconf 88' lang='lat' dir='ltr'><strong>plurimorumque</strong></span> <span class='ocrx_word' id='word_1_196' title='bbox 993 2882 1190 2927; x_wconf 83' lang='lat' dir='ltr'><strong>communem</strong></span> <span class='ocrx_word' id='word_1_197' title='bbox 1214 2862 1286 2925; x_wconf 86' lang='lat' dir='ltr'><strong>efii-</strong></span> 
     </span>
     <span class='ocr_line' id='line_1_25' title="bbox 101 2965 1286 3030; baseline 0.004 -5"><span class='ocrx_word' id='word_1_198' title='bbox 101 2965 179 3027; x_wconf 88' lang='lat' dir='ltr'><strong>ciant</strong></span> <span class='ocrx_word' id='word_1_199' title='bbox 206 2967 360 3029; x_wconf 89' lang='lat' dir='ltr'><strong>scientiae</strong></span> <span class='ocrx_word' id='word_1_200' title='bbox 390 2977 423 3028; x_wconf 91' lang='lat' dir='ltr'><strong>et</strong></span> <span class='ocrx_word' id='word_1_201' title='bbox 452 2966 644 3030; x_wconf 87' lang='lat' dir='ltr'><strong>eruditionis</strong></span> <span class='ocrx_word' id='word_1_202' title='bbox 674 2966 714 3029; x_wconf 93' lang='lat' dir='ltr'><strong>ad</strong></span> <span class='ocrx_word' id='word_1_203' title='bbox 744 2969 829 3028; x_wconf 87' lang='lat' dir='ltr'><strong>vitae</strong></span> <span class='ocrx_word' id='word_1_204' title='bbox 856 2986 949 3030; x_wconf 89' lang='lat' dir='ltr'><strong>usum</strong></span> <span class='ocrx_word' id='word_1_205' title='bbox 983 2968 1183 3030; x_wconf 87' lang='lat' dir='ltr'><strong>necessariae</strong></span> <span class='ocrx_word' id='word_1_206' title='bbox 1216 2987 1286 3030; x_wconf 90' lang='lat' dir='ltr'><strong>mc-</strong></span> 
     </span>
     <span class='ocr_line' id='line_1_26' title="bbox 101 3065 1284 3152; baseline 0.003 -24"><span class='ocrx_word' id='word_1_207' title='bbox 101 3065 306 3146; x_wconf 78' lang='lat' dir='ltr'><strong>diooritatem3</strong></span> <span class='ocrx_word' id='word_1_208' title='bbox 345 3070 423 3134; x_wconf 89' lang='lat' dir='ltr'><strong>iliud</strong></span> <span class='ocrx_word' id='word_1_209' title='bbox 454 3079 560 3134; x_wconf 89' lang='lat' dir='ltr'><strong>autem</strong></span> <span class='ocrx_word' id='word_1_210' title='bbox 590 3089 696 3152; x_wconf 90' lang='lat' dir='ltr'><strong>neque</strong></span> <span class='ocrx_word' id='word_1_211' title='bbox 730 3069 892 3132; x_wconf 89' lang='lat' dir='ltr'><strong>credimus</strong></span> <span class='ocrx_word' id='word_1_212' title='bbox 919 3089 1025 3151; x_wconf 89' lang='lat' dir='ltr'><strong>neque</strong></span> <span class='ocrx_word' id='word_1_213' title='bbox 1054 3071 1284 3133; x_wconf 76' lang='lat' dir='ltr'><strong>affirmaturum</strong></span> 
     </span>
     <span class='ocr_line' id='line_1_27' title="bbox 101 3173 1284 3256; baseline 0.003 -23"><span class='ocrx_word' id='word_1_214' title='bbox 101 3189 286 3255; x_wconf 90' lang='lat' dir='ltr'><strong>quemquam</strong></span> <span class='ocrx_word' id='word_1_215' title='bbox 317 3193 388 3236; x_wconf 92' lang='lat' dir='ltr'><strong>esse</strong></span> <span class='ocrx_word' id='word_1_216' title='bbox 416 3184 581 3256; x_wconf 90' lang='lat' dir='ltr'><strong>putamus,</strong></span> <span class='ocrx_word' id='word_1_217' title='bbox 615 3175 663 3235; x_wconf 91' lang='lat' dir='ltr'><strong>eis</strong></span> <span class='ocrx_word' id='word_1_218' title='bbox 692 3176 747 3253; x_wconf 89' lang='lat' dir='ltr'><strong>qui</strong></span> <span class='ocrx_word' id='word_1_219' title='bbox 778 3176 824 3235; x_wconf 88' lang='lat' dir='ltr'><strong>rei</strong></span> <span class='ocrx_word' id='word_1_220' title='bbox 855 3173 1001 3256; x_wconf 89' lang='lat' dir='ltr'><strong>publicae</strong></span> <span class='ocrx_word' id='word_1_221' title='bbox 1030 3175 1228 3256; x_wconf 91' lang='lat' dir='ltr'><strong>prospiciunt</strong></span> <span class='ocrx_word' id='word_1_222' title='bbox 1251 3175 1284 3237; x_wconf 94' lang='lat' dir='ltr'><strong>in</strong></span> 
     </span>
     <span class='ocr_line' id='line_1_28' title="bbox 103 3274 1285 3358; baseline 0.006 -25"><span class='ocrx_word' id='word_1_223' title='bbox 103 3274 157 3336; x_wconf 89' lang='lat' dir='ltr'><strong>ulla</strong></span> <span class='ocrx_word' id='word_1_224' title='bbox 180 3277 397 3340; x_wconf 84' lang='lat' dir='ltr'><strong>mediocritate</strong></span> <span class='ocrx_word' id='word_1_225' title='bbox 427 3278 469 3340; x_wconf 86' lang='lat' dir='ltr'><strong>ita</strong></span> <span class='ocrx_word' id='word_1_226' title='bbox 493 3297 563 3340; x_wconf 90' lang='lat' dir='ltr'><strong>esse</strong></span> <span class='ocrx_word' id='word_1_227' title='bbox 586 3276 854 3358; x_wconf 87' lang='lat' dir='ltr'><strong>acquiescendum</strong></span> <span class='ocrx_word' id='word_1_228' title='bbox 877 3287 911 3342; x_wconf 92' lang='lat' dir='ltr'><strong>ut</strong></span> <span class='ocrx_word' id='word_1_229' title='bbox 933 3297 1014 3357; x_wconf 84' lang='lat' dir='ltr'><strong>eam,</strong></span> <span class='ocrx_word' id='word_1_230' title='bbox 1046 3280 1105 3340; x_wconf 91' lang='lat' dir='ltr'><strong>etsi</strong></span> <span class='ocrx_word' id='word_1_231' title='bbox 1135 3297 1197 3340; x_wconf 93' lang='lat' dir='ltr'><strong>non</strong></span> <span class='ocrx_word' id='word_1_232' title='bbox 1227 3297 1285 3340; x_wconf 93' lang='lat' dir='ltr'><strong>vo-</strong></span> 
     </span>
     <span class='ocr_line' id='line_1_29' title="bbox 103 3377 1281 3463; baseline 0.004 -26"><span class='ocrx_word' id='word_1_233' title='bbox 103 3377 212 3442; x_wconf 90' lang='lat' dir='ltr'><strong>luntate</strong></span> <span class='ocrx_word' id='word_1_234' title='bbox 228 3392 259 3442; x_wconf 91' lang='lat' dir='ltr'><strong>et</strong></span> <span class='ocrx_word' id='word_1_235' title='bbox 275 3381 416 3460; x_wconf 85' lang='lat' dir='ltr'><strong>consilio,</strong></span> <span class='ocrx_word' id='word_1_236' title='bbox 442 3392 474 3444; x_wconf 87' lang='lat' dir='ltr'><strong>at</strong></span> <span class='ocrx_word' id='word_1_237' title='bbox 496 3383 631 3444; x_wconf 89' lang='lat' dir='ltr'><strong>instituti</strong></span> <span class='ocrx_word' id='word_1_238' title='bbox 655 3391 761 3444; x_wconf 88' lang='lat' dir='ltr'><strong>tamen</strong></span> <span class='ocrx_word' id='word_1_239' title='bbox 785 3382 905 3442; x_wconf 88' lang='lat' dir='ltr'><strong>ratione</strong></span> <span class='ocrx_word' id='word_1_240' title='bbox 928 3401 1031 3463; x_wconf 89' lang='lat' dir='ltr'><strong>paene</strong></span> <span class='ocrx_word' id='word_1_241' title='bbox 1048 3380 1281 3460; x_wconf 88' lang='lat' dir='ltr'><strong>commendent,</strong></span> 
     </span>
     <span class='ocr_line' id='line_1_30' title="bbox 104 3483 1284 3566; baseline 0.003 -24"><span class='ocrx_word' id='word_1_242' title='bbox 104 3485 279 3559; x_wconf 88' lang='lat' dir='ltr'><strong>praesertim</strong></span> <span class='ocrx_word' id='word_1_243' title='bbox 310 3504 383 3547; x_wconf 89' lang='lat' dir='ltr'><strong>cum</strong></span> <span class='ocrx_word' id='word_1_244' title='bbox 407 3485 439 3547; x_wconf 92' lang='lat' dir='ltr'><strong>in</strong></span> <span class='ocrx_word' id='word_1_245' title='bbox 463 3483 674 3547; x_wconf 88' lang='lat' dir='ltr'><strong>observandis</strong></span> <span class='ocrx_word' id='word_1_246' title='bbox 700 3484 1005 3566; x_wconf 84' lang='lat' dir='ltr'><strong>praescriptionibus</strong></span> <span class='ocrx_word' id='word_1_247' title='bbox 1035 3485 1104 3546; x_wconf 90' lang='lat' dir='ltr'><strong>istis</strong></span> <span class='ocrx_word' id='word_1_248' title='bbox 1134 3503 1224 3546; x_wconf 88' lang='lat' dir='ltr'><strong>error</strong></span> <span class='ocrx_word' id='word_1_249' title='bbox 1252 3494 1284 3546; x_wconf 90' lang='lat' dir='ltr'><strong>et</strong></span> 
     </span>
     <span class='ocr_line' id='line_1_31' title="bbox 103 3583 1284 3670; baseline 0.003 -26"><span class='ocrx_word' id='word_1_250' title='bbox 103 3583 209 3650; x_wconf 90' lang='lat' dir='ltr'><strong>abusus</strong></span> <span class='ocrx_word' id='word_1_251' title='bbox 231 3607 293 3651; x_wconf 92' lang='lat' dir='ltr'><strong>non</strong></span> <span class='ocrx_word' id='word_1_252' title='bbox 317 3589 418 3668; x_wconf 79' lang='lat' dir='ltr'><strong>magis</strong></span> <span class='ocrx_word' id='word_1_253' title='bbox 441 3589 553 3651; x_wconf 88' lang='lat' dir='ltr'><strong>evitari</strong></span> <span class='ocrx_word' id='word_1_254' title='bbox 577 3588 698 3670; x_wconf 88' lang='lat' dir='ltr'><strong>possint</strong></span> <span class='ocrx_word' id='word_1_255' title='bbox 721 3606 814 3668; x_wconf 90' lang='lat' dir='ltr'><strong>quam</strong></span> <span class='ocrx_word' id='word_1_256' title='bbox 845 3589 877 3649; x_wconf 88' lang='lat' dir='ltr'><strong>in</strong></span> <span class='ocrx_word' id='word_1_257' title='bbox 900 3589 1054 3669; x_wconf 88' lang='lat' dir='ltr'><strong>pristinae</strong></span> <span class='ocrx_word' id='word_1_258' title='bbox 1078 3587 1284 3651; x_wconf 87' lang='lat' dir='ltr'><strong>eonsuetudi-</strong></span> 
     </span>
     <span class='ocr_line' id='line_1_32' title="bbox 104 3690 1284 3773; baseline 0.003 -24"><span class='ocrx_word' id='word_1_259' title='bbox 104 3690 146 3751; x_wconf 89' lang='lat' dir='ltr'><strong>uis</strong></span> <span class='ocrx_word' id='word_1_260' title='bbox 166 3691 311 3755; x_wconf 84' lang='lat' dir='ltr'><strong>libertate</strong></span> <span class='ocrx_word' id='word_1_261' title='bbox 333 3693 440 3772; x_wconf 90' lang='lat' dir='ltr'><strong>sitque</strong></span> <span class='ocrx_word' id='word_1_262' title='bbox 455 3690 575 3756; x_wconf 89' lang='lat' dir='ltr'><strong>abusus</strong></span> <span class='ocrx_word' id='word_1_263' title='bbox 597 3692 651 3754; x_wconf 90' lang='lat' dir='ltr'><strong>ille</strong></span> <span class='ocrx_word' id='word_1_264' title='bbox 667 3700 700 3752; x_wconf 92' lang='lat' dir='ltr'><strong>et</strong></span> <span class='ocrx_word' id='word_1_265' title='bbox 716 3690 888 3754; x_wconf 89' lang='lat' dir='ltr'><strong>eruditioni</strong></span> <span class='ocrx_word' id='word_1_266' title='bbox 912 3703 944 3754; x_wconf 92' lang='lat' dir='ltr'><strong>et</strong></span> <span class='ocrx_word' id='word_1_267' title='bbox 967 3695 1013 3754; x_wconf 87' lang='lat' dir='ltr'><strong>rei</strong></span> <span class='ocrx_word' id='word_1_268' title='bbox 1036 3691 1184 3773; x_wconf 91' lang='lat' dir='ltr'><strong>publicae</strong></span> <span class='ocrx_word' id='word_1_269' title='bbox 1206 3711 1284 3772; x_wconf 89' lang='lat' dir='ltr'><strong>per-</strong></span> 
     </span>
     <span class='ocr_line' id='line_1_33' title="bbox 105 3793 1283 3876; baseline 0.003 -24"><span class='ocrx_word' id='word_1_270' title='bbox 105 3793 249 3857; x_wconf 86' lang='lat' dir='ltr'><strong>niciosior.</strong></span> <span class='ocrx_word' id='word_1_271' title='bbox 303 3813 410 3876; x_wconf 90' lang='lat' dir='ltr'><strong>neque</strong></span> <span class='ocrx_word' id='word_1_272' title='bbox 439 3798 526 3860; x_wconf 88' lang='lat' dir='ltr'><strong>enim</strong></span> <span class='ocrx_word' id='word_1_273' title='bbox 560 3797 593 3857; x_wconf 93' lang='lat' dir='ltr'><strong>in</strong></span> <span class='ocrx_word' id='word_1_274' title='bbox 623 3795 738 3857; x_wconf 88' lang='lat' dir='ltr'><strong>litteris</strong></span> <span class='ocrx_word' id='word_1_275' title='bbox 773 3797 914 3876; x_wconf 85' lang='lat' dir='ltr'><strong>ipsisque</strong></span> <span class='ocrx_word' id='word_1_276' title='bbox 949 3794 1145 3858; x_wconf 88' lang='lat' dir='ltr'><strong>iuvenilibus</strong></span> <span class='ocrx_word' id='word_1_277' title='bbox 1174 3813 1283 3858; x_wconf 91' lang='lat' dir='ltr'><strong>earum</strong></span> 
     </span>
     <span class='ocr_line' id='line_1_34' title="bbox 105 3895 1284 3980; baseline 0.004 -26"><span class='ocrx_word' id='word_1_278' title='bbox 105 3895 207 3961; x_wconf 91' lang='lat' dir='ltr'><strong>studiis</strong></span> <span class='ocrx_word' id='word_1_279' title='bbox 228 3899 329 3979; x_wconf 76' lang='lat' dir='ltr'><strong>magis</strong></span> <span class='ocrx_word' id='word_1_280' title='bbox 344 3917 440 3979; x_wconf 92' lang='lat' dir='ltr'><strong>quam</strong></span> <span class='ocrx_word' id='word_1_281' title='bbox 463 3900 497 3960; x_wconf 93' lang='lat' dir='ltr'><strong>in</strong></span> <span class='ocrx_word' id='word_1_282' title='bbox 513 3899 671 3962; x_wconf 89' lang='lat' dir='ltr'><strong>communi</strong></span> <span class='ocrx_word' id='word_1_283' title='bbox 695 3898 857 3961; x_wconf 91' lang='lat' dir='ltr'><strong>bominum</strong></span> <span class='ocrx_word' id='word_1_284' title='bbox 874 3901 937 3962; x_wconf 90' lang='lat' dir='ltr'><strong>vita</strong></span> <span class='ocrx_word' id='word_1_285' title='bbox 957 3901 1027 3962; x_wconf 89' lang='lat' dir='ltr'><strong>sine</strong></span> <span class='ocrx_word' id='word_1_286' title='bbox 1047 3919 1159 3980; x_wconf 81' lang='lat' dir='ltr'><strong>magna</strong></span> <span class='ocrx_word' id='word_1_287' title='bbox 1182 3898 1284 3960; x_wconf 89' lang='lat' dir='ltr'><strong>liber-</strong></span> 
     </span>
     <span class='ocr_line' id='line_1_35' title="bbox 107 3995 1284 4085; baseline 0.004 -27"><span class='ocrx_word' id='word_1_288' title='bbox 107 4007 160 4062; x_wconf 88' lang='lat' dir='ltr'><strong>tate</strong></span> <span class='ocrx_word' id='word_1_289' title='bbox 182 4003 351 4084; x_wconf 89' lang='lat' dir='ltr'><strong>quicquam</strong></span> <span class='ocrx_word' id='word_1_290' title='bbox 375 4002 445 4064; x_wconf 86' lang='lat' dir='ltr'><strong>lieri</strong></span> <span class='ocrx_word' id='word_1_291' title='bbox 474 4009 578 4083; x_wconf 88' lang='lat' dir='ltr'><strong>potest</strong></span> <span class='ocrx_word' id='word_1_292' title='bbox 604 4002 772 4082; x_wconf 89' lang='lat' dir='ltr'><strong>praeclari.</strong></span> <span class='ocrx_word' id='word_1_293' title='bbox 831 4004 938 4085; x_wconf 88' lang='lat' dir='ltr'><strong>itaque</strong></span> <span class='ocrx_word' id='word_1_294' title='bbox 966 3995 1084 4085; x_wconf 80' lang='lat' dir='ltr'><strong>pueros</strong></span> <span class='ocrx_word' id='word_1_295' title='bbox 1113 4012 1144 4065; x_wconf 91' lang='lat' dir='ltr'><strong>et</strong></span> <span class='ocrx_word' id='word_1_296' title='bbox 1171 4001 1284 4064; x_wconf 90' lang='lat' dir='ltr'><strong>adule-</strong></span> 
     </span>
     <span class='ocr_line' id='line_1_36' title="bbox 106 4105 1283 4170; baseline 0.006 -9"><span class='ocrx_word' id='word_1_297' title='bbox 106 4105 250 4168; x_wconf 86' lang='lat' dir='ltr'><strong>scentulos</strong></span> <span class='ocrx_word' id='word_1_298' title='bbox 272 4125 350 4168; x_wconf 91' lang='lat' dir='ltr'><strong>sane</strong></span> <span class='ocrx_word' id='word_1_299' title='bbox 370 4125 539 4168; x_wconf 90' lang='lat' dir='ltr'><strong>censemus</strong></span> <span class='ocrx_word' id='word_1_300' title='bbox 562 4105 595 4167; x_wconf 92' lang='lat' dir='ltr'><strong>in</strong></span> <span class='ocrx_word' id='word_1_301' title='bbox 618 4105 782 4168; x_wconf 88' lang='lat' dir='ltr'><strong>litterariis</strong></span> <span class='ocrx_word' id='word_1_302' title='bbox 805 4105 889 4170; x_wconf 90' lang='lat' dir='ltr'><strong>ludis</strong></span> <span class='ocrx_word' id='word_1_303' title='bbox 911 4108 953 4169; x_wconf 87' lang='lat' dir='ltr'><strong>ita</strong></span> <span class='ocrx_word' id='word_1_304' title='bbox 977 4105 1190 4170; x_wconf 89' lang='lat' dir='ltr'><strong>instituendos</strong></span> <span class='ocrx_word' id='word_1_305' title='bbox 1212 4125 1283 4168; x_wconf 88' lang='lat' dir='ltr'><strong>esse</strong></span> 
     </span>
     <span class='ocr_line' id='line_1_37' title="bbox 106 4207 1284 4292; baseline 0.007 -29"><span class='ocrx_word' id='word_1_306' title='bbox 106 4213 134 4265; x_wconf 89' lang='lat' dir='ltr'><strong>ut</strong></span> <span class='ocrx_word' id='word_1_307' title='bbox 158 4207 359 4290; x_wconf 89' lang='lat' dir='ltr'><strong>imponantur</strong></span> <span class='ocrx_word' id='word_1_308' title='bbox 388 4211 434 4271; x_wconf 88' lang='lat' dir='ltr'><strong>eis</strong></span> <span class='ocrx_word' id='word_1_309' title='bbox 468 4208 593 4270; x_wconf 86' lang='lat' dir='ltr'><strong>labores</strong></span> <span class='ocrx_word' id='word_1_310' title='bbox 626 4217 755 4289; x_wconf 87' lang='lat' dir='ltr'><strong>totaque</strong></span> <span class='ocrx_word' id='word_1_311' title='bbox 789 4209 933 4272; x_wconf 89' lang='lat' dir='ltr'><strong>discendi</strong></span> <span class='ocrx_word' id='word_1_312' title='bbox 971 4212 1049 4274; x_wconf 88' lang='lat' dir='ltr'><strong>ratio</strong></span> <span class='ocrx_word' id='word_1_313' title='bbox 1083 4210 1284 4292; x_wconf 81' lang='lat' dir='ltr'><strong>gubernetur</strong></span> 
     </span>
     <span class='ocr_line' id='line_1_38' title="bbox 106 4311 1282 4396; baseline 0.005 -26"><span class='ocrx_word' id='word_1_314' title='bbox 106 4315 286 4394; x_wconf 85' lang='lat' dir='ltr'><strong>praeceptis:</strong></span> <span class='ocrx_word' id='word_1_315' title='bbox 330 4331 522 4394; x_wconf 90' lang='lat' dir='ltr'><strong>quamquam</strong></span> <span class='ocrx_word' id='word_1_316' title='bbox 556 4311 590 4374; x_wconf 91' lang='lat' dir='ltr'><strong>id</strong></span> <span class='ocrx_word' id='word_1_317' title='bbox 624 4331 751 4392; x_wconf 89' lang='lat' dir='ltr'><strong>quoque</strong></span> <span class='ocrx_word' id='word_1_318' title='bbox 785 4314 924 4395; x_wconf 90' lang='lat' dir='ltr'><strong>optimus</strong></span> <span class='ocrx_word' id='word_1_319' title='bbox 963 4323 996 4376; x_wconf 91' lang='lat' dir='ltr'><strong>et</strong></span> <span class='ocrx_word' id='word_1_320' title='bbox 1029 4315 1282 4396; x_wconf 85' lang='lat' dir='ltr'><strong>sapientissimus</strong></span> 
     </span>
     <span class='ocr_line' id='line_1_39' title="bbox 107 4412 1282 4499; baseline 0.007 -27"><span class='ocrx_word' id='word_1_321' title='bbox 107 4412 229 4495; x_wconf 87' lang='lat' dir='ltr'><strong>quisque</strong></span> <span class='ocrx_word' id='word_1_322' title='bbox 244 4417 395 4497; x_wconf 79' lang='lat' dir='ltr'><strong>magister</strong></span> <span class='ocrx_word' id='word_1_323' title='bbox 409 4417 452 4478; x_wconf 92' lang='lat' dir='ltr'><strong>ita</strong></span> <span class='ocrx_word' id='word_1_324' title='bbox 468 4415 560 4478; x_wconf 80' lang='lat' dir='ltr'><strong>faciet</strong></span> <span class='ocrx_word' id='word_1_325' title='bbox 576 4426 612 4479; x_wconf 90' lang='lat' dir='ltr'><strong>ut</strong></span> <span class='ocrx_word' id='word_1_326' title='bbox 627 4435 733 4496; x_wconf 87' lang='lat' dir='ltr'><strong>neque</strong></span> <span class='ocrx_word' id='word_1_327' title='bbox 748 4418 901 4480; x_wconf 87' lang='lat' dir='ltr'><strong>varietate</strong></span> <span class='ocrx_word' id='word_1_328' title='bbox 923 4418 1123 4499; x_wconf 79' lang='lat' dir='ltr'><strong>ingeniorum</strong></span> <span class='ocrx_word' id='word_1_329' title='bbox 1139 4416 1282 4499; x_wconf 84' lang='lat' dir='ltr'><strong>neglecta</strong></span> 
     </span>
     <span class='ocr_line' id='line_1_40' title="bbox 108 4515 1282 4603; baseline 0.008 -29"><span class='ocrx_word' id='word_1_330' title='bbox 108 4515 206 4580; x_wconf 88' lang='lat' dir='ltr'><strong>eodem</strong></span> <span class='ocrx_word' id='word_1_331' title='bbox 223 4520 338 4583; x_wconf 72' lang='lat' dir='ltr'><strong>¹eadem</strong></span> <span class='ocrx_word' id='word_1_332' title='bbox 361 4518 453 4582; x_wconf 91' lang='lat' dir='ltr'><strong>modo</strong></span> <span class='ocrx_word' id='word_1_333' title='bbox 475 4519 516 4581; x_wconf 93' lang='lat' dir='ltr'><strong>ab</strong></span> <span class='ocrx_word' id='word_1_334' title='bbox 538 4519 686 4584; x_wconf 91' lang='lat' dir='ltr'><strong>omnibus</strong></span> <span class='ocrx_word' id='word_1_335' title='bbox 710 4521 816 4602; x_wconf 76' lang='lat' dir='ltr'><strong>exigat</strong></span> <span class='ocrx_word' id='word_1_336' title='bbox 838 4541 943 4603; x_wconf 86' lang='lat' dir='ltr'><strong>nequo</strong></span> <span class='ocrx_word' id='word_1_337' title='bbox 966 4541 1019 4584; x_wconf 91' lang='lat' dir='ltr'><strong>eos</strong></span> <span class='ocrx_word' id='word_1_338' title='bbox 1042 4541 1176 4602; x_wconf 90' lang='lat' dir='ltr'><strong>quorum</strong></span> <span class='ocrx_word' id='word_1_339' title='bbox 1197 4521 1282 4583; x_wconf 88' lang='lat' dir='ltr'><strong>vires</strong></span> 
     </span>
    </p>
   </div>
   <div class='ocr_carea' id='block_1_4' title="bbox 0 0 1643 5108">
    <p class='ocr_par' dir='ltr' id='par_1_4' title="bbox 0 0 1643 5108">
     <span class='ocr_line' id='line_1_41' title="bbox 0 0 1643 5108; baseline 0 0"><span class='ocrx_word' id='word_1_340' title='bbox 0 0 1643 5108; x_wconf 95' lang='lat' dir='ltr'><strong> </strong></span> 
     </span>
    </p>
   </div>
  </div>
 </body>
</html>
