3186 5108
394 1331 567 1434 INDEX
595 1333 913 1436 tuououvu
942 1331 1307 1436 luauvluvu
1340 1344 1454 1440 1861.

332 1588 406 1700 Ad
429 1635 536 1702 Iliadis
556 1659 623 1700 ruur
644 1658 676 1701 ν.
697 1640 769 1718 tol,
794 1637 850 1701 uhi
873 1639 1015 1701 Priamus
1037 1637 1201 1701 Hectorem
1224 1637 1338 1720 lugens
1360 1636 1498 1702 describi-

333 1751 396 1822 tur,
422 1735 499 1826 ἀμφὶ
522 1737 555 1804 δὲ
576 1734 673 1824 πολλὴ
696 1734 815 1826 Κόπρος
837 1737 890 1826 ἔην
913 1744 1031 1828 κεφαλῇ
1061 1764 1093 1804 τι
1114 1735 1166 1804 καὶ
1187 1736 1296 1827 αόχένι
1322 1741 1385 1806 τοῖο
1405 1739 1499 1827 γέρον-

332 1867 397 1924 τος,
430 1838 492 1928 Τήν
524 1843 561 1930 ρα
586 1839 795 1928 κυλινδόμενος
824 1838 1018 1929 καταμήσατο
1045 1839 1132 1930 χερσὶ
1160 1845 1272 1930 νιῇσιν,
1307 1849 1500 1928 interpretum

334 1959 477 2010 veterum
511 1947 627 2010 scholia
655 1945 814 2030 adsoripta
847 1959 922 2011 sunt
953 1958 1049 2030 atque
1079 1947 1120 2010 ab
1149 1949 1344 2012 immanuele
1373 1951 1500 2011 llehlrem

333 2050 463 2114 collecta
485 2051 594 2114 haece.
980 2043 985 2054 ’

420 2147 539 2240 Κόπρος
562 2151 702 2240 σημαίνει
718 2151 798 2240 τρία,
821 2149 870 2218 τὸν
893 2157 1000 2240 κῆπον,
1024 2145 1065 2226 ὡς
1087 2149 1139 2216 καὶ
1161 2148 1247 2237 ἡμεῖς
1268 2153 1403 2240 tmpus<
1422 2147 1502 2238 όνόγ·

333 2282 373 2343 κῃ
395 2255 516 2343 τέμενος
544 2255 622 2343 μέγα
650 2255 863 2343 κοπρίσσαντο”
892 2257 953 2320 Od.
978 2277 1037 2320 xvu
1062 2259 1150 2341 saal·
1187 2254 1240 2321 καὶ
1268 2254 1323 2344 τὴν
1351 2263 1407 2324 τῶν
1435 2258 1501 2344 βοῶν

333 2357 448 2438 στάσιν,
479 2355 521 2433 ὡς
547 2355 580 2425 τό
611 2359 783 2448 “μοκγθμῷ’
812 2355 842 2422 δ’
868 2354 925 2424 ἀπὸ
948 2355 1060 2447 κόπρου
1082 2353 1276 2426 ἑπεσσεόοντο
1298 2357 1437 2448 νοριόνδε”
1463 2361 1499 2444 (ΙΙ.

332 2483 403 2526 xvur
419 2463 507 2547 575)·
538 2461 590 2527 καὶ
612 2459 665 2549 τὴν
687 2457 780 2542 κόνιν,
806 2459 846 2535 ὡς
868 2463 1000 2528 ἐνταῦθα
1022 2460 1074 2528 καὶ
1096 2458 1137 2537 ὡς
1158 2460 1191 2528 τό
1215 2459 1293 2530 “itai
1317 2463 1351 2530 δὲ
1374 2463 1503 2551 στέρνοισι

331 2563 414 2652 κονίη
436 2561 532 2632 ἵστατ’
560 2561 737 2652 ἆειρομένγ”
766 2568 1002 2650 (thmueos).
1028 2571 1062 2629 B.

414 2664 605 2757 Ἀρίσταρχος
628 2664 751 2742 σποδός·
783 2667 860 2742 τινός
883 2667 916 2734 δὲ
938 2663 1059 2758 κόπρια.
1107 2664 1223 2755 “oditis
1246 2671 1278 2736 ἐν
1300 2666 1433 2758 χόρτοισι
1452 2693 1501 2733 κν-

330 2765 502 2858 λινδόμενος
525 2769 601 2838 κατὰ
623 2770 751 2860 κόπρον”
780 2774 878 2858 (hid).
925 2773 1065 2859 σημαίνει
1088 2771 1121 2838 δὲ
1147 2770 1199 2837 καὶ
1220 2771 1274 2860 τὴν
1298 2775 1428 2862 βοοστια.
1451 2773 1482 2835 v.

416 2871 435 2961 ἡ
460 2878 549 2962 διπλῆ
573 2869 619 2942 ότι
645 2874 678 2941 τό
706 2876 769 2942 τοῖο
797 2873 852 2941 οὐκ
881 2875 960 2941 ἔστιν
990 2873 1119 2963 ἀγαθοῦ,
1151 2871 1193 2950 ὡς
1221 2877 1250 2940 οἱ
1271 2872 1501 2964 γλωσσογράφοι,
1572 2917 1573 2924 1

330 2975 409 3046 illi
431 2981 644 3065 θαυμαστικῶς
664 2975 809 3045 τοιοότοο.
851 2976 902 3045 καὶ
923 2971 969 3045 ότι
990 2976 1098 3066 κόπρος
1119 2975 1157 3044 τὰ
1178 2974 1299 3067 κόπρια.
1325 2985 1360 3047 Β.

414 3084 557 3166 Adparet
580 3085 657 3147 haeo
678 3084 795 3146 soholia
817 3104 881 3146 non
903 3105 966 3147 uno
988 3085 1064 3147 vitio
1088 3085 1252 3166 inquinata
1270 3105 1354 3148 esse.
1389 3104 1424 3147 ao
1444 3083 1501 3165 pri-

330 3207 414 3250 mum
439 3188 569 3270 quidem
592 3189 740 3250 Lehrsius
764 3189 796 3250 in
819 3187 1095 3251 emendationibus
1123 3189 1314 3252 scholiorum
1337 3188 1501 3251 homerico-

330 3310 400 3354 rum
423 3311 502 3372 quas
519 3289 694 3354 Herodiano
717 3311 773 3354 suo
789 3291 904 3354 adiecit
926 3291 1032 3374 puta
1057 3293 1232 3354 rectissimo
1256 3292 1412 3355 intellexit
1432 3285 1501 3350 ridi·
1571 3311 1572 3330 ι

329 3396 398 3457 oule
422 3393 520 3457 tribui
538 3395 719 3458 Aristarcho
741 3386 788 3458 ότι
809 3387 918 3479 κόπρος
939 3388 976 3458 τὰ
998 3387 1121 3479 κόπρια,
1145 3413 1252 3476 neque
1271 3397 1378 3458 minus
1399 3391 1501 3476 pmha-

329 3497 438 3559 biliter
471 3499 594 3560 consuit
626 3497 831 3561 scribendum
855 3517 924 3560 osse
953 3489 999 3560 ότι
1027 3491 1136 3584 κόπρος
1164 3491 1316 3583 ἡτέφρα,
1351 3497 1392 3561 ad
1419 3513 1500 3578 quam

329 3601 519 3662 sententiam
548 3600 793 3663 oonlirmandam
823 3603 900 3663 scite
931 3620 1006 3663 usus
1035 3611 1083 3663 est
1112 3601 1229 3663 soholio
1257 3601 1297 3663 ad
1322 3601 1357 3662 ll.
1379 3619 1444 3663 auu
1465 3595 1498 3658 25

328 3703 499 3785 adscripto.
545 3702 663 3767 deinde
694 3715 868 3766 monstrum
898 3703 977 3766 illud
1007 3703 1092 3784 quod
1126 3724 1166 3766 ex
1197 3703 1278 3766 lihro
1301 3705 1427 3766 Victorii
1451 3698 1500 3762 ad-

330 3805 442 3887 fertur,
473 3799 527 3891 rip
551 3805 685 3892 βοοστιοι,
716 3805 797 3869 iaoili
821 3809 943 3888 negotio
971 3809 1126 3870 removeri
1156 3817 1275 3889 potest:
1310 3803 1499 3869 scribendum

330 3919 377 3972 est
399 3911 484 3972 enim
506 3903 560 3994 τήν
583 3907 773 3994 βουστασίαν,
803 3909 913 3972 eadem
943 3909 1087 3972 vooohnli
1115 3910 1215 3973 forma
1244 3930 1308 3992 qua
1336 3910 1378 3973 ad
1405 3901 1499 3991 κόπρον
1569 3947 1570 3992 .

330 4014 364 4072 in
386 4011 445 4075 Od.
468 4032 488 4073 x
510 4013 566 4074 lli
595 4014 626 4075 in
649 4011 857 4075 Ambrosiano
887 4011 969 4075 libro
998 4012 1193 4096 adscriptum
1222 4023 1269 4076 est
1298 4008 1353 4098 τήν
1382 4013 1499 4099 βοοστα·
1569 4033 1570 4127 γ

329 4111 407 4177 σίαν.
455 4114 576 4177 sedne
600 4115 679 4178 illud
702 4114 831 4198 quidem
855 4114 938 4195 quod
963 4116 1113 4196 inprimi
1137 4117 1246 4179 scholii
1270 4119 1362 4180 initio
1385 4117 1496 4197 legitur.

227 4227 231 4236 ’
328 4211 378 4278 τόν
400 4220 507 4300 κῆπον,
532 4217 609 4279 ferri
632 4218 696 4280 ullo
720 4217 810 4280 modo
832 4225 946 4298 potest.
985 4217 1189 4281 scribendum
1206 4239 1275 4281 esso
1297 4214 1353 4304 nia
1375 4223 1431 4283 τῶν
1446 4207 1497 4297 κή-

328 4341 391 4381 πων
420 4339 479 4400 per
501 4340 534 4381 se
556 4321 633 4382 satis
662 4331 746 4382 esset
767 4323 835 4382 veri
865 4321 968 4383 simile
1000 4322 1122 4383 etiamsi
1153 4341 1215 4383 non
1244 4323 1409 4386 aooederet
1434 4337 1498 4381 oon·
1568 4327 1569 4362 l

329 4422 441 4484 similis
467 4422 561 4502 plane
590 4421 745 4504 Apollonii
776 4423 934 4504 sophistae
958 4420 1080 4487 'notatio
1107 4446 1139 4506 p.
1165 4423 1237 4504 ⁴023
1268 4421 1378 4513 κόπρος
1404 4419 1423 4508 ἡ
1447 4423 1497 4483 τῶν

329 4517 442 4609 κήπων,
470 4517 510 4595 ὡς
533 4521 584 4587 καὶ
606 4517 706 4607 ἡμεῖς.
746 4523 827 4608 λέγει
849 4522 883 4588 δὲ
905 4515 998 4597 οότως
1021 4522 1072 4589 καὶ
1094 4521 1148 4612 τὴν
1171 4521 1263 4592 κόνιν.
1302 4525 1335 4594 τό
1358 4525 1408 4613 μὲν
1428 4517 1494 4609 πρό-
