3186 5108
312 347 383 457 13ᾼ
603 363 692 426 imm
713 381 882 427 naariam
903 381 1088 426 ammam
1107 361 1201 424 4857.

307 554 447 635 possint,
478 562 515 615 ut
538 553 570 613 in
592 552 692 614 altero
721 561 753 614 et
775 552 912 614 maxime
942 553 975 613 in
998 551 1101 633 primo
1124 551 1264 614 carmine
1294 569 1332 612 ea
1353 549 1482 614 dicantur

308 654 426 737 quibus
441 655 618 718 communis
633 655 789 736 opinionis
813 654 892 718 fides
914 656 1074 718 elevetur:
1108 657 1238 717 tertium
1258 673 1383 716 carmen
1404 654 1481 714 alteri

308 768 440 841 propter
455 757 616 839 quandam
631 761 810 839 argumenti
834 768 866 821 et
889 757 1006 820 formae
1030 757 1272 820 similitudinem
1287 755 1362 820 addi
1383 756 1480 838 potuit.

394 862 461 922 Non
489 860 582 924 aliter
612 871 717 924 autem
746 881 783 924 ac
811 881 868 922 nos
899 859 1033 924 fecimus
1056 861 1186 924 Carolus
1211 863 1426 924 Lachmannus
1451 857 1482 920 de

308 965 367 1026 hac
389 967 576 1045 quaestione
598 963 727 1027 videtur
750 963 919 1027 iudicasse.
966 965 1021 1046 qui
1052 983 1124 1028 cum
1147 965 1301 1027 Waltheri
1325 963 1484 1044 Vogelwei-

307 1065 416 1129 densis
450 1069 590 1129 carmina
624 1066 735 1130 ederet
769 1077 802 1128 et
833 1077 966 1149 propter
998 1067 1158 1149 quoddam
1196 1087 1307 1150 poema
1340 1065 1483 1128 Reinmari

306 1169 491 1233 ostenderet
520 1171 650 1254 lyricam
674 1171 902 1234 Germanorum
932 1172 1042 1253 poesin
1064 1172 1276 1254 antiquiorem
1299 1189 1369 1234 esso
1390 1170 1484 1232 ultimo

307 1271 425 1336 saeculi
449 1273 628 1336 duodecimi
653 1283 794 1356 tempore
819 1275 952 1358 eiusque
977 1275 1023 1336 rei
1047 1276 1231 1336 memoriam
1253 1294 1318 1337 non
1341 1275 1484 1336 interiissc

307 1377 432 1439 saeculo
462 1379 556 1440 tertio
586 1377 726 1457 decimo,
763 1379 812 1439 his
841 1379 924 1440 inter
951 1379 1010 1440 alia
1041 1376 1151 1440 verbis
1173 1397 1250 1442 usus
1273 1388 1332 1457 est,
1363 1377 1403 1460 (p.
1423 1375 1480 1456 tut)

310 1481 434 1542 ‘kaiser
464 1482 615 1544 Heinrich
646 1479 721 1543 dem
750 1501 779 1542 u
808 1481 936 1543 schrieb
970 1500 1044 1543 man
1075 1481 1282 1544 liebeslieder
1315 1501 1377 1560 au,
1410 1479 1485 1542 nicht

308 1594 391 1646 etwa
413 1593 485 1666 spat
508 1584 664 1646 nachdem
687 1585 756 1646 sich
779 1584 832 1646 die
856 1585 1055 1664 erinneruug
1078 1586 1272 1648 verdunkelt
1296 1586 1394 1664 hatte,
1423 1601 1486 1644 son-

308 1685 390 1748 dem
415 1688 456 1749 im
480 1671 690 1750 dreiaehnten
710 1687 948 1766 jahrhundcrt.'
993 1689 1123 1752 tertium
1152 1687 1313 1753 decimum
1340 1687 1485 1750 saeotdum

308 1791 565 1852 commemoravit
587 1809 650 1852 non
673 1793 763 1871 quasi
785 1801 913 1871 putaret
936 1789 1060 1857 codices
1079 1793 1337 1874 Wingartensem
1360 1801 1392 1854 ot
1413 1787 1486 1852 Pari·
1567 1803 1568 1844 t

307 1894 414 1955 sinum
437 1912 475 1955 eo
496 1894 622 1955 saeculo
651 1894 785 1975 scriptos
808 1913 889 1972 esse,
922 1893 979 1958 sed
1009 1893 1094 1976 quod
1124 1915 1165 1958 ex
1187 1898 1363 1958 vetustiore
1392 1911 1487 1956 exem-

309 1996 390 2077 plari
425 1998 565 2058 carmina
599 1997 651 2058 illa
685 2016 756 2060 cum
790 1999 997 2080 inscriptione
1030 2019 1086 2061 sua
1119 2009 1246 2080 sumpta
1279 2008 1369 2077 sunt,
1403 2015 1485 2080 quau

309 2099 427 2162 librum
451 2101 577 2162 saeculo
599 2101 694 2162 tertio
717 2099 840 2162 decimo
863 2103 1017 2183 scriptum
1047 2103 1145 2165 fuisse
1168 2113 1415 2166 consentaneum
1435 2108 1483 2176 est,

311 2221 383 2265 oum
406 2203 639 2283 wingartensis
667 2202 750 2266 liber
772 2205 903 2267 ineunte
926 2206 1052 2267 saeculo
1074 2215 1187 2287 quarto
1209 2205 1332 2268 decimo
1355 2213 1487 2268 exaratus

310 2306 362 2368 sit.
420 2324 527 2386 neque
560 2307 619 2368 hoc
652 2325 759 2388 neque
793 2327 945 2390 quorsum
979 2309 1102 2389 reliqua
1135 2327 1153 2370 a
1186 2309 1385 2372 Lachmanuo
1415 2306 1485 2369 dicta
1568 2289 1569 2384 i

311 2417 419 2471 essent
448 2409 642 2472 Simrockius
670 2409 801 2473 videtur
831 2421 916 2474 reete
946 2412 1153 2476 intellexisse.
1211 2413 1393 2476 cautissime
1420 2427 1485 2472 sane

308 2511 528 2574 lachmannus
556 2512 679 2576 locutus
702 2523 761 2594 est,
793 2513 851 2578 sed
873 2524 909 2579 ut
931 2524 1037 2578 tamen
1059 2517 1240 2598 opinionem
1263 2534 1354 2578 suam
1378 2515 1486 2596 aliqua·

309 2624 403 2678 tenus
426 2615 629 2696 signiticaret.
