3240 5094
377 1035 550 1135 INDEX
579 1034 899 1134 nuculeum
930 1035 1298 1134 Hlssuuuauvn
1332 1045 1451 1138 1870.

322 1293 479 1422 scriptor
509 1339 691 1420 ingeniosus
721 1339 774 1419 qui
804 1336 845 1400 de
874 1337 1002 1400 sublimi
1025 1337 1218 1420 disputavit,
1243 1339 1424 1420 ignorabilis
1445 1337 1492 1399 ille

319 1445 447 1507 nomine
475 1443 556 1524 (nam
573 1443 731 1523 Longinus
746 1460 913 1523 perperam
928 1441 1131 1524 adpellatur),
1156 1443 1258 1525 capite
1280 1463 1310 1504 rx
1332 1444 1440 1524 pagina
1455 1443 1490 1502 23

321 1547 550 1628 exemplarium
572 1545 613 1607 ab
633 1545 747 1606 Ottone
763 1545 870 1606 lahnio
893 1563 1004 1626 magna
1028 1545 1207 1609 eruditione
1230 1565 1406 1628 magnaque
1427 1545 1493 1608 nul-

319 1653 422 1732 lisque
456 1669 561 1730 neque
593 1647 755 1710 aerumnis
788 1667 892 1728 neque
925 1650 1175 1730 ingravescentis
1208 1649 1309 1712 morbi
1342 1647 1493 1712 doloribus

320 1754 484 1816 debilitata
506 1752 668 1832 diligentia
692 1759 948 1833 procuratorum,
975 1750 1169 1830 haecdicit,
1193 1743 1264 1817 ὅθεν
1287 1752 1319 1816 ἐν
1341 1747 1492 1838 τἠὈδυσ-

320 1855 387 1940 σιίιρ
414 1849 598 1942 παρεικάσαι
626 1877 669 1925 τις
698 1846 734 1917 ἂν
761 1854 976 1941 καταδοομένιρ
1004 1850 1053 1918 τδν
1074 1847 1208 1940 Ὅμηρον
1236 1849 1334 1942 ἡλίιρ,
1364 1847 1399 1920 οὗ
1427 1853 1492 1940 δίχα

318 1966 371 2046 τῆς
400 1951 600 2045 σφοδρότητος
628 1956 795 2043 παραμένει
823 1951 856 2020 τὸ
886 1957 1025 2042 μέγεθος.
1069 1953 1107 2024 od
1135 1953 1192 2044 γάρ
1220 1956 1265 2022 ἔτι
1286 1959 1348 2032 τοῖς
1364 1956 1493 2028 Ἰλιακοῖς

319 2062 444 2135 ἐκείνοις
465 2057 628 2146 ποιήμασιν
650 2057 714 2124 ἴσον
737 2060 869 2124 ἐνταῦθα
890 2056 983 2147 σῴζει
999 2056 1049 2124 τὸν
1064 2056 1167 2140 τόνον,
1191 2057 1256 2127 οὐδ’
1276 2061 1493 2148 ἐξωμαλισμένα

318 2164 356 2252 τὰ
378 2159 439 2253 ὕψη
463 2162 515 2230 καί
539 2162 669 2249 ἱζήματα
685 2165 827 2249 μηδαμοῦ
842 2161 1052 2250 λαμβάνοντα,
1076 2160 1147 2229 οὐδὲ
1168 2161 1221 2250 τήν
1236 2161 1383 2254 πρόχυσιν
1398 2163 1492 2252 δμοίαν

317 2276 377 2336 τῶν
399 2264 579 2353 ἐπαλλήλων
600 2268 725 2345 παθῶν,
754 2263 824 2332 otti
844 2263 878 2331 τδ
901 2263 1101 2355 ἀγχίστροφον
1124 2264 1174 2332 καί
1194 2267 1345 2334 πολιτικὸν
1368 2267 1492 2340 καὶτοῖς

318 2376 353 2439 ἐκ
374 2378 427 2459 τῆς
458 2369 602 2457 ἀληθείας
632 2370 810 2457 φαντασίαις
839 2371 1164 2456 καταπεπυκνωμένον,
1195 2367 1264 2438 ἄλλ’
1290 2371 1354 2439 οἷον
1377 2369 1491 2460 δποχω-

318 2480 437 2563 ροῦντος
459 2476 502 2548 τίς
525 2470 630 2539 ἑαυτὸν
649 2470 793 2540 Ὠκεανοῦ
822 2471 872 2538 καί
894 2471 962 2561 περί
983 2469 1020 2538 τά
1036 2470 1106 2564 ιἰ’δια
1128 2474 1221 2562 μίτρα
1242 2471 1491 2563 ἐρημονμάνοοτδ

318 2577 421 2646 λοιπὸν
451 2578 607 2666 φαίνονται
636 2583 687 2642 τοῦ
721 2577 866 2662 μεγέθους
899 2573 1069 2662 ἀμπώτιδες
1097 2573 1152 2642 κάν
1181 2579 1242 2654 τοῖς
1271 2577 1422 2665 μοθωδεσι
1447 2577 1492 2643 καί

318 2681 451 2754 ἀπίστοις
473 2677 606 2755 πλάνοις.
647 2702 718 2744 cum
741 2684 895 2764 seriptum
918 2693 1002 2746 esset
1023 2677 1150 2762 πλάνος,
1176 2687 1323 2748 Peareius
1342 2685 1376 2747 id
1391 2687 1492 2747 rectis-

318 2788 398 2850 sime
430 2789 462 2848 in
491 2780 614 2858 πλάνοις
644 2787 786 2848 mutavit.
833 2794 1036 2868 opponuntur
1058 2789 1144 2849 enim
1167 2787 1327 2870 Odysseae
1355 2783 1492 2872 μυθώδεις

319 2887 370 2954 καί
392 2881 510 2954 ἄπιστοι
531 2883 639 2954 πλάνοι
660 2888 767 2952 iliadis
794 2890 855 2952 illis
877 2889 912 2952 ἐκ
932 2892 985 2974 τῆς
1008 2885 1155 2974 άληθείας
1183 2889 1372 2976 φαντασίαις.
1417 2891 1492 2973 quod

319 2997 456 3076 Toupius
493 2991 699 3055 scribendum
732 3012 805 3076 ⁴esse
843 2995 967 3055 censuit
1001 2993 1066 3066 ταῖς
1104 2989 1258 3077 μοθοίδισι
1290 2992 1341 3060 καί
1373 2991 1493 3064 άπίστοις

314 3093 480 3168 Ὀδυσσέως
501 3090 628 3168 πλάναις
656 3097 767 3160 inutile
790 3107 848 3158 est.
896 3099 964 3178 ipse
987 3097 1066 3159 nihil
1088 3101 1198 3162 verius
1220 3119 1290 3163 esse
1316 3101 1374 3163 hae
1394 3118 1494 3164 emec-

318 3202 446 3264 datione
474 3200 658 3263 adseverat:
692 3199 812 3281 ubique
843 3201 928 3264 enirn
957 3209 1020 3262 tarn
1049 3199 1166 3282 gaudet
1195 3203 1227 3266 in
1255 3223 1289 3266 se
1320 3213 1443 3285 tamque
1463 3222 1492 3262 se

320 3307 388 3386 ipse
412 3306 556 3367 miratur.
604 3302 661 3365 sed
694 3323 756 3366 non
786 3314 889 3386 potest
918 3305 994 3366 lerri
1019 3306 1102 3386 quod
1125 3315 1217 3370 antea
1240 3309 1358 3388 legitur
1378 3299 1493 3390 περὶτὰ

317 3405 381 3472 ἴδια
405 3405 497 3493 μίτρα
519 3406 735 3491 δρημοομένου.
776 3408 862 3470 nullo
885 3409 968 3470 enim
986 3407 1076 3470 modo
1092 3411 1230 3492 Toupius
1247 3411 1425 3474 audiendus
1439 3419 1490 3485 est,

318 3513 374 3593 qui
403 3512 565 3573 Oceanum
595 3513 677 3572 intra
706 3511 783 3574 lines
812 3531 885 3574 suos
914 3511 1115 3574 recedentem
1150 3513 1400 3594 intellegendum
1432 3531 1492 3574 esse

318 3616 456 3698 putavit:
488 3633 559 3676 uam
583 3625 614 3677 et
637 3616 755 3698 ίοηρίιιι
779 3634 836 3696 per
858 3635 892 3676 se
917 3615 1058 3696 ineptum
1083 3625 1130 3677 est
1154 3627 1184 3678 el
1207 3636 1396 3698 perversum
1417 3612 1491 3697 quod

318 3721 427 3781 statuit
455 3717 643 3804 ἐρημοῦσθαι
672 3738 742 3781 esse
765 3719 883 3802 loupius
905 3719 1054 3780 recedere.
1102 3721 1195 3782 simul
1218 3721 1277 3782 alia
1302 3721 1491 3803 supprimere

319 3806 419 3884 noluit
448 3824 544 3885 multo
573 3822 667 3884 etiam
698 3823 853 3902 ineptiora
876 3831 907 3882 et
930 3840 1011 3901 quae
1035 3832 1220 3903 repetantur
1243 3824 1337 3905 plane
1360 3823 1489 3904 indigna.

319 3925 470 3988 mendum
494 3923 579 3988 baud
602 3923 700 3987 dubie
716 3936 765 3987 est
788 3927 820 3987 in
844 3927 895 3987 illo
917 3924 1140 4010 ἐρημουμένου,
1166 3927 1298 4007 pulchre
1314 3936 1418 3991 autern
1434 3925 1493 3986 Pri-

317 4049 412 4092 caeus
435 4040 466 4090 et
481 4029 690 4092 lluhnlenius
713 4029 940 4091 intellexerunt
962 4029 1167 4092 scribendum
1190 4050 1261 4092 esse
1283 4025 1489 4115 ἡμιροομίνοι.

318 4131 374 4193 scd
403 4135 509 4194 minus
532 4131 733 4213 probandum
764 4143 812 4194 est
842 4131 925 4214 quod
955 4153 972 4194 a
996 4135 1130 4196 Manutio
1160 4133 1408 4215 adsumpserunt
1433 4125 1491 4214 περί

317 4230 354 4298 τά
376 4231 439 4298 ἴδια
461 4233 605 4320 τέρματα.
653 4255 758 4317 neque
782 4237 867 4298 enim
884 4234 984 4298 iacilis
1000 4246 1047 4299 est
1071 4238 1127 4298 ista
1153 4238 1281 4298 mulatio
1305 4257 1410 4318 neque
1426 4235 1492 4297 satis

317 4349 426 4419 aptum
455 4337 534 4423 cepi.
580 4340 732 4402 nimirum
762 4341 794 4400 in
825 4338 979 4401 eiusmodi
1003 4341 1160 4401 sententia
1183 4342 1378 4421 requirimus
1400 4339 1491 4421 potius

317 4443 349 4506 ἐν
372 4441 433 4513 τοῖς
458 4440 542 4514 ἰδίοις
566 4440 707 4527 τέρμασιν
730 4443 780 4504 vel
803 4436 885 4514 ἐντὸς
906 4446 965 4505 τῶν
990 4441 1072 4506 ἰδίων
1094 4437 1256 4528 τερμάτων.
1306 4463 1409 4526 neque
1430 4461 1490 4503 ora-
