3186 5108
312 341 383 416 132
604 358 694 421 lunnx
716 377 884 422 taurinum
905 376 1090 422 alemannis
1109 359 1203 422 test.

306 545 376 607 ztlic
397 545 475 608 mich
497 551 513 608 e
536 546 591 608 der
613 545 737 628 trenel:
771 567 858 611 nune
887 567 958 609 cum
988 549 1189 610 coniunctivo
1217 549 1383 628 praeteriti
1411 548 1494 611 modo

307 659 415 711 utatur
438 659 565 730 totaque
588 652 686 712 oratio
709 652 750 712 sit
773 650 1009 730 condicionalis,
1042 651 1119 712 satis
1142 659 1265 713 eertum
1290 661 1338 713 est
1362 653 1494 734 potuisse

309 753 352 813 ita
375 753 461 832 loqui
486 754 627 815 cuiusvis
655 753 778 815 ordinis
800 755 960 816 hominem
983 772 1089 834 neque
1112 773 1193 835 opus
1217 752 1315 816 luisse
1345 765 1381 817 ut
1403 753 1495 816 adde·
1585 801 1586 806 η

310 865 359 918 ret
391 857 428 917 ‘si
452 875 511 916 rex
534 857 660 936 essem,’
693 859 813 938 quippe
837 854 923 938 quod
952 876 1011 939 per
1033 876 1068 918 se
1091 856 1345 937 intellegeretur.
1393 877 1495 920 versa-

308 969 361 1020 tur
388 969 495 1021 autem
524 959 622 1021 oratio
652 961 685 1021 in
716 961 871 1022 sententia
907 971 1071 1041 poetarum
1100 959 1325 1022 amatoriorum
1355 979 1495 1022 sermone
1585 961 1586 1004 l

307 1062 490 1140 tritissima,
528 1073 563 1123 ut
590 1081 652 1124 non
683 1083 762 1144 opus
793 1082 862 1124 esse
891 1063 1040 1126 videatur
1076 1064 1246 1126 multorum
1284 1063 1494 1146 exemplomm

307 1165 554 1227 coacervatione.
614 1165 869 1248 comparabimus
901 1177 1008 1228 tamen
1042 1186 1105 1228 non
1139 1166 1243 1228 nullos
1276 1177 1405 1248 poetas,
1447 1167 1496 1230 sed
1585 1163 1586 1230 l

306 1269 486 1330 Theotiscos
508 1279 642 1348 tantum,
675 1289 715 1332 ne
746 1269 841 1331 latius
863 1279 997 1350 vagetur
1026 1269 1209 1350 disputatio.
1257 1270 1364 1351 itaque
1388 1272 1497 1334 llenri-

306 1391 362 1434 cus
385 1372 604 1451 Morungensis
627 1372 705 1433 haec
728 1370 806 1433 dicit
827 1370 945 1452 (Bodm.
967 1373 996 1452 l,
1015 1373 1079 1455 55⁸)
1108 1372 1169 1434 doz
1194 1371 1239 1435 iet
1262 1380 1295 1434 sd
1317 1372 1497 1437 herzecltcle
1585 1359 1586 1380 ἶ

281 1474 357 1536 eoin
380 1495 421 1536 oo
444 1477 473 1536 si
494 1475 623 1536 ver-doto
645 1475 705 1536 doz
730 1475 776 1537 icit
799 1477 847 1536 cin
869 1474 1044 1538 liioicrtclre
1062 1474 1119 1557 fiir
1141 1463 1178 1536 ir'
1201 1477 1303 1538 minoe
1325 1477 1392 1539 nilot
1414 1497 1498 1540 enoe-

305 1597 372 1640 mcn
402 1577 516 1657 wolde,
556 1577 591 1638 ob
618 1578 665 1640 icit
695 1579 783 1640 teilco
812 1578 893 1639 uode
922 1580 1019 1641 welca
1049 1578 1142 1640 soloe.
1194 1588 1286 1660 poeta
1309 1579 1497 1643 Gliersensis

311 1680 351 1762 (l,
371 1681 435 1762 tm]
464 1680 510 1742 iolr
533 1680 637 1742 storbo
658 1700 770 1764 perper
794 1681 875 1761 (dost
897 1684 945 1743 cio
968 1688 1036 1743 not:
1071 1683 1100 1743 ir
1122 1681 1196 1744 liobe
1225 1684 1286 1744 mir
1308 1683 1374 1746 otoo
1405 1684 1496 1768 pehti)

305 1784 457 1846 deutlich
487 1783 547 1845 (loz
579 1783 661 1845 recte
689 1785 771 1846 solde
799 1783 861 1846 loro
890 1784 955 1846 uod
982 1784 1056 1846 obeo·
1079 1785 1108 1845 ir
1130 1784 1222 1847 duldc
1243 1792 1344 1848 mitcse
1366 1787 1442 1864 ldo;
1471 1789 1497 1848 in

305 1889 403 1950 wolde
431 1887 497 1950 adt
526 1889 574 1947 ein
597 1886 696 1950 leiscr
717 1894 786 1949 sto:
818 1895 850 1952 sd
873 1888 931 1968 liep
955 1888 995 1948 ist
1015 1887 1076 1948 mir
1099 1887 1152 1950 diu
1171 1888 1273 1970 frowc
1295 1895 1368 1950 mlo.
1419 1889 1497 1951 idem

310 1993 396 2071 {llap
417 1993 445 2069 l,
466 1992 551 2072 tor)
587 1992 634 2053 iet
657 1991 755 2054 wolde
784 1991 921 2052 reilleio
946 1989 1045 2052 leiser
1067 1997 1127 2066 sto,
1160 1989 1222 2052 doz
1252 1989 1298 2053 ich
1330 1990 1379 2054 die
1410 1992 1497 2055 luben

307 2113 453 2155 mornaco
475 2103 539 2156 mlo
560 2095 675 2177 pesoehc
697 2097 812 2156 niemer
838 2095 938 2155 zellen
961 2101 1069 2176 lopcru
1093 2112 1148 2154 son
1170 2093 1269 2156 wolde
1290 2095 1337 2156 icit
1359 2095 1427 2158 niti
1448 2096 1499 2158 der

304 2195 396 2258 lrdoe
424 2205 543 2280 tropeo.
597 2197 749 2261 liudolfus
780 2195 1052 2277 llotenburgensls
1079 2197 1166 2280 (llag.
1187 2199 1216 2277 l,
1242 2191 1307 2282 77¹³)
1343 2200 1428 2261 solde
1456 2199 1497 2260 irl

304 2299 357 2360 des
385 2298 483 2361 rtolrer
511 2299 604 2362 trono
633 2321 692 2363 ooo
721 2301 804 2362 redte
832 2309 939 2382 tropen
969 2303 1062 2362 temer
1084 2305 1139 2382 me,
1178 2303 1283 2384 penipe
1312 2301 1358 2363 iod
1386 2302 1452 2365 nihl
1473 2305 1500 2364 ir

305 2401 371 2464 ldae
393 2410 425 2464 st
447 2410 523 2486 pros
546 2405 594 2466 ols
617 2403 687 2466 amb
709 2407 775 2466 eine
797 2401 882 2479 bone,
907 2405 968 2466 mir
991 2410 1056 2464 toetc
1078 2403 1108 2464 ir·
1131 2403 1226 2466 laeter
1248 2404 1386 2466 doormdr
1411 2407 1499 2468 tener

304 2511 362 2566 ove.
409 2506 615 2568 Wahsmutus
637 2507 849 2569 Mulhusensis
877 2505 994 2588 (Bodm.
1016 2507 1045 2584 l,
1065 2505 1150 2584 ⁴78⁸)
1187 2507 1218 2568 io
1245 2526 1340 2569 amane
1366 2505 1435 2570 nolit
1455 2509 1500 2570 die

304 2607 379 2670 troo
405 2627 462 2670 von
484 2611 573 2671 lldmc
597 2630 631 2671 so
653 2618 760 2693 tropen
779 2608 836 2691 fiir
859 2616 958 2671 minor
976 2609 1098 2689 frumen
1121 2610 1183 2692 ltp,·
1208 2617 1241 2670 sd
1264 2609 1345 2672 redte
1366 2611 1430 2674 conl
1451 2611 1498 2672 br-

304 2711 392 2794 lropet
413 2713 475 2772 mir
497 2711 558 2774 doz
581 2719 656 2794 wtp.
704 2711 882 2775 cavendum
911 2721 959 2774 est
989 2712 1086 2792 igitur
1115 2731 1156 2774 ne
1180 2711 1283 2774 lallaci
1310 2716 1420 2795 specie
1443 2713 1499 2776 do-

304 2816 386 2896 cepti
419 2825 568 2896 putemus
602 2835 684 2896 quae
715 2817 748 2878 in
778 2817 918 2877 carmine
952 2813 992 2877 de
1023 2833 1085 2895 quo
1119 2815 1319 2897 disputamus
1352 2816 1499 2878 similiter

304 2917 388 2980 dicta
412 2919 622 2981 inveniuntur
643 2938 707 2980 non
730 2938 822 3000 posse
845 2916 983 3000 proferri
1006 2918 1068 2979 nisi
1091 2938 1109 2980 a
1128 2937 1204 3000 rege
1219 2929 1273 2980 aut
1290 2920 1494 3000 imperatore.

391 3022 425 3082 ln
448 3020 560 3084 eodem
582 3031 689 3084 autem
712 3023 852 3084 carmine
876 3021 936 3083 alia
960 3021 1095 3101 legimus
1117 3040 1199 3103 quae
1221 3041 1240 3083 a
1263 3041 1350 3102 rege,
1383 3025 1446 3085 nisi
1472 3025 1497 3084 si

304 3124 395 3186 homo
418 3134 487 3186 crat
509 3127 563 3205 qui
586 3134 660 3206 apte
683 3125 770 3206 loqui
794 3125 945 3202 nesciret,
976 3143 1039 3185 non
1069 3127 1210 3205 potuisse
1240 3125 1377 3207 proferri
1406 3126 1499 3188 nobis

304 3227 436 3308 quidem
465 3227 629 3290 videntur.
682 3247 744 3290 non
774 3227 910 3289 dicimus
940 3246 977 3288 ea
1007 3246 1089 3308 quae
1119 3229 1225 3290 statim
1255 3237 1422 3310 secuntur,
1463 3230 1497 3290 ‘si

247 3341 251 3350 '
303 3331 435 3391 amicam
464 3329 651 3413 perderem,
686 3330 763 3412 quid
793 3331 871 3392 mihi
902 3333 1059 3393 restaret?
1089 3330 1276 3412 fugiendum
1306 3331 1384 3394 mihi
1417 3343 1499 3394 esset
1585 3367 1586 3376 ÷

303 3433 344 3495 ab
367 3435 452 3495 omni
482 3435 603 3496 laetitia
626 3453 733 3515 neque
756 3433 903 3496 amabilis
926 3453 1029 3496 essem
1052 3445 1106 3496 aut
1129 3433 1317 3497 mulieribus
1341 3445 1397 3498 aut
1421 3437 1499 3497 viris

302 3555 363 3598 nec
392 3555 516 3619 possem
540 3537 671 3599 meliora
693 3556 823 3619 sperare
853 3556 948 3618 quam
978 3538 1221 3620 proscriptionis
1251 3538 1373 3618 pariter
1401 3548 1497 3620 atque

303 3641 636 3702 excommunicationis
659 3641 875 3703 calamitatem'
906 3637 935 3720 (i.
962 3660 991 3702 e.
1017 3659 1148 3721 prorsus
1170 3641 1248 3702 mihi
1272 3650 1356 3702 esset
1379 3639 1499 3724 despe-

304 3743 469 3826 randuml:
504 3762 697 3824 quamquam
725 3745 803 3806 haec
825 3763 953 3824 quoque
983 3746 1025 3806 ita
1048 3753 1227 3826 comparata
1255 3753 1330 3806 sunt
1358 3753 1394 3805 ut
1422 3765 1497 3827 per·
1585 3777 1586 3824 3

303 3848 420 3909 mirum
443 3856 528 3908 esset
550 3848 577 3908 si
600 3846 673 3908 talia
704 3867 760 3908 rex
789 3857 821 3908 et
852 3847 988 3908 maxime
1011 3847 1167 3910 llenricus
1196 3845 1392 3928 protulisset.
1441 3847 1498 3909 sod
1585 3827 1586 3840 ¹

304 3960 339 4012 ut
361 3951 420 4012 hoc
435 3950 627 4028 omittamus,
653 3971 725 4012 eum
747 3970 845 4012 sensu
860 3948 997 4031 quodam
1018 3951 1117 4031 magis
1139 3949 1262 4032 percipi
1285 3951 1387 4031 possit
1401 3969 1497 4031 quam

303 4063 387 4115 certa
422 4054 696 4133 argumentatione
730 4053 961 4133 demonstrari,
997 4053 1132 4116 alterum
1169 4051 1311 4116 eiusdem
1346 4056 1498 4116 carminis
1585 4113 1586 4116 ,

302 4166 439 4236 systema
462 4155 591 4217 videtur
614 4155 706 4218 nobis
728 4176 746 4218 a
770 4177 844 4238 rege
866 4155 1051 4218 abhorrere.
1097 4156 1262 4237 pertinent
1288 4166 1393 4219 autem
1419 4157 1498 4218 haee
1585 4185 1586 4230 t

303 4267 451 4338 quattuor
474 4277 624 4320 versuum
648 4270 817 4340 systemata
845 4258 886 4321 ad
916 4258 1001 4321 idem
1024 4278 1163 4340 carmen,
1196 4258 1282 4340 quod
1314 4279 1374 4341 per
1405 4260 1496 4342 plura
1585 4305 1586 4308 ,

302 4370 471 4442 systemata
495 4381 529 4422 se
546 4364 801 4424 continuaturum
819 4381 888 4424 esse
912 4373 1001 4444 poeta
1024 4361 1214 4444 significavit
1230 4363 1329 4442 (sever
1351 4381 1393 4423 otu
1414 4363 1497 4425 disin
1585 4387 1586 4406 ¹

302 4465 352 4526 liet
375 4466 459 4547 slope
481 4483 538 4525 vor
560 4465 621 4544 ir):
655 4466 739 4545 quod
764 4467 847 4526 enim
873 4467 1106 4528 concinentium
1137 4467 1221 4527 inter
1243 4483 1277 4526 se
1300 4463 1495 4547 syllabarum
1585 4507 1586 4526 t
