3184 5108
144 1227 312 1330 munt
341 1229 665 1330 nutriuntur
692 1229 1060 1332 HIBERNARVM
1093 1241 1219 1334 1863.

96 1551 140 1662 In
162 1600 305 1682 parabasi
322 1601 438 1665 Avium
452 1602 674 1684 Aristophanis
697 1603 774 1666 haec
795 1604 932 1684 legimus
956 1603 1031 1667 inde
1050 1624 1068 1666 a
1085 1625 1182 1668 versu
1198 1605 1271 1684 rte,

170 1712 249 1806 ἀρνιν
272 1745 305 1786 τε
334 1721 469 1806 νομίζετε
490 1719 583 1786 πάνθ’
609 1715 723 1809 ὅσαπερ
745 1719 812 1808 περὶ
834 1721 974 1807 μαντείας
997 1723 1157 1809 διακρίνει·

172 1821 257 1911 φήμη
280 1821 311 1909 γ’
339 1819 407 1910 ὑμῖν
430 1817 511 1912 ὄρνις
532 1825 607 1906 ἐστί,
631 1823 766 1913 πταρμόν
789 1822 815 1891 τ’
842 1817 950 1913 ἀρνιθα
972 1827 1102 1907 καλεῖτε,

172 1924 315 2015 ξύμβολον
335 1920 429 2014 ἀρνιν,
456 1926 560 2015 φωνὴν
582 1921 675 2016 ἀρνιν,
701 1925 860 2016 θεράποντ’
887 1922 981 2016 ἀρνιν,
1005 1922 1072 1996 ἀναν
1094 1923 1186 2016 ἀρνιν.

172 2024 220 2119 ἀρ’
246 2027 281 2096 od
304 2037 442 2119 φανερῶς
465 2028 552 2119 ἡμεῖς
574 2029 642 2117 ὑμῖν
665 2031 754 2118 ἐσμὲν
778 2033 915 2118 μαντεῖος
933 2029 1101 2112 'Auditum

96 2153 123 2215 in
145 2155 191 2217 his
211 2145 280 2218 ἀνον
304 2141 384 2239 ’σ’ρνιν
408 2157 441 2216 in
464 2155 527 2218 line
550 2157 801 2218 enumerationis
829 2156 929 2218 facete
954 2154 1112 2218 adiectum
1135 2154 1276 2218 absurde

95 2255 255 2322 admodum
282 2275 300 2320 a
330 2258 422 2340 longo
451 2257 528 2322 inde
557 2268 700 2340 tompore
730 2260 918 2340 explicatur.
969 2261 1069 2322 veluti
1099 2260 1275 2322 Guilelmus

95 2355 266 2425 llindorllus
291 2363 361 2424 ‘hoc
384 2381 424 2424 ex
446 2363 692 2426 narratiuncula'
716 2365 822 2443 inquit
846 2361 994 2444 ‘quadam
1010 2362 1152 2442 ductum,
1179 2379 1274 2442 qnam

93 2467 213 2545 exponit
239 2466 429 2528 scholiasta.'
474 2465 640 2528 videamus
670 2467 766 2546 igitur
794 2465 880 2528 illam
909 2485 927 2528 a
950 2467 1117 2528 scholiasta
1146 2468 1274 2547 exposi-

92 2575 147 2628 tam
169 2570 450 2632 narratiunculam.
497 2567 617 2653 λέγεται
637 2565 695 2654 γάρ
717 2591 747 2633 τι
767 2573 911 2647 τοιοῦτον,
936 2563 977 2641 ὡς
996 2565 1175 2654 σομβολιιιὸς
1196 2567 1275 2654 ἐρω-

92 2665 214 2754 τώμενος
235 2667 303 2758 περὶ
324 2667 482 2758 ἀρρώστου
510 2667 590 2736 εἶδεν
618 2663 686 2736 ἀναν
711 2671 746 2736 ta
767 2666 925 2757 πτώματος
947 2668 1129 2750 ἀναστάντα,
1161 2665 1274 2756 ἀκήκοε

93 2770 243 2860 ὂὲἑτὲρου
266 2773 402 2860 λέγοντος
418 2769 526 2862 <βλέπε
547 2780 611 2848 πῶς
641 2767 709 2848 ὄνος
738 2769 780 2838 ἀν
810 2770 938 2860 detecta?
983 2767 1002 2840 b
1026 2774 1060 2839 δὲ
1082 2773 1141 2861 ἔφη
1165 2769 1198 2839 “c
1223 2795 1274 2839 νο-

92 2879 145 2940 σῶν
160 2873 378 2963 ἀναστήσεται)
427 2875 479 2942 καὶ
500 2874 622 2963 ἀνέστη.
668 2881 718 2942 cui
742 2881 931 2960 expositioni
954 2882 1009 2960 qui
1034 2877 1130 2941 fidem
1153 2879 1275 2942 habue-

91 2991 158 3044 runt
171 2981 456 3064 Aristophanisque
477 2973 545 3047 ἀναν
568 2973 650 3067 ἀρνιν
672 2983 712 3045 ad
735 2993 799 3046 tam
822 2983 980 3045 inficetum
1002 2983 1274 3046 narratiunculam

91 3087 273 3149 rettulerunt
295 3085 473 3149 verendum
503 3097 553 3149 est
580 3106 621 3149 ne
651 3103 732 3167 quae
761 3087 926 3149 scholiasta
949 3095 1058 3148 narrat
1086 3086 1181 3168 plana
1210 3105 1272 3148 non

93 3188 313 3252 intellexerint.
361 3199 447 3252 certe
470 3207 533 3252 non
557 3189 715 3252 intellexit
737 3190 891 3252 Henricus
914 3189 1057 3270 Vossius,
1083 3191 1138 3270 qui
1162 3191 1203 3252 ita
1227 3191 1274 3250 lo-

90 3294 200 3374 quitur,
235 3293 342 3356 ‘actuo
370 3293 512 3356 wieder
541 3295 601 3356 esel
623 3293 739 3356 wieder
766 3292 987 3376 cuspestooden
1016 3293 1069 3356 ist'
1101 3292 1165 3375 ries
1190 3299 1275 3354 einer

90 3394 150 3456 dett
171 3399 219 3460 cio
248 3397 308 3460 esel
336 3395 465 3478 lrofllos
493 3393 698 3480 diopesurtlren
720 3415 802 3458 war.
850 3397 906 3459 dos
934 3396 1018 3458 burte
1039 3397 1178 3476 jemand,
1210 3395 1275 3457 uod

90 3496 205 3576 detecte,
238 3502 286 3562 eia
308 3499 442 3562 menter
464 3499 580 3580 sreuod
601 3499 706 3562 werde
726 3516 865 3582 peoesett.
912 3499 970 3562 sed
1000 3501 1169 3562 mirificum
1197 3515 1274 3562 sane

90 3601 253 3682 hominem,
285 3603 341 3684 qui
363 3602 420 3666 ubi
443 3602 484 3665 de
506 3605 594 3665 asino
622 3601 745 3683 aliquid
774 3601 837 3664 dici
867 3603 991 3665 audivit
1018 3605 1124 3666 statim
1155 3621 1275 3666 memor

91 3701 184 3768 lactus
205 3717 253 3770 cst
274 3708 379 3786 amici,
405 3707 534 3769 Vossius
556 3707 734 3786 somniavit,
766 3708 926 3769 coniector
948 3706 1002 3768 ille
1033 3707 1074 3769 de
1096 3725 1159 3787 quo
1181 3707 1275 3768 scho-

91 3805 173 3870 liasta
195 3809 282 3890 dicit,
314 3809 341 3871 si
364 3818 470 3871 tamen
493 3810 636 3871 narranti
658 3808 831 3888 credimus,
861 3810 1001 3889 paullulo
1032 3811 1138 3872 minus
1162 3810 1275 3871 inscite

91 3911 220 3992 ineptlit.
266 3913 441 3975 nimirum
465 3910 549 3993 quod
579 3911 702 3976 audivit
723 3902 791 3984 ὄνος
814 3903 856 3976 ἀν
880 3912 1010 3994 syllabis
1039 3915 1132 3976 aliter
1160 3912 1273 3974 divisis

90 4023 119 4074 et
140 4017 291 4097 neglectis
313 4015 538 4096 adspirationis
553 4015 825 4097 voculationisque
845 4013 1085 4080 discriminibus
1107 4017 1149 4078 ita
1172 4017 1274 4078 inter-

91 4127 225 4195 pretatus
248 4129 297 4182 est
319 4121 411 4199 quasi
435 4118 556 4181 dietum
579 4128 663 4182 esset
684 4113 701 4182 b
723 4121 832 4183 νοσῶν.
878 4121 1020 4200 pertinet
1041 4121 1139 4200 igitur
1161 4137 1274 4182 narra-

89 4221 222 4284 tiuncula
243 4222 284 4285 ad
307 4220 388 4286 illud
409 4221 625 4303 ambiguitatis
647 4241 750 4303 genus
772 4222 858 4304 quod
879 4224 1024 4286 nascitur
1045 4241 1117 4286 cum
1139 4223 1199 4285 alia
1223 4225 1275 4284 in-

90 4326 182 4404 tegris
203 4326 312 4388 verbis
343 4327 530 4406 significatio
559 4336 617 4406 est,
649 4327 710 4389 alia
741 4325 866 4388 divisis:
900 4325 986 4407 quod
1016 4345 1116 4407 genus
1146 4328 1273 4408 ineptae

89 4427 287 4492 cavillationis
310 4447 392 4508 esse,
418 4429 475 4492 sed
497 4430 633 4492 Graecos
655 4429 732 4492 inde
756 4431 987 4492 controversias
1011 4429 1141 4493 duxisse
1164 4417 1272 4502 Quin-¹

90 4527 211 4593 tilianus
237 4541 347 4594 narrat
374 4533 448 4594 inst.
474 4549 520 4593 or.
545 4551 585 4594 ru
609 4535 628 4593 ll
653 4534 683 4594 l.
752 4531 889 4614 exempli
926 4549 1019 4596 causa
1057 4534 1134 4595 haec
1169 4531 1296 4612 addit‚t
