<?xml version="1.0" encoding="UTF-8"?>
<!DOCTYPE html PUBLIC "-//W3C//DTD XHTML 1.0 Transitional//EN"
    "http://www.w3.org/TR/xhtml1/DTD/xhtml1-transitional.dtd">
<html xmlns="http://www.w3.org/1999/xhtml" xml:lang="en" lang="en">
 <head>
  <title>
</title>
<meta http-equiv="Content-Type" content="text/html;charset=utf-8" />
  <meta name='ocr-system' content='tesseract 3.04.00' />
  <meta name='ocr-capabilities' content='ocr_page ocr_carea ocr_par ocr_line ocrx_word'/>
</head>
<body>
  <div class='ocr_page' id='page_1' title='image "./mavriciihavptii00haupgoog/mavriciihavptii00haupgoog_0196.png"; bbox 0 0 3186 5108; ppageno 0'>
   <div class='ocr_carea' id='block_1_1' title="bbox 357 360 1240 434">
    <p class='ocr_par' dir='ltr' id='par_1_1' title="bbox 357 360 1240 434">
     <span class='ocr_line' id='line_1_1' title="bbox 357 360 1240 434; baseline -0.001 -1"><span class='ocrx_word' id='word_1_1' title='bbox 357 372 445 433; x_wconf 76' lang='lat' dir='ltr'><strong><em>lnam</em></strong></span> <span class='ocrx_word' id='word_1_2' title='bbox 468 390 632 434; x_wconf 79' lang='lat' dir='ltr'><strong><em>trorronra</em></strong></span> <span class='ocrx_word' id='word_1_3' title='bbox 654 372 941 434; x_wconf 66' lang='lat' dir='ltr'><strong><em>restitantem.</em></strong></span> <span class='ocrx_word' id='word_1_4' title='bbox 1170 360 1240 432; x_wconf 87' lang='grc'><strong><em>183</em></strong></span> 
     </span>
    </p>
   </div>
   <div class='ocr_carea' id='block_1_2' title="bbox 149 560 1265 745">
    <p class='ocr_par' dir='ltr' id='par_1_2' title="bbox 149 560 1265 745">
     <span class='ocr_line' id='line_1_2' title="bbox 230 560 1265 643; baseline 0.001 -21"><span class='ocrx_word' id='word_1_5' title='bbox 230 560 366 643; x_wconf 83' lang='lat' dir='ltr'>Explicit</span> <span class='ocrx_word' id='word_1_6' title='bbox 386 561 611 624; x_wconf 80' lang='lat' dir='ltr'><strong><em>testamentum</em></strong></span> <span class='ocrx_word' id='word_1_7' title='bbox 633 562 763 643; x_wconf 89' lang='lat' dir='ltr'><strong><em>porcelli</em></strong></span> <span class='ocrx_word' id='word_1_8' title='bbox 786 560 846 624; x_wconf 92' lang='lat' dir='ltr'><strong><em>sub</em></strong></span> <span class='ocrx_word' id='word_1_9' title='bbox 867 560 921 624; x_wconf 92' lang='lat' dir='ltr'><strong><em>die</em></strong></span> <span class='ocrx_word' id='word_1_10' title='bbox 942 581 989 624; x_wconf 80' lang='lat' dir='ltr'><strong><em>xrs</em></strong></span> <span class='ocrx_word' id='word_1_11' title='bbox 1012 564 1076 626; x_wconf 84' lang='lat' dir='ltr'><strong><em>kal.</em></strong></span> <span class='ocrx_word' id='word_1_12' title='bbox 1101 564 1265 629; x_wconf 66' lang='lat' dir='ltr'><strong><em>boemi-s</em></strong></span> 
     </span>
     <span class='ocr_line' id='line_1_3' title="bbox 149 663 978 745; baseline 0.005 -21"><span class='ocrx_word' id='word_1_13' title='bbox 149 681 202 725; x_wconf 87' lang='lat' dir='ltr'><strong><em>nas</em></strong></span> <span class='ocrx_word' id='word_1_14' title='bbox 223 663 383 727; x_wconf 85' lang='lat' dir='ltr'><strong><em>Clibanato</em></strong></span> <span class='ocrx_word' id='word_1_15' title='bbox 410 673 442 726; x_wconf 90' lang='lat' dir='ltr'><strong><em>et</em></strong></span> <span class='ocrx_word' id='word_1_16' title='bbox 464 665 606 745; x_wconf 86' lang='lat' dir='ltr'><strong><em>Piperato</em></strong></span> <span class='ocrx_word' id='word_1_17' title='bbox 628 663 811 728; x_wconf 88' lang='lat' dir='ltr'><strong><em>consulibus</em></strong></span> <span class='ocrx_word' id='word_1_18' title='bbox 833 665 978 728; x_wconf 74' lang='lat' dir='ltr'><strong>feliciter.</strong></span> 
     </span>
    </p>
   </div>
   <div class='ocr_carea' id='block_1_3' title="bbox 82 852 1242 1508">
    <p class='ocr_par' dir='ltr' id='par_1_3' title="bbox 83 852 1241 920">
     <span class='ocr_line' id='line_1_4' title="bbox 83 852 1241 920; baseline 0.006 -20"><span class='ocrx_word' id='word_1_19' title='bbox 83 852 191 914; x_wconf 85' lang='lat' dir='ltr'><strong><em>spatulam</em></strong></span> <span class='ocrx_word' id='word_1_20' title='bbox 209 854 346 918; x_wconf 87' lang='lat' dir='ltr'><strong><em>porcinam</em></strong></span> <span class='ocrx_word' id='word_1_21' title='bbox 359 855 463 904; x_wconf 74' lang='lat' dir='ltr'><strong><em>ooctma</em></strong></span> <span class='ocrx_word' id='word_1_22' title='bbox 482 852 639 905; x_wconf 84' lang='lat' dir='ltr'><strong><em>tessellatim</em></strong></span> <span class='ocrx_word' id='word_1_23' title='bbox 652 853 778 905; x_wconf 87' lang='lat' dir='ltr'><strong><em>concides</em></strong></span> <span class='ocrx_word' id='word_1_24' title='bbox 796 867 858 904; x_wconf 91' lang='lat' dir='ltr'><strong><em>cum</em></strong></span> <span class='ocrx_word' id='word_1_25' title='bbox 877 867 926 906; x_wconf 89' lang='lat' dir='ltr'><strong><em>sua</em></strong></span> <span class='ocrx_word' id='word_1_26' title='bbox 943 855 994 906; x_wconf 91' lang='lat' dir='ltr'><strong><em>sibl</em></strong></span> <span class='ocrx_word' id='word_1_27' title='bbox 1013 855 1125 920; x_wconf 76' lang='lat' dir='ltr'><strong>tergilla.</strong></span> <span class='ocrx_word' id='word_1_28' title='bbox 1179 856 1241 908; x_wconf 88' lang='lat' dir='ltr'><strong><em>Cal-</em></strong></span> 
     </span>
    </p>

    <p class='ocr_par' dir='ltr' id='par_1_4' title="bbox 82 938 1241 1005">
     <span class='ocr_line' id='line_1_5' title="bbox 82 938 1241 1005; baseline 0.007 -19"><span class='ocrx_word' id='word_1_29' title='bbox 82 949 146 988; x_wconf 85' lang='lat' dir='ltr'><strong><em>sauus</em></strong></span> <span class='ocrx_word' id='word_1_30' title='bbox 161 939 278 1000; x_wconf 71' lang='lat' dir='ltr'><strong><em>atter,</em></strong></span> <span class='ocrx_word' id='word_1_31' title='bbox 296 938 422 990; x_wconf 87' lang='lat' dir='ltr'><strong><em>Salsanus</em></strong></span> <span class='ocrx_word' id='word_1_32' title='bbox 441 939 601 991; x_wconf 74' lang='lat' dir='ltr'><strong><em>Salmasius:</em></strong></span> <span class='ocrx_word' id='word_1_33' title='bbox 621 941 744 993; x_wconf 86' lang='lat' dir='ltr'><strong><em>Celsinus</em></strong></span> <span class='ocrx_word' id='word_1_34' title='bbox 762 941 920 1001; x_wconf 71' lang='lat' dir='ltr'><strong><em>lanweeias,</em></strong></span> <span class='ocrx_word' id='word_1_35' title='bbox 942 954 1042 992; x_wconf 74' lang='lat' dir='ltr'><strong><em>marsos</em></strong></span> <span class='ocrx_word' id='word_1_36' title='bbox 1055 943 1163 1005; x_wconf 71' lang='lat' dir='ltr'><strong><em>pacatis</em></strong></span> <span class='ocrx_word' id='word_1_37' title='bbox 1183 943 1241 994; x_wconf 81' lang='lat' dir='ltr'><strong><em>Osi-</em></strong></span> 
     </span>
    </p>

    <p class='ocr_par' dir='ltr' id='par_1_5' title="bbox 82 1024 1240 1092">
     <span class='ocr_line' id='line_1_6' title="bbox 82 1024 1240 1092; baseline 0.005 -18"><span class='ocrx_word' id='word_1_38' title='bbox 82 1024 165 1083; x_wconf 78' lang='lat' dir='ltr'><strong><em>sitiasi,</em></strong></span> <span class='ocrx_word' id='word_1_39' title='bbox 188 1027 262 1076; x_wconf 77' lang='lat' dir='ltr'><strong><em>caios</em></strong></span> <span class='ocrx_word' id='word_1_40' title='bbox 286 1025 468 1090; x_wconf 73' lang='lat' dir='ltr'><strong><em>confectionem</em></strong></span> <span class='ocrx_word' id='word_1_41' title='bbox 484 1026 589 1089; x_wconf 80' lang='lat' dir='ltr'><strong><em>Apicius</em></strong></span> <span class='ocrx_word' id='word_1_42' title='bbox 608 1041 650 1078; x_wconf 86' lang='lat' dir='ltr'><strong><em>vru</em></strong></span> <span class='ocrx_word' id='word_1_43' title='bbox 669 1030 683 1075; x_wconf 82' lang='lat' dir='ltr'><strong><em>t</em></strong></span> <span class='ocrx_word' id='word_1_44' title='bbox 703 1028 782 1077; x_wconf 81' lang='lat' dir='ltr'><strong><em>decet.</em></strong></span> <span class='ocrx_word' id='word_1_45' title='bbox 889 1030 930 1076; x_wconf 79' lang='lat' dir='ltr'><strong><em>st.</em></strong></span> <span class='ocrx_word' id='word_1_46' title='bbox 950 1025 1118 1092; x_wconf 84' lang='lat' dir='ltr'><strong><em>Nupilalicus</em></strong></span> <span class='ocrx_word' id='word_1_47' title='bbox 1141 1028 1240 1080; x_wconf 74' lang='lat' dir='ltr'><strong><em>Vtar.-</em></strong></span> 
     </span>
    </p>

    <p class='ocr_par' dir='ltr' id='par_1_6' title="bbox 83 1105 1242 1508">
     <span class='ocr_line' id='line_1_7' title="bbox 83 1105 1241 1177; baseline 0.007 -19"><span class='ocrx_word' id='word_1_48' title='bbox 83 1105 189 1164; x_wconf 86' lang='lat' dir='ltr'><strong><em>Nuotislis</em></strong></span> <span class='ocrx_word' id='word_1_49' title='bbox 208 1111 237 1172; x_wconf 86' lang='grc' dir='ltr'><strong><em>Ρ,</em></strong></span> <span class='ocrx_word' id='word_1_50' title='bbox 258 1111 391 1162; x_wconf 81' lang='lat' dir='ltr'><strong><em>ltotulicm</em></strong></span> <span class='ocrx_word' id='word_1_51' title='bbox 410 1117 505 1164; x_wconf 79' lang='lat' dir='ltr'><strong><em>tensare</em></strong></span> <span class='ocrx_word' id='word_1_52' title='bbox 523 1113 677 1164; x_wconf 71' lang='lat' dir='ltr'><strong><em>Salmasius.</em></strong></span> <span class='ocrx_word' id='word_1_53' title='bbox 714 1115 843 1174; x_wconf 82' lang='lat' dir='ltr'><strong><em>suspicari</em></strong></span> <span class='ocrx_word' id='word_1_54' title='bbox 861 1125 1000 1176; x_wconf 80' lang='lat' dir='ltr'><strong><em>possamus</em></strong></span> <span class='ocrx_word' id='word_1_55' title='bbox 1019 1115 1162 1177; x_wconf 71' lang='lat' dir='ltr'><strong><em>nuptiales</em></strong></span> <span class='ocrx_word' id='word_1_56' title='bbox 1176 1127 1241 1176; x_wconf 84' lang='lat' dir='ltr'><strong><em>par-</em></strong></span> 
     </span>
     <span class='ocr_line' id='line_1_8' title="bbox 164 1191 1242 1264; baseline 0.003 -14"><span class='ocrx_word' id='word_1_57' title='bbox 164 1199 310 1250; x_wconf 68' lang='lat' dir='ltr'><strong><em>meismes</em></strong></span> <span class='ocrx_word' id='word_1_58' title='bbox 320 1199 426 1261; x_wconf 69' lang='lat' dir='ltr'><strong><em>etiarm</em></strong></span> <span class='ocrx_word' id='word_1_59' title='bbox 437 1211 519 1263; x_wconf 72' lang='lat' dir='ltr'><strong><em>asnar</em></strong></span> <span class='ocrx_word' id='word_1_60' title='bbox 529 1191 620 1262; x_wconf 59' lang='lat' dir='ltr'><strong><em>subse.</em></strong></span> <span class='ocrx_word' id='word_1_61' title='bbox 675 1201 717 1250; x_wconf 85' lang='lat' dir='ltr'><strong><em>tr.</em></strong></span> <span class='ocrx_word' id='word_1_62' title='bbox 731 1197 841 1264; x_wconf 84' lang='lat' dir='ltr'><strong><em>explicit</em></strong></span> <span class='ocrx_word' id='word_1_63' title='bbox 851 1223 881 1236; x_wconf 93' lang='lat'><em>-</em></span> <span class='ocrx_word' id='word_1_64' title='bbox 892 1197 1005 1248; x_wconf 88' lang='lat' dir='ltr'><strong><em>iellcitar</em></strong></span> <span class='ocrx_word' id='word_1_65' title='bbox 1017 1199 1092 1259; x_wconf 76' lang='lat' dir='ltr'><strong><em>rit,</em></strong></span> <span class='ocrx_word' id='word_1_66' title='bbox 1110 1202 1165 1252; x_wconf 80' lang='lat' dir='ltr'><strong><em>nisi</em></strong></span> <span class='ocrx_word' id='word_1_67' title='bbox 1175 1203 1242 1263; x_wconf 69' lang='lat' dir='ltr'><strong><em>moa</em></strong></span> 
     </span>
     <span class='ocr_line' id='line_1_9' title="bbox 163 1282 1238 1348; baseline 0.004 -16"><span class='ocrx_word' id='word_1_68' title='bbox 163 1284 262 1335; x_wconf 71' lang='lat' dir='ltr'><strong><em>raedas</em></strong></span> <span class='ocrx_word' id='word_1_69' title='bbox 283 1289 307 1336; x_wconf 84' lang='lat' dir='ltr'><strong><em>et</em></strong></span> <span class='ocrx_word' id='word_1_70' title='bbox 324 1282 472 1348; x_wconf 74' lang='lat' dir='ltr'><strong><em>Ciybaneto</em></strong></span> <span class='ocrx_word' id='word_1_71' title='bbox 490 1286 573 1342; x_wconf 84' lang='lat' dir='ltr'><strong><em>babet.</em></strong></span> <span class='ocrx_word' id='word_1_72' title='bbox 599 1286 699 1337; x_wconf 79' lang='lat' dir='ltr'><strong><em>tants</em></strong></span> <span class='ocrx_word' id='word_1_73' title='bbox 716 1283 826 1335; x_wconf 69' lang='lat' dir='ltr'><strong><em>Por-calli</em></strong></span> <span class='ocrx_word' id='word_1_74' title='bbox 849 1285 920 1336; x_wconf 75' lang='lat' dir='ltr'><strong><em>ocidit</em></strong></span> <span class='ocrx_word' id='word_1_75' title='bbox 942 1283 1053 1334; x_wconf 87' lang='lat' dir='ltr'><strong><em>Grunnii</em></strong></span> <span class='ocrx_word' id='word_1_76' title='bbox 1077 1289 1238 1348; x_wconf 83' lang='lat' dir='ltr'><strong><em>corocottae,</em></strong></span> 
     </span>
     <span class='ocr_line' id='line_1_10' title="bbox 161 1368 1242 1436; baseline 0.001 -15"><span class='ocrx_word' id='word_1_77' title='bbox 161 1376 266 1421; x_wconf 65' lang='lat' dir='ltr'><strong><em>*man</em></strong></span> <span class='ocrx_word' id='word_1_78' title='bbox 283 1369 397 1422; x_wconf 80' lang='lat' dir='ltr'><strong><em>feliciter</em></strong></span> <span class='ocrx_word' id='word_1_79' title='bbox 414 1373 521 1422; x_wconf 64' lang='lat' dir='ltr'><strong><em>mittit:</em></strong></span> <span class='ocrx_word' id='word_1_80' title='bbox 545 1368 607 1422; x_wconf 88' lang='lat' dir='ltr'><strong><em>fluis</em></strong></span> <span class='ocrx_word' id='word_1_81' title='bbox 625 1371 776 1422; x_wconf 71' lang='lat' dir='ltr'><strong><em>testamenti</em></strong></span> <span class='ocrx_word' id='word_1_82' title='bbox 789 1370 899 1421; x_wconf 86' lang='lat' dir='ltr'><strong><em>Grunnii</em></strong></span> <span class='ocrx_word' id='word_1_83' title='bbox 918 1370 1029 1436; x_wconf 88' lang='lat' dir='ltr'><strong><em>porcelli</em></strong></span> <span class='ocrx_word' id='word_1_84' title='bbox 1048 1372 1080 1433; x_wconf 82' lang='lat' dir='ltr'><strong><em>lt,</em></strong></span> <span class='ocrx_word' id='word_1_85' title='bbox 1099 1373 1162 1424; x_wconf 81' lang='lat' dir='ltr'><strong><em>stibii</em></strong></span> <span class='ocrx_word' id='word_1_86' title='bbox 1179 1373 1242 1422; x_wconf 85' lang='lat' dir='ltr'><strong><em>sab-</em></strong></span> 
     </span>
     <span class='ocr_line' id='line_1_11' title="bbox 161 1456 273 1508; baseline 0.027 -3"><span class='ocrx_word' id='word_1_87' title='bbox 161 1467 182 1505; x_wconf 83' lang='lat' dir='ltr'><strong><em>ot</em></strong></span> <span class='ocrx_word' id='word_1_88' title='bbox 197 1459 228 1506; x_wconf 76' lang='lat' dir='ltr'><strong><em>ia</em></strong></span> <span class='ocrx_word' id='word_1_89' title='bbox 246 1456 273 1508; x_wconf 80' lang='lat' dir='ltr'><strong><em>F.</em></strong></span> 
     </span>
    </p>
   </div>
   <div class='ocr_carea' id='block_1_4' title="bbox 72 1643 1241 3891">
    <p class='ocr_par' dir='ltr' id='par_1_7' title="bbox 161 1643 1240 1728">
     <span class='ocr_line' id='line_1_12' title="bbox 161 1643 1240 1728; baseline 0.003 -22"><span class='ocrx_word' id='word_1_90' title='bbox 161 1643 342 1708; x_wconf 87' lang='lat' dir='ltr'><strong><em>temerabile</em></strong></span> <span class='ocrx_word' id='word_1_91' title='bbox 373 1654 420 1708; x_wconf 89' lang='lat' dir='ltr'><strong><em>est</em></strong></span> <span class='ocrx_word' id='word_1_92' title='bbox 448 1655 480 1708; x_wconf 91' lang='lat' dir='ltr'><strong><em>et</em></strong></span> <span class='ocrx_word' id='word_1_93' title='bbox 509 1665 611 1728; x_wconf 89' lang='lat' dir='ltr'><strong><em>paene</em></strong></span> <span class='ocrx_word' id='word_1_94' title='bbox 641 1647 756 1710; x_wconf 90' lang='lat' dir='ltr'><strong><em>mirum</em></strong></span> <span class='ocrx_word' id='word_1_95' title='bbox 788 1664 860 1707; x_wconf 92' lang='lat' dir='ltr'><strong><em>eum</em></strong></span> <span class='ocrx_word' id='word_1_96' title='bbox 883 1645 937 1725; x_wconf 89' lang='lat' dir='ltr'><strong><em>qui</em></strong></span> <span class='ocrx_word' id='word_1_97' title='bbox 961 1644 1018 1706; x_wconf 90' lang='lat' dir='ltr'><strong><em>hos</em></strong></span> <span class='ocrx_word' id='word_1_98' title='bbox 1047 1645 1145 1725; x_wconf 87' lang='lat' dir='ltr'><strong><em>iocos,</em></strong></span> <span class='ocrx_word' id='word_1_99' title='bbox 1176 1665 1240 1709; x_wconf 88' lang='lat' dir='ltr'><strong><em>non</em></strong></span> 
     </span>
    </p>

    <p class='ocr_par' dir='ltr' id='par_1_8' title="bbox 162 1747 1240 1832">
     <span class='ocr_line' id='line_1_13' title="bbox 162 1747 1240 1832; baseline 0.001 -22"><span class='ocrx_word' id='word_1_100' title='bbox 162 1767 191 1810; x_wconf 91' lang='lat' dir='ltr'><strong><em>os</em></strong></span> <span class='ocrx_word' id='word_1_101' title='bbox 213 1748 306 1832; x_wconf 90' lang='lat' dir='ltr'><strong><em>plane</em></strong></span> <span class='ocrx_word' id='word_1_102' title='bbox 326 1747 386 1812; x_wconf 87' lang='lat' dir='ltr'><strong><em>sed</em></strong></span> <span class='ocrx_word' id='word_1_103' title='bbox 404 1747 608 1812; x_wconf 80' lang='lat' dir='ltr'><strong><em>mediocriter</em></strong></span> <span class='ocrx_word' id='word_1_104' title='bbox 627 1747 759 1832; x_wconf 81' lang='lat' dir='ltr'><strong><em>lepidos,</em></strong></span> <span class='ocrx_word' id='word_1_105' title='bbox 784 1756 978 1810; x_wconf 89' lang='lat' dir='ltr'><strong><em>commentus</em></strong></span> <span class='ocrx_word' id='word_1_106' title='bbox 993 1757 1041 1811; x_wconf 91' lang='lat' dir='ltr'><strong><em>est</em></strong></span> <span class='ocrx_word' id='word_1_107' title='bbox 1060 1757 1124 1812; x_wconf 88' lang='lat' dir='ltr'><strong><em>tam</em></strong></span> <span class='ocrx_word' id='word_1_108' title='bbox 1144 1747 1240 1811; x_wconf 88' lang='lat' dir='ltr'><strong><em>luisse</em></strong></span> 
     </span>
    </p>

    <p class='ocr_par' dir='ltr' id='par_1_9' title="bbox 162 1851 1241 1934">
     <span class='ocr_line' id='line_1_14' title="bbox 162 1851 1241 1934; baseline 0.003 -22"><span class='ocrx_word' id='word_1_109' title='bbox 162 1851 331 1934; x_wconf 87' lang='lat' dir='ltr'><strong><em>inperitum</em></strong></span> <span class='ocrx_word' id='word_1_110' title='bbox 358 1861 393 1915; x_wconf 91' lang='lat' dir='ltr'><strong><em>ut</em></strong></span> <span class='ocrx_word' id='word_1_111' title='bbox 421 1871 483 1914; x_wconf 91' lang='lat' dir='ltr'><strong><em>non</em></strong></span> <span class='ocrx_word' id='word_1_112' title='bbox 507 1852 708 1934; x_wconf 79' lang='lat' dir='ltr'><strong><em>intellegeret</em></strong></span> <span class='ocrx_word' id='word_1_113' title='bbox 734 1871 768 1913; x_wconf 90' lang='lat' dir='ltr'><strong><em>se</em></strong></span> <span class='ocrx_word' id='word_1_114' title='bbox 791 1859 1015 1913; x_wconf 89' lang='lat' dir='ltr'><strong><em>testamentum</em></strong></span> <span class='ocrx_word' id='word_1_115' title='bbox 1042 1851 1156 1916; x_wconf 87' lang='lat' dir='ltr'><strong><em>inutile</em></strong></span> <span class='ocrx_word' id='word_1_116' title='bbox 1179 1851 1241 1915; x_wconf 91' lang='lat' dir='ltr'><strong><em>liu-</em></strong></span> 
     </span>
    </p>

    <p class='ocr_par' dir='ltr' id='par_1_10' title="bbox 178 1954 1241 2037">
     <span class='ocr_line' id='line_1_15' title="bbox 178 1954 1241 2037; baseline 0 -21"><span class='ocrx_word' id='word_1_117' title='bbox 178 1957 237 2018; x_wconf 91' lang='lat' dir='ltr'><strong><em>etsi</em></strong></span> <span class='ocrx_word' id='word_1_118' title='bbox 259 1955 470 2037; x_wconf 78' lang='lat' dir='ltr'><strong><em>legitimorum</em></strong></span> <span class='ocrx_word' id='word_1_119' title='bbox 492 1965 613 2036; x_wconf 91' lang='lat' dir='ltr'><strong><em>septem</em></strong></span> <span class='ocrx_word' id='word_1_120' title='bbox 636 1956 764 2017; x_wconf 89' lang='lat' dir='ltr'><strong><em>testium</em></strong></span> <span class='ocrx_word' id='word_1_121' title='bbox 786 1955 876 2034; x_wconf 77' lang='lat' dir='ltr'><strong><em>signa</em></strong></span> <span class='ocrx_word' id='word_1_122' title='bbox 898 1972 961 2015; x_wconf 91' lang='lat' dir='ltr'><strong><em>non</em></strong></span> <span class='ocrx_word' id='word_1_123' title='bbox 983 1954 1097 2016; x_wconf 90' lang='lat' dir='ltr'><strong><em>emisit.</em></strong></span> <span class='ocrx_word' id='word_1_124' title='bbox 1144 1955 1241 2016; x_wconf 89' lang='lat' dir='ltr'><strong><em>nimi-</em></strong></span> 
     </span>
    </p>

    <p class='ocr_par' dir='ltr' id='par_1_11' title="bbox 162 2057 1238 2138">
     <span class='ocr_line' id='line_1_16' title="bbox 162 2057 1238 2138; baseline 0 -19"><span class='ocrx_word' id='word_1_125' title='bbox 162 2057 254 2120; x_wconf 87' lang='lat' dir='ltr'><strong><em>rullus</em></strong></span> <span class='ocrx_word' id='word_1_126' title='bbox 277 2059 335 2120; x_wconf 90' lang='lat' dir='ltr'><strong><em>hoc</em></strong></span> <span class='ocrx_word' id='word_1_127' title='bbox 357 2067 545 2121; x_wconf 90' lang='lat' dir='ltr'><strong><em>testamento</em></strong></span> <span class='ocrx_word' id='word_1_128' title='bbox 568 2059 745 2120; x_wconf 85' lang='lat' dir='ltr'><strong><em>instituitur</em></strong></span> <span class='ocrx_word' id='word_1_129' title='bbox 767 2057 896 2119; x_wconf 82' lang='lat' dir='ltr'><strong><em>haeres:</em></strong></span> <span class='ocrx_word' id='word_1_130' title='bbox 931 2058 1037 2138; x_wconf 88' lang='lat' dir='ltr'><strong><em>itaque</em></strong></span> <span class='ocrx_word' id='word_1_131' title='bbox 1061 2075 1122 2120; x_wconf 91' lang='lat' dir='ltr'><strong><em>non</em></strong></span> <span class='ocrx_word' id='word_1_132' title='bbox 1141 2057 1238 2137; x_wconf 85' lang='lat' dir='ltr'><strong><em>valet,</em></strong></span> 
     </span>
    </p>

    <p class='ocr_par' dir='ltr' id='par_1_12' title="bbox 183 2159 1238 2243">
     <span class='ocr_line' id='line_1_17' title="bbox 183 2159 1238 2243; baseline 0.001 -22"><span class='ocrx_word' id='word_1_133' title='bbox 183 2161 350 2242; x_wconf 85' lang='lat' dir='ltr'><strong><em>porcellus,</em></strong></span> <span class='ocrx_word' id='word_1_134' title='bbox 376 2163 578 2243; x_wconf 89' lang='lat' dir='ltr'><strong><em>quantumvis</em></strong></span> <span class='ocrx_word' id='word_1_135' title='bbox 602 2160 690 2223; x_wconf 89' lang='lat' dir='ltr'><strong><em>rudis</em></strong></span> <span class='ocrx_word' id='word_1_136' title='bbox 713 2169 807 2241; x_wconf 88' lang='lat' dir='ltr'><strong><em>atque</em></strong></span> <span class='ocrx_word' id='word_1_137' title='bbox 830 2159 1022 2239; x_wconf 87' lang='lat' dir='ltr'><strong><em>inliteratus,</em></strong></span> <span class='ocrx_word' id='word_1_138' title='bbox 1053 2161 1151 2222; x_wconf 89' lang='lat' dir='ltr'><strong><em>nimia</em></strong></span> <span class='ocrx_word' id='word_1_139' title='bbox 1173 2160 1238 2239; x_wconf 87' lang='lat' dir='ltr'><strong><em>illa,</em></strong></span> 
     </span>
    </p>

    <p class='ocr_par' dir='ltr' id='par_1_13' title="bbox 160 2261 1241 2348">
     <span class='ocr_line' id='line_1_18' title="bbox 160 2261 1241 2348; baseline 0 -22"><span class='ocrx_word' id='word_1_140' title='bbox 160 2264 213 2328; x_wconf 86' lang='lat' dir='ltr'><strong><em>ius</em></strong></span> <span class='ocrx_word' id='word_1_141' title='bbox 240 2264 391 2346; x_wconf 89' lang='lat' dir='ltr'><strong><em>loquitur,</em></strong></span> <span class='ocrx_word' id='word_1_142' title='bbox 428 2267 577 2348; x_wconf 85' lang='lat' dir='ltr'><strong><em>inperitia</em></strong></span> <span class='ocrx_word' id='word_1_143' title='bbox 607 2273 775 2326; x_wconf 81' lang='lat' dir='ltr'><strong><em>excusatur</em></strong></span> <span class='ocrx_word' id='word_1_144' title='bbox 803 2272 936 2345; x_wconf 87' lang='lat' dir='ltr'><strong><em>propter</em></strong></span> <span class='ocrx_word' id='word_1_145' title='bbox 963 2282 1058 2344; x_wconf 88' lang='lat' dir='ltr'><strong><em>quam</em></strong></span> <span class='ocrx_word' id='word_1_146' title='bbox 1086 2261 1241 2326; x_wconf 88' lang='lat' dir='ltr'><strong><em>militibus</em></strong></span> 
     </span>
    </p>

    <p class='ocr_par' dir='ltr' id='par_1_14' title="bbox 160 2363 1241 2449">
     <span class='ocr_line' id='line_1_19' title="bbox 160 2363 1241 2449; baseline 0.003 -23"><span class='ocrx_word' id='word_1_147' title='bbox 160 2363 225 2428; x_wconf 81' lang='lat' dir='ltr'><strong><em>rodo</em></strong></span> <span class='ocrx_word' id='word_1_148' title='bbox 240 2367 361 2430; x_wconf 89' lang='lat' dir='ltr'><strong><em>vellent</em></strong></span> <span class='ocrx_word' id='word_1_149' title='bbox 381 2368 433 2432; x_wconf 86' lang='lat' dir='ltr'><strong><em>vel</em></strong></span> <span class='ocrx_word' id='word_1_150' title='bbox 450 2388 512 2449; x_wconf 93' lang='lat' dir='ltr'><strong><em>quo</em></strong></span> <span class='ocrx_word' id='word_1_151' title='bbox 529 2367 619 2430; x_wconf 90' lang='lat' dir='ltr'><strong><em>modo</em></strong></span> <span class='ocrx_word' id='word_1_152' title='bbox 641 2376 771 2449; x_wconf 87' lang='lat' dir='ltr'><strong><em>possent</em></strong></span> <span class='ocrx_word' id='word_1_153' title='bbox 792 2375 1015 2429; x_wconf 88' lang='lat' dir='ltr'><strong><em>testamentum</em></strong></span> <span class='ocrx_word' id='word_1_154' title='bbox 1038 2365 1142 2429; x_wconf 89' lang='lat' dir='ltr'><strong><em>lacere</em></strong></span> <span class='ocrx_word' id='word_1_155' title='bbox 1164 2384 1241 2429; x_wconf 89' lang='lat' dir='ltr'><strong><em>oon-</em></strong></span> 
     </span>
    </p>

    <p class='ocr_par' dir='ltr' id='par_1_15' title="bbox 161 2467 1240 2553">
     <span class='ocr_line' id='line_1_20' title="bbox 161 2467 1240 2553; baseline 0.003 -23"><span class='ocrx_word' id='word_1_156' title='bbox 161 2467 268 2534; x_wconf 89' lang='lat' dir='ltr'><strong><em>onibus</em></strong></span> <span class='ocrx_word' id='word_1_157' title='bbox 290 2472 472 2553; x_wconf 79' lang='lat' dir='ltr'><strong><em>principum</em></strong></span> <span class='ocrx_word' id='word_1_158' title='bbox 494 2469 686 2552; x_wconf 90' lang='lat' dir='ltr'><strong><em>permissum</em></strong></span> <span class='ocrx_word' id='word_1_159' title='bbox 709 2481 787 2532; x_wconf 90' lang='lat' dir='ltr'><strong><em>erat.</em></strong></span> <span class='ocrx_word' id='word_1_160' title='bbox 828 2467 913 2550; x_wconf 90' lang='lat' dir='ltr'><strong><em>quod</em></strong></span> <span class='ocrx_word' id='word_1_161' title='bbox 935 2469 1036 2550; x_wconf 91' lang='lat' dir='ltr'><strong><em>siquis</em></strong></span> <span class='ocrx_word' id='word_1_162' title='bbox 1058 2479 1149 2550; x_wconf 91' lang='lat' dir='ltr'><strong><em>putet</em></strong></span> <span class='ocrx_word' id='word_1_163' title='bbox 1166 2479 1240 2533; x_wconf 89' lang='lat' dir='ltr'><strong><em>ante</em></strong></span> 
     </span>
    </p>

    <p class='ocr_par' dir='ltr' id='par_1_16' title="bbox 161 2572 1241 2654">
     <span class='ocr_line' id='line_1_21' title="bbox 161 2572 1241 2654; baseline -0.002 -18"><span class='ocrx_word' id='word_1_164' title='bbox 161 2591 227 2636; x_wconf 87' lang='lat' dir='ltr'><strong><em>nrm</em></strong></span> <span class='ocrx_word' id='word_1_165' title='bbox 250 2576 523 2637; x_wconf 83' lang='lat' dir='ltr'><strong><em>enumerationem</em></strong></span> <span class='ocrx_word' id='word_1_166' title='bbox 546 2593 583 2636; x_wconf 89' lang='lat' dir='ltr'><strong><em>ea</em></strong></span> <span class='ocrx_word' id='word_1_167' title='bbox 597 2573 696 2636; x_wconf 89' lang='lat' dir='ltr'><strong><em>verba</em></strong></span> <span class='ocrx_word' id='word_1_168' title='bbox 719 2572 837 2654; x_wconf 88' lang='lat' dir='ltr'><strong><em>quibus</em></strong></span> <span class='ocrx_word' id='word_1_169' title='bbox 860 2573 973 2635; x_wconf 85' lang='lat' dir='ltr'><strong><em>haeres</em></strong></span> <span class='ocrx_word' id='word_1_170' title='bbox 995 2573 1157 2634; x_wconf 91' lang='lat' dir='ltr'><strong><em>institutus</em></strong></span> <span class='ocrx_word' id='word_1_171' title='bbox 1173 2581 1241 2634; x_wconf 91' lang='lat' dir='ltr'><strong><em>erat</em></strong></span> 
     </span>
    </p>

    <p class='ocr_par' dir='ltr' id='par_1_17' title="bbox 162 2674 1240 2759">
     <span class='ocr_line' id='line_1_22' title="bbox 162 2674 1240 2759; baseline 0.003 -23"><span class='ocrx_word' id='word_1_172' title='bbox 162 2699 170 2736; x_wconf 86' lang='grc' dir='ltr'>ι</span> <span class='ocrx_word' id='word_1_173' title='bbox 191 2695 259 2738; x_wconf 88' lang='lat' dir='ltr'><strong><em>esse</em></strong></span> <span class='ocrx_word' id='word_1_174' title='bbox 282 2679 375 2759; x_wconf 91' lang='lat' dir='ltr'><strong><em>culpa</em></strong></span> <span class='ocrx_word' id='word_1_175' title='bbox 396 2676 611 2758; x_wconf 84' lang='lat' dir='ltr'><strong><em>librariorum,</em></strong></span> <span class='ocrx_word' id='word_1_176' title='bbox 636 2677 814 2740; x_wconf 88' lang='lat' dir='ltr'><strong><em>verendum</em></strong></span> <span class='ocrx_word' id='word_1_177' title='bbox 837 2685 886 2738; x_wconf 89' lang='lat' dir='ltr'><strong><em>est</em></strong></span> <span class='ocrx_word' id='word_1_178' title='bbox 914 2695 955 2738; x_wconf 90' lang='lat' dir='ltr'><strong><em>ne</em></strong></span> <span class='ocrx_word' id='word_1_179' title='bbox 978 2674 1054 2737; x_wconf 76' lang='lat' dir='ltr'><strong><em>falso</em></strong></span> <span class='ocrx_word' id='word_1_180' title='bbox 1079 2693 1131 2738; x_wconf 90' lang='lat' dir='ltr'><strong><em>eos</em></strong></span> <span class='ocrx_word' id='word_1_181' title='bbox 1153 2675 1240 2739; x_wconf 91' lang='lat' dir='ltr'><strong><em>vitu-</em></strong></span> 
     </span>
    </p>

    <p class='ocr_par' dir='ltr' id='par_1_18' title="bbox 209 2777 1240 2862">
     <span class='ocr_line' id='line_1_23' title="bbox 209 2777 1240 2862; baseline 0 -22"><span class='ocrx_word' id='word_1_182' title='bbox 209 2798 279 2840; x_wconf 89' lang='lat' dir='ltr'><strong><em>nam</em></strong></span> <span class='ocrx_word' id='word_1_183' title='bbox 308 2781 456 2862; x_wconf 80' lang='lat' dir='ltr'><strong><em>exiguam</em></strong></span> <span class='ocrx_word' id='word_1_184' title='bbox 484 2781 564 2844; x_wconf 89' lang='lat' dir='ltr'><strong><em>iuris</em></strong></span> <span class='ocrx_word' id='word_1_185' title='bbox 598 2790 693 2862; x_wconf 90' lang='lat' dir='ltr'><strong><em>atque</em></strong></span> <span class='ocrx_word' id='word_1_186' title='bbox 728 2779 966 2843; x_wconf 89' lang='lat' dir='ltr'><strong><em>consuetudinis</em></strong></span> <span class='ocrx_word' id='word_1_187' title='bbox 995 2779 1159 2840; x_wconf 89' lang='lat' dir='ltr'><strong><em>scientiam</em></strong></span> <span class='ocrx_word' id='word_1_188' title='bbox 1187 2777 1240 2840; x_wconf 89' lang='lat' dir='ltr'><strong><em>vel</em></strong></span> 
     </span>
    </p>

    <p class='ocr_par' dir='ltr' id='par_1_19' title="bbox 166 2880 1240 2962">
     <span class='ocr_line' id='line_1_24' title="bbox 166 2880 1240 2962; baseline 0.001 -21"><span class='ocrx_word' id='word_1_189' title='bbox 166 2882 241 2944; x_wconf 89' lang='lat' dir='ltr'><strong><em>iane</em></strong></span> <span class='ocrx_word' id='word_1_190' title='bbox 267 2884 449 2948; x_wconf 88' lang='lat' dir='ltr'><strong><em>testamenti</em></strong></span> <span class='ocrx_word' id='word_1_191' title='bbox 478 2892 510 2946; x_wconf 87' lang='lat' dir='ltr'><strong><em>et</em></strong></span> <span class='ocrx_word' id='word_1_192' title='bbox 545 2884 734 2946; x_wconf 87' lang='lat' dir='ltr'><strong><em>narrationis</em></strong></span> <span class='ocrx_word' id='word_1_193' title='bbox 763 2881 903 2946; x_wconf 82' lang='lat' dir='ltr'><strong><em>confusio</em></strong></span> <span class='ocrx_word' id='word_1_194' title='bbox 924 2880 1040 2962; x_wconf 90' lang='lat' dir='ltr'><strong><em>prodit.</em></strong></span> <span class='ocrx_word' id='word_1_195' title='bbox 1093 2881 1240 2943; x_wconf 91' lang='lat' dir='ltr'><strong><em>nolumus</em></strong></span> 
     </span>
    </p>

    <p class='ocr_par' dir='ltr' id='par_1_20' title="bbox 184 2983 1240 3066">
     <span class='ocr_line' id='line_1_25' title="bbox 184 2983 1240 3066; baseline 0.001 -21"><span class='ocrx_word' id='word_1_196' title='bbox 184 2985 216 3045; x_wconf 90' lang='lat' dir='ltr'><strong><em>in</em></strong></span> <span class='ocrx_word' id='word_1_197' title='bbox 238 2985 287 3048; x_wconf 88' lang='lat' dir='ltr'><strong><em>his</em></strong></span> <span class='ocrx_word' id='word_1_198' title='bbox 308 2984 429 3049; x_wconf 91' lang='lat' dir='ltr'><strong><em>diutius</em></strong></span> <span class='ocrx_word' id='word_1_199' title='bbox 451 2987 647 3066; x_wconf 88' lang='lat' dir='ltr'><strong><em>commorari,</em></strong></span> <span class='ocrx_word' id='word_1_200' title='bbox 676 2985 733 3049; x_wconf 90' lang='lat' dir='ltr'><strong><em>sad</em></strong></span> <span class='ocrx_word' id='word_1_201' title='bbox 756 2985 865 3048; x_wconf 89' lang='lat' dir='ltr'><strong><em>relicto</em></strong></span> <span class='ocrx_word' id='word_1_202' title='bbox 888 2986 978 3066; x_wconf 91' lang='lat' dir='ltr'><strong><em>quasi</em></strong></span> <span class='ocrx_word' id='word_1_203' title='bbox 1001 2983 1093 3047; x_wconf 87' lang='lat' dir='ltr'><strong><em>devio</em></strong></span> <span class='ocrx_word' id='word_1_204' title='bbox 1115 2983 1240 3046; x_wconf 86' lang='lat' dir='ltr'><strong><em>littera-</em></strong></span> 
     </span>
    </p>

    <p class='ocr_par' dir='ltr' id='par_1_21' title="bbox 167 3086 1239 3172">
     <span class='ocr_line' id='line_1_26' title="bbox 167 3086 1239 3172; baseline 0.004 -26"><span class='ocrx_word' id='word_1_205' title='bbox 167 3089 273 3150; x_wconf 89' lang='lat' dir='ltr'><strong><em>ramite</em></strong></span> <span class='ocrx_word' id='word_1_206' title='bbox 296 3087 337 3150; x_wconf 90' lang='lat' dir='ltr'><strong><em>ad</em></strong></span> <span class='ocrx_word' id='word_1_207' title='bbox 357 3089 517 3172; x_wconf 90' lang='lat' dir='ltr'><strong><em>publicam</em></strong></span> <span class='ocrx_word' id='word_1_208' title='bbox 540 3091 622 3152; x_wconf 89' lang='lat' dir='ltr'><strong><em>viam</em></strong></span> <span class='ocrx_word' id='word_1_209' title='bbox 646 3101 741 3172; x_wconf 89' lang='lat' dir='ltr'><strong><em>atque</em></strong></span> <span class='ocrx_word' id='word_1_210' title='bbox 764 3109 782 3151; x_wconf 93' lang='lat' dir='ltr'><strong><em>a</em></strong></span> <span class='ocrx_word' id='word_1_211' title='bbox 804 3089 898 3170; x_wconf 81' lang='lat' dir='ltr'><strong><em>nugis</em></strong></span> <span class='ocrx_word' id='word_1_212' title='bbox 918 3086 1036 3170; x_wconf 87' lang='lat' dir='ltr'><strong><em>quibus</em></strong></span> <span class='ocrx_word' id='word_1_213' title='bbox 1057 3096 1130 3150; x_wconf 90' lang='lat' dir='ltr'><strong><em>ante</em></strong></span> <span class='ocrx_word' id='word_1_214' title='bbox 1154 3086 1239 3150; x_wconf 88' lang='lat' dir='ltr'><strong><em>mille</em></strong></span> 
     </span>
    </p>

    <p class='ocr_par' dir='ltr' id='par_1_22' title="bbox 169 3188 1239 3274">
     <span class='ocr_line' id='line_1_27' title="bbox 169 3188 1239 3274; baseline 0.002 -22"><span class='ocrx_word' id='word_1_215' title='bbox 169 3201 298 3272; x_wconf 79' lang='lat' dir='ltr'><strong><em>ugentes</em></strong></span> <span class='ocrx_word' id='word_1_216' title='bbox 319 3213 419 3256; x_wconf 90' lang='lat' dir='ltr'><strong><em>annos</em></strong></span> <span class='ocrx_word' id='word_1_217' title='bbox 441 3194 533 3274; x_wconf 88' lang='lat' dir='ltr'><strong><em>pueri</em></strong></span> <span class='ocrx_word' id='word_1_218' title='bbox 553 3189 795 3256; x_wconf 88' lang='lat' dir='ltr'><strong><em>delectabantur</em></strong></span> <span class='ocrx_word' id='word_1_219' title='bbox 816 3191 857 3254; x_wconf 93' lang='lat' dir='ltr'><strong><em>ad</em></strong></span> <span class='ocrx_word' id='word_1_220' title='bbox 880 3191 1029 3254; x_wconf 90' lang='lat' dir='ltr'><strong><em>iuvenilis</em></strong></span> <span class='ocrx_word' id='word_1_221' title='bbox 1052 3188 1239 3269; x_wconf 87' lang='lat' dir='ltr'><strong><em>disciplinae</em></strong></span> 
     </span>
    </p>

    <p class='ocr_par' dir='ltr' id='par_1_23' title="bbox 72 3293 1240 3374">
     <span class='ocr_line' id='line_1_28' title="bbox 72 3293 1240 3374; baseline 0.004 -25"><span class='ocrx_word' id='word_1_222' title='bbox 72 3294 240 3369; x_wconf 80' lang='lat' dir='ltr'><strong><em>gravitatem</em></strong></span> <span class='ocrx_word' id='word_1_223' title='bbox 263 3314 320 3358; x_wconf 88' lang='lat' dir='ltr'><strong><em>nos</em></strong></span> <span class='ocrx_word' id='word_1_224' title='bbox 335 3297 559 3358; x_wconf 86' lang='lat' dir='ltr'><strong><em>convertimus.</em></strong></span> <span class='ocrx_word' id='word_1_225' title='bbox 607 3294 776 3358; x_wconf 89' lang='lat' dir='ltr'><strong><em>indicimus</em></strong></span> <span class='ocrx_word' id='word_1_226' title='bbox 799 3297 884 3357; x_wconf 88' lang='lat' dir='ltr'><strong><em>enirn</em></strong></span> <span class='ocrx_word' id='word_1_227' title='bbox 906 3293 1028 3356; x_wconf 90' lang='lat' dir='ltr'><strong><em>scholas</em></strong></span> <span class='ocrx_word' id='word_1_228' title='bbox 1049 3309 1108 3374; x_wconf 90' lang='lat' dir='ltr'><strong><em>per</em></strong></span> <span class='ocrx_word' id='word_1_229' title='bbox 1130 3293 1240 3374; x_wconf 83' lang='lat' dir='ltr'><strong><em>proxi-</em></strong></span> 
     </span>
    </p>

    <p class='ocr_par' dir='ltr' id='par_1_24' title="bbox 72 3395 1238 3474">
     <span class='ocr_line' id='line_1_29' title="bbox 72 3395 1238 3474; baseline 0.003 -21"><span class='ocrx_word' id='word_1_230' title='bbox 72 3411 141 3456; x_wconf 90' lang='lat' dir='ltr'><strong><em>nam</em></strong></span> <span class='ocrx_word' id='word_1_231' title='bbox 162 3407 309 3460; x_wconf 84' lang='lat' dir='ltr'><strong><em>aestatem</em></strong></span> <span class='ocrx_word' id='word_1_232' title='bbox 339 3400 372 3460; x_wconf 91' lang='lat' dir='ltr'><strong><em>in</em></strong></span> <span class='ocrx_word' id='word_1_233' title='bbox 395 3398 573 3462; x_wconf 91' lang='lat' dir='ltr'><strong><em>litterarum</em></strong></span> <span class='ocrx_word' id='word_1_234' title='bbox 595 3399 803 3462; x_wconf 84' lang='lat' dir='ltr'><strong><em>universitate</em></strong></span> <span class='ocrx_word' id='word_1_235' title='bbox 833 3408 939 3460; x_wconf 90' lang='lat' dir='ltr'><strong><em>nostra</em></strong></span> <span class='ocrx_word' id='word_1_236' title='bbox 969 3395 1143 3474; x_wconf 89' lang='lat' dir='ltr'><strong><em>habendas,</em></strong></span> <span class='ocrx_word' id='word_1_237' title='bbox 1174 3405 1238 3458; x_wconf 90' lang='lat' dir='ltr'><strong><em>tam</em></strong></span> 
     </span>
    </p>

    <p class='ocr_par' dir='ltr' id='par_1_25' title="bbox 73 3495 1238 3584">
     <span class='ocr_line' id='line_1_30' title="bbox 73 3495 1238 3584; baseline 0.003 -27"><span class='ocrx_word' id='word_1_238' title='bbox 73 3495 131 3560; x_wconf 88' lang='lat' dir='ltr'><strong><em>illas</em></strong></span> <span class='ocrx_word' id='word_1_239' title='bbox 157 3501 293 3564; x_wconf 90' lang='lat' dir='ltr'><strong><em>inomni</em></strong></span> <span class='ocrx_word' id='word_1_240' title='bbox 321 3501 510 3565; x_wconf 87' lang='lat' dir='ltr'><strong><em>eruditionis</em></strong></span> <span class='ocrx_word' id='word_1_241' title='bbox 540 3522 659 3584; x_wconf 80' lang='lat' dir='ltr'><strong><em>genere</em></strong></span> <span class='ocrx_word' id='word_1_242' title='bbox 689 3504 829 3584; x_wconf 90' lang='lat' dir='ltr'><strong><em>copiosas</em></strong></span> <span class='ocrx_word' id='word_1_243' title='bbox 857 3509 903 3579; x_wconf 90' lang='lat' dir='ltr'><strong><em>ut,</em></strong></span> <span class='ocrx_word' id='word_1_244' title='bbox 934 3501 961 3562; x_wconf 93' lang='lat' dir='ltr'><strong><em>si</em></strong></span> <span class='ocrx_word' id='word_1_245' title='bbox 990 3497 1030 3562; x_wconf 97' lang='lat' dir='ltr'><strong><em>ad</em></strong></span> <span class='ocrx_word' id='word_1_246' title='bbox 1057 3497 1238 3561; x_wconf 88' lang='lat' dir='ltr'><strong><em>docentium</em></strong></span> 
     </span>
    </p>

    <p class='ocr_par' dir='ltr' id='par_1_26' title="bbox 72 3595 1239 3687">
     <span class='ocr_line' id='line_1_31' title="bbox 72 3595 1239 3687; baseline 0.004 -29"><span class='ocrx_word' id='word_1_247' title='bbox 72 3595 253 3682; x_wconf 75' lang='lat' dir='ltr'><strong><em>diligentiam</em></strong></span> <span class='ocrx_word' id='word_1_248' title='bbox 273 3605 416 3667; x_wconf 90' lang='lat' dir='ltr'><strong><em>alacritas</em></strong></span> <span class='ocrx_word' id='word_1_249' title='bbox 437 3615 534 3687; x_wconf 91' lang='lat' dir='ltr'><strong><em>atque</em></strong></span> <span class='ocrx_word' id='word_1_250' title='bbox 558 3605 715 3667; x_wconf 89' lang='lat' dir='ltr'><strong><em>industria</em></strong></span> <span class='ocrx_word' id='word_1_251' title='bbox 737 3603 916 3667; x_wconf 91' lang='lat' dir='ltr'><strong><em>auditorum</em></strong></span> <span class='ocrx_word' id='word_1_252' title='bbox 941 3603 1121 3681; x_wconf 82' lang='lat' dir='ltr'><strong><em>accesserit,</em></strong></span> <span class='ocrx_word' id='word_1_253' title='bbox 1154 3600 1239 3682; x_wconf 89' lang='lat' dir='ltr'><strong><em>quod</em></strong></span> 
     </span>
    </p>

    <p class='ocr_par' dir='ltr' id='par_1_27' title="bbox 73 3697 1239 3891">
     <span class='ocr_line' id='line_1_32' title="bbox 73 3697 1239 3790; baseline 0.005 -28"><span class='ocrx_word' id='word_1_254' title='bbox 73 3697 199 3766; x_wconf 87' lang='lat' dir='ltr'><strong><em>loturum</em></strong></span> <span class='ocrx_word' id='word_1_255' title='bbox 221 3725 288 3769; x_wconf 89' lang='lat' dir='ltr'><strong><em>esse</em></strong></span> <span class='ocrx_word' id='word_1_256' title='bbox 311 3727 500 3790; x_wconf 79' lang='lat' dir='ltr'><strong><em>magnopere</em></strong></span> <span class='ocrx_word' id='word_1_257' title='bbox 516 3707 713 3786; x_wconf 85' lang='lat' dir='ltr'><strong><em>confidimus,</em></strong></span> <span class='ocrx_word' id='word_1_258' title='bbox 739 3707 897 3770; x_wconf 89' lang='lat' dir='ltr'><strong><em>decimum</em></strong></span> <span class='ocrx_word' id='word_1_259' title='bbox 920 3707 1056 3770; x_wconf 89' lang='lat' dir='ltr'><strong><em>lustrum</em></strong></span> <span class='ocrx_word' id='word_1_260' title='bbox 1077 3703 1239 3786; x_wconf 87' lang='lat' dir='ltr'><strong><em>prioribus</em></strong></span> 
     </span>
     <span class='ocr_line' id='line_1_33' title="bbox 73 3805 890 3891; baseline 0.005 -25"><span class='ocrx_word' id='word_1_261' title='bbox 73 3823 125 3867; x_wconf 91' lang='lat' dir='ltr'><strong><em>non</em></strong></span> <span class='ocrx_word' id='word_1_262' title='bbox 146 3805 307 3891; x_wconf 77' lang='lat' dir='ltr'><strong><em>indignum</em></strong></span> <span class='ocrx_word' id='word_1_263' title='bbox 328 3810 485 3876; x_wconf 90' lang='lat' dir='ltr'><strong><em>condituri</em></strong></span> <span class='ocrx_word' id='word_1_264' title='bbox 508 3831 577 3876; x_wconf 90' lang='lat' dir='ltr'><strong><em>esse</em></strong></span> <span class='ocrx_word' id='word_1_265' title='bbox 601 3810 692 3874; x_wconf 91' lang='lat' dir='ltr'><strong><em>nobis</em></strong></span> <span class='ocrx_word' id='word_1_266' title='bbox 713 3809 890 3873; x_wconf 90' lang='lat' dir='ltr'><strong><em>videamur.</em></strong></span> 
     </span>
    </p>
   </div>
   <div class='ocr_carea' id='block_1_5' title="bbox 0 0 1598 5108">
    <p class='ocr_par' dir='ltr' id='par_1_28' title="bbox 0 0 1598 5108">
     <span class='ocr_line' id='line_1_34' title="bbox 0 0 1598 5108; baseline 0 0"><span class='ocrx_word' id='word_1_267' title='bbox 0 0 1598 5108; x_wconf 95' lang='lat' dir='ltr'><strong><em> </em></strong></span> 
     </span>
    </p>
   </div>
  </div>
 </body>
</html>
