3184 5108
364 434 452 494 lannx
475 451 640 495 nnerronvx
665 454 848 498 nrnnnnanvx
866 436 960 496 t863.
1182 423 1256 494 255

81 611 305 702 ennumquam
329 620 450 684 dictum
473 641 542 684 esse
572 625 703 686 minime
733 622 887 687 credibile
917 627 969 702 sit,
1003 644 1109 708 neque
1131 623 1255 688 Aristo-

78 726 182 805 phanes
212 724 372 806 putandus
396 734 445 786 est
473 725 713 806 ambiguitatem
736 729 932 808 quaesivisse
961 725 1160 809 (praesertim
1183 747 1255 792 cum

79 827 143 888 nihil
165 829 258 908 plane
275 826 438 890 addiderit
460 847 501 890 ex
524 848 586 909 quo
609 830 698 900 lusus
721 839 752 892 et
775 829 966 911 ambiguitas
988 830 1168 913 adpareret]
1196 852 1255 894 ne-

78 949 128 1010 que
148 932 305 994 Platonem
328 940 460 1013 propter
484 931 665 994 evitandam
688 931 939 1013 ambiguitatem,
969 953 1050 1015 quae
1073 935 1161 996 nulla
1184 954 1253 997 esse

76 1043 192 1114 poterat,
223 1053 398 1115 pronomen
427 1034 646 1098 interiecisse.l
696 1037 804 1117 itaque
832 1047 864 1099 et
891 1038 948 1098 has
978 1039 1280 1117 grammaticoruma

77 1157 160 1217 nugas
189 1157 378 1218 respuemus
408 1149 438 1200 et
468 1140 590 1219 pariter
615 1139 669 1201 illa
697 1158 778 1219 quae
808 1148 902 1202 vetus
932 1141 1092 1222 interpres
1121 1149 1156 1204 ut
1186 1131 1253 1204 ὄνον

77 1231 143 1324 ὄρνιν
165 1242 342 1322 explicaret
363 1239 543 1322 adscripsit.
591 1243 687 1304 nimis
716 1244 802 1304 enim
831 1243 976 1323 ineptum
999 1253 1047 1304 est
1076 1242 1157 1306 illud
1186 1233 1254 1316 ὄνος

77 1336 110 1404 ὄν
134 1339 251 1428 ἀνέστη.
305 1343 391 1424 quod
421 1364 492 1408 cum
521 1345 602 1407 nihil
631 1347 731 1426 possit
759 1346 939 1426 significare
962 1345 1050 1408 aliud
1078 1365 1174 1426 quam
1200 1358 1256 1410 aut

76 1449 131 1524 hoc,
154 1467 222 1510 cum
237 1451 346 1510 asinus
368 1450 417 1528 sit,
441 1448 512 1530 fecit
534 1448 613 1530 quod
635 1451 793 1512 asinorum
816 1457 860 1512 est
882 1457 910 1512 et
931 1452 1083 1528 surremit,
1108 1458 1163 1512 aut
1177 1469 1253 1512 vero

75 1552 130 1626 hoc,
154 1554 292 1634 qarnmcis
314 1553 423 1614 asinus
446 1553 496 1627 sit,
522 1554 674 1630 surremit,
700 1561 873 1632 utrumqne
896 1550 1071 1614 absurdum
1090 1562 1153 1614 est:
1179 1571 1253 1614 nam

74 1664 102 1714 ut
120 1654 197 1736 lapsi
226 1664 358 1735 surgant
387 1673 493 1735 neque
523 1657 688 1736 proprium
718 1665 766 1716 est
796 1657 931 1717 maxime
962 1657 1124 1718 asinorum
1146 1675 1252 1736 neque

73 1758 227 1838 quisquam
249 1767 313 1819 tam
335 1759 436 1838 potnit
452 1777 521 1820 esse
544 1757 649 1820 latuus
671 1769 716 1836 nt,
743 1759 769 1820 si
792 1760 901 1820 asinus
924 1759 1032 1839 lapsus
1054 1771 1249 1840 resurgeret,

72 1859 272 1922 admiraretur
293 1860 375 1923 illud
398 1871 430 1923 et
452 1862 543 1941 quasi
567 1871 693 1942 captum
724 1862 805 1922 asini
834 1880 988 1942 superare
1012 1861 1144 1924 diceret.
1191 1864 1253 1924 ita-

72 1982 122 2042 que
144 1964 197 2026 illa
220 1965 459 2027 narratiuncula
481 1965 576 2026 stulte
601 1965 731 2026 conficta
755 1975 802 2026 est
832 1983 849 2026 a
873 1966 1084 2046 nugacissimo
1111 1965 1248 2028 homine.

73 2067 119 2128 sed
146 2066 195 2128 iac
223 2087 287 2129 non
317 2087 388 2130 esse
417 2069 561 2130 stultam:
596 2087 637 2130 ne
666 2079 733 2130 tum
764 2067 894 2148 quidem
923 2067 1153 2149 Aristophanes
1181 2087 1251 2131 cum

73 2168 141 2232 dixit
163 2161 231 2234 ὄνον
254 2162 336 2256 ὄρνιν
358 2169 398 2232 ad
422 2189 492 2232 eam
521 2179 624 2252 potest
653 2172 843 2252 respexisse.
891 2190 963 2233 nam
994 2191 1066 2234 cum
1095 2174 1253 2234 coniector

73 2273 116 2334 ille
138 2295 178 2336 ex
200 2273 317 2336 auditis
340 2293 357 2336 a
381 2293 415 2336 se
437 2273 546 2336 verbis
566 2276 779 2337 coniecturam
795 2276 929 2355 ceperit,
954 2274 1136 2356 pertinebat
1159 2295 1252 2338 omen

71 2375 104 2436 ad
124 2373 239 2462 φωνήν,
267 2377 358 2459 ,quod
380 2379 494 2440 ominis
523 2396 624 2458 genus
653 2387 746 2440 antea
767 2375 996 2458 Aristophanes
1026 2397 1253 2442 commemora-

72 2483 118 2558 rit,
144 2501 205 2544 non
228 2491 352 2563 poterat
374 2479 449 2543 inde
473 2481 576 2560 colligi
599 2483 723 2543 asinum
747 2499 816 2543 esse
839 2471 929 2566 ὄρνιν.
1260 2464 1266 2474 ’

146 2585 264 2658 Quodsi
288 2585 392 2647 missis
415 2585 588 2664 nugatoriis
612 2585 797 2646 commentis
820 2586 992 2664 cogitamus
1017 2585 1073 2665 qui
1096 2585 1165 2646 lieri
1193 2605 1252 2666 po-

70 2690 158 2749 tuerit
179 2699 215 2750 ut
236 2689 345 2750 asinus
368 2689 454 2750 inter
475 2679 617 2772 ὄρνιθας,
650 2689 671 2748 i.
697 2707 725 2748 c.
752 2687 837 2750 inter
866 2707 902 2750 ea
925 2707 1006 2768 qnae
1029 2687 1152 2768 aliquid
1177 2707 1252 2768 por-

69 2790 193 2854 tendere
209 2789 436 2869 credebanhar,
463 2789 648 2868 referretur,
675 2788 775 2851 facilis
799 2800 848 2852 est
870 2799 901 2852 et
918 2791 1056 2872 simplex
1071 2792 1251 2853 coniectura

68 2894 236 2956 ominosum
260 2894 358 2956 luisse
374 2893 502 2956 Graecis
525 2895 551 2955 si
567 2894 676 2956 asinus
692 2903 875 2956 occurreret
898 2903 952 2957 aut
972 2892 1113 2972 raderet,
1141 2913 1252 2974 posse-

70 3015 196 3078 musque
231 3000 264 3059 in
293 2998 352 3060 hac
379 2997 588 3078 explicatione
624 2995 833 3077 adquiescere
870 2997 994 3058 etiamsi
1030 2997 1152 3058 nullum
1182 3016 1251 3059 eam

69 3101 262 3163 confirmaret
283 3102 402 3164 veteris
425 3101 588 3182 scriptoris
610 3100 838 3162 testimonium.
885 3101 974 3180 atqui
997 3099 1166 3163 rudentem
1188 3101 1253 3162 asi-

68 3221 137 3264 num
155 3204 343 3267 Graecorum
359 3205 507 3285 opinione
524 3205 699 3266 ominosum
723 3202 821 3264 luisse
845 3213 979 3264 testatur
1001 3204 1134 3265 loannes
1149 3203 1252 3285 Chry-

67 3317 214 3370 sostomus
237 3309 269 3370 in
293 3307 517 3370 commentario
541 3306 694 3388 epistulae
717 3325 733 3367 a
758 3306 851 3368 Paulo
873 3304 914 3368 ad
937 3307 1092 3386 Ephesios
1116 3307 1251 3388 scriptae

67 3427 131 3490 cap.
150 3429 177 3471 ιν
200 3411 283 3472 hom.
303 3411 342 3472 lii
371 3408 404 3492 (t.
428 3429 458 3471 ιι
480 3430 513 3491 p.
532 3411 570 3470 93
596 3427 664 3490 seq.
689 3408 843 3492 llontei.].
890 3407 1119 3489 adscripsimus
1147 3418 1251 3471 autem

67 3515 165 3575 omnia
193 3533 274 3595 quae
305 3513 349 3574 ibi
379 3512 418 3575 de
448 3515 639 3575 Graecorum
668 3512 894 3593 superstitione
928 3510 1023 3573 dicit:
1063 3521 1137 3574 sunt
1166 3513 1251 3573 enirn

43 3617 139 3708 'satis
161 3616 387 3680 memorabilia.
435 3615 525 3702 μέχρι
550 3613 628 3686 τίνος
651 3609 686 3679 οὐ
707 3609 842 3679 παύεσθε
868 3617 1047 3699 ληροῦντος,
1078 3613 1252 3698 ἐσκοτωμέ-

67 3741 109 3780 νοι
137 3723 171 3804 τῇ
202 3719 337 3804 διανοίσρς
374 3717 512 3805 καθάπερ
541 3713 599 3804 γὰρ
627 3709 708 3790 ὄντες
738 3719 770 3780 ἐν
801 3711 898 3803 σκότῳ
926 3711 1024 3781 πάντα
1050 3713 1103 3780 καὶ
1131 3715 1252 3801 λέγουσι

66 3817 114 3882 καὶ
135 3817 304 3906 πράττουσι,
335 3819 387 3886 καὶ
408 3818 446 3886 τὰ
466 3819 535 3909 περὶ
559 3816 714 3906 δογμάτων
737 3818 788 3885 καὶ
809 3816 847 3884 τὰ
868 3817 937 3907 περὶ
959 3819 1035 3906 βίου.
1084 3815 1170 3883 οὐδὲν
1192 3815 1250 3904 γὰρ

66 3918 120 4008 δρᾷ
141 3930 197 3990 τῶν
213 3927 244 3990 ἐν
261 3926 343 4012 μέσῳ
358 3925 503 4010 κειμένων
525 3918 558 3998 ὄς
576 3927 654 3989 ἐστιν
671 3923 877 4008 ἐσκοτισμένος
886 3974 896 4003 ,
922 3919 1000 3988 ἀλλὰ
1022 3921 1153 4009 σχοινίον
1176 3925 1252 3986 πολ-

67 4021 148 4099 λάκις
171 4025 241 4093 ἰδών
264 4021 332 4115 ὄφιν
355 4026 491 4112 ἐνόμισεν
515 4023 695 4112 αὐτόματον,
725 4021 781 4091 hot
812 4031 951 4113 φραγμοῦ
980 4021 1069 4090 πάλιν
1099 4048 1252 4111 κατασχε-

67 4127 129 4202 θεὶς
150 4126 282 4216 ἐνόμισεν
312 4123 472 4217 ἄνθρωπόν
500 4155 567 4194 τινα
588 4125 609 4214 ἢ
633 4129 762 4215 δαίμονα
784 4129 922 4216 κατέχειν
947 4125 1049 4208 αὐτόν,
1081 4126 1133 4192 καὶ
1159 4125 1251 4201 πολὺς

67 4227 244 4320 ὄθόροβσς,
277 4231 376 4320 πολλὴ
405 4229 425 4319 ἡ
450 4229 582 4320 ταραχή.
628 4228 753 4300 τοιαῦτά
782 4257 848 4297 τινα
879 4233 1053 4319 φοβοῦνται.
1094 4225 1252 4318 εφοβηθή-

66 4335 174 4402 σοντοι’
206 4341 310 4418 (immo
333 4335 538 4424 ἐφοβήθησαν)
567 4337 641 4422 φησί
663 4331 772 4422 <φόβον
796 4329 831 4401 οὗ
854 4332 909 4400 οόκ
930 4327 968 4421 ἧν
991 4330 1094 4422 φόβος’
1128 4335 1248 4417 (psalm.

67 4457 106 4498 nu
131 4443 170 4524 6),
201 4438 238 4506 τὰ
261 4440 294 4506 δὲ
317 4433 385 4514 ἄξια
407 4435 503 4527 φόβου
534 4435 569 4505 od
599 4438 780 4518 δεδοίκασιν,
813 4435 892 4504 ἀλλὰ
922 4434 1059 4524 καθάπερ
1088 4435 1124 4504 τὰ
1146 4437 1251 4504 παιδία

65 4546 108 4627 τῷ
131 4542 179 4626 μὲν
200 4543 269 4630 πυρὶ
292 4541 344 4618 τὰς
373 4547 479 4631 χεῖρας
502 4540 693 4630 ἀπρονοήτως
721 4539 772 4607 καὶ
799 4546 842 4628 τῷ
864 4538 967 4630 λύχνῳ
988 4545 1145 4627 τολμηρῶς
1175 4543 1252 4606 ἐπα,
