3240 5094
407 474 496 534 lnnsx
519 489 685 534 scortorum
711 490 893 533 araunium
911 470 1006 532 l872.
1229 457 1304 529 465

113 661 168 722 τῶν
198 659 319 726 οἰκετῶν
338 655 473 745 Ἀγαηαῖν
500 664 639 748 τυχηρῶς
665 655 703 724 τά
732 654 797 724 κατ’
833 653 941 746 ἀγροὺς
964 653 1127 737 Διονόαια,
1160 659 1304 746 Στρατιᾶς

113 758 359 850 ἀπαλλαχθέντα.
417 775 513 846 atque
546 766 616 844 hic,
654 774 723 846 post
756 764 841 827 hunc
874 783 1019 842 versum,
1056 763 1149 848 μέσην
1181 759 1299 850 λαβόντ’

112 858 226 952 ἄραντα
247 862 458 953 καταβαλόντα
480 865 744 954 καταγιγαρτίσαι,
776 867 916 949 ponendi
940 879 1014 930 sunt
1036 887 1149 930 versus
1172 869 1226 930 ille
1248 870 1304 930 Di-

111 972 302 1053 casopolidis

265 1071 401 1141 κατάθου
422 1070 455 1140 τά
478 1079 607 1152 κανοῦν,
631 1065 656 1138 ὦ
677 1069 825 1160 θόγατερ,
848 1068 889 1137 ἵν’
916 1069 1121 1161 ἀπαρξώμεθα

110 1189 140 1241 ct
164 1177 229 1241 duo
252 1168 342 1243 filiae¹

266 1273 291 1344 ὦ
315 1286 424 1368 μῆτερ,
449 1277 561 1354 ἀνάδος
583 1283 671 1365 δεῦρο
694 1276 747 1365 τήν
771 1275 938 1366 ἐτνήρυσιν,
1313 1298 1327 1342 ν

263 1381 301 1448 ἵν’
328 1383 411 1458 ἔτνος
433 1385 576 1472 καταχέω
597 1379 781 1470 τούλατῆρος
803 1383 930 1448 τουτουί.

107 1491 260 1552 nimirum
277 1491 364 1554 linita
380 1509 494 1572 pompa
518 1500 619 1552 mater
642 1489 682 1551 de
701 1498 784 1550 tecto
800 1488 1019 1552 descenderat.
1060 1483 1169 1562 ἀνάδος
1186 1493 1301 1556 mirum

106 1604 154 1656 ast
178 1593 380 1673 Elmsleium,
411 1596 573 1658 hominem
601 1595 719 1656 Graece
750 1591 986 1673 doctissimum,
1018 1613 1169 1674 perverso
1200 1598 1303 1658 intor-

105 1681 268 1778 pretatum
303 1717 384 1760 osse.
437 1699 470 1760 iu
504 1699 551 1760 ais
586 1699 672 1759 enim
701 1714 784 1776 qnae
812 1695 854 1757 ad
881 1715 1011 1758 versum
1041 1697 1102 1759 732
1133 1697 1303 1780 adscripsit

104 1800 243 1864 verbum
272 1800 351 1863 illud
382 1820 418 1862 eo
450 1801 571 1864 rettulit
601 1799 685 1881 quod
715 1808 854 1878 actorem
887 1811 923 1862 ut
953 1800 1062 1863 Pollux
1092 1802 1136 1863 ait
1165 1821 1194 1862 ιν
1226 1803 1298 1882 tat,

103 1896 295 1975 alseatina<
316 1898 394 1968 κατά
415 1899 469 1989 τήν
492 1897 660 1989 ὀρχήστραν
683 1898 732 1965 ἐπὶ
754 1896 806 1986 τὴν
823 1897 935 1986 σκηνὴν
952 1897 1148 1988 ἀναβαίνουσι
1164 1900 1214 1968 διά
1229 1908 1300 1969 κλι-

104 2001 222 2090 μάκων.
271 2007 328 2070 scd
344 2018 392 2080 ¹ut
421 2008 602 2070 omittamus
632 2005 717 2068 haud
748 2025 846 2086 pauca
877 2025 987 2069 eorum
1018 2026 1099 2088 quae
1124 2009 1231 2071 Pollux
1259 2009 1299 2072 de

103 2112 261 2174 scaenicis
294 2109 392 2173 rebus
424 2110 522 2174 hahet
550 2110 680 2172 confusa
710 2128 780 2173 csse
808 2119 862 2172 aut
892 2108 985 2190 lalsa,
1022 2120 1147 2192 poterat
1174 2113 1206 2174 in
1237 2132 1299 2176 non

102 2214 203 2276 nullis
226 2213 343 2276 lahulis
366 2216 462 2277 cortis
484 2213 525 2277 de
549 2214 652 2278 causis
675 2214 821 2293 isquam
845 2211 922 2274 dicit
944 2214 1100 2276 scalarum
1116 2233 1185 2276 esse
1207 2235 1296 2295 usus,

100 2335 218 2378 varum
247 2317 280 2378 in
309 2316 570 2380 Acharnensihus
603 2317 720 2379 mulier
750 2315 802 2377 illa
831 2334 893 2378 non
922 2317 1023 2396 magis
1052 2336 1147 2398 quam
1182 2319 1298 2399 reliqui

101 2429 228 2482 actores
252 2439 292 2482 ex
310 2421 474 2483 orchestra
497 2422 529 2481 in
550 2421 755 2501 proscenium
778 2417 964 2499 adscendit,
990 2419 1047 2482 sed
1069 2418 1236 2483 descendit
1258 2421 1299 2484 de

99 2531 187 2584 tacto
209 2520 251 2584 ad
273 2525 421 2586 maritum
445 2532 476 2586 et
499 2523 611 2603 filiam,
644 2516 755 2594 ἀνάδος
784 2533 889 2586 autern
919 2523 1000 2584 nihil
1022 2522 1110 2586 alind
1133 2534 1180 2586 est
1203 2544 1297 2606 quarn

97 2627 236 2708 ροτιάρα.
283 2628 467 2690 notissimae
491 2626 729 2708 significationis
751 2627 828 2688 satis
851 2635 899 2688 est
920 2644 1020 2687 unum
1038 2625 1165 2689 adferre
1189 2648 1299 2691 exem-

99 2730 209 2811 plum:
234 2731 412 2812 Xenophon
435 2732 468 2792 in
492 2729 642 2794 Convivio
666 2731 684 2792 2
709 2731 728 2790 8
752 2729 786 2790 ἐκ
807 2721 913 2793 τοότσυ
937 2725 970 2791 δὲ
991 2718 1079 2812 ηόλει
1102 2727 1154 2812 μὲν
1179 2726 1297 2816 αότῇὴ

97 2830 208 2917 ἑτέρα,
235 2829 432 2918 παρεστηκώς
455 2831 489 2896 δέ
510 2855 555 2904 τις
575 2827 804 2917 τῇάρχηστρίδι
827 2825 966 2894 ἀνεδίδου
983 2825 1051 2903 τοάς
1066 2828 1193 2918 τροχοάς
1209 2834 1299 2921 μέχρι

98 2928 230 2998 δώδεκα.
279 2955 343 2998 non
366 2946 414 2998 est
436 2936 580 2998 saltatrix
602 2935 655 2997 illa
678 2937 711 2996 in
734 2935 840 3016 aliquo
863 2943 1026 3015 suggestu.
1067 2935 1124 2998 scd
1147 2939 1298 3019 quoniam

96 3039 287 3103 Elmsleium
303 3039 607 3101 conmemoravimus
624 3039 720 3100 alium
742 3039 838 3099 etiam
860 3039 930 3100 eius
953 3057 1095 3099 errorem
1118 3049 1294 3121 tangemus.

97 3161 271 3222 namnum
292 3162 325 3203 v.
352 3143 413 3204 259
438 3143 517 3203 haec
539 3142 702 3221 legantur,
729 3130 755 3202 ὦ
778 3138 915 3218 Ξανθία,
941 3143 1025 3227 σφῷν
1050 3136 1077 3204 δ’
1104 3139 1183 3206 ἐστὶν
1206 3139 1296 3229 ὀρθὸς

95 3244 203 3317 ἑκτέος
218 3238 252 3311 Ὁ
268 3239 384 3331 φαλλός
399 3237 537 3316 ἐξόπισθε
558 3245 612 3328 τῆς
634 3237 824 3329 κανηφόρου,
851 3245 1030 3307 mirabilem
1046 3245 1215 3328 adscripsit
1237 3248 1296 3310 od-

95 3350 310 3430 notationsm‚
339 3351 428 3411 ‘cnm
445 3350 501 3410 vix
523 3368 603 3430 opus
626 3357 710 3410 esset
732 3347 857 3411 duobus
879 3350 982 3410 servis
1003 3349 1044 3412 ad
1066 3351 1208 3429 phallum
1231 3353 1296 3413 oir-

96 3451 365 3531 cumlerendum‚
392 3451 484 3514 lacile
508 3453 614 3532 quivis
637 3451 771 3513 coniciet
793 3471 850 3532 pro
873 3451 958 3537 σφῷν
981 3461 1106 3532 poetam
1130 3454 1295 3534 scripsisse

95 3554 159 3618 col.
207 3555 264 3618 sed
287 3555 419 3618 fortasse
443 3557 526 3640 σφῷν
550 3553 741 3617 vertendum
765 3564 813 3617 est
835 3555 980 3616 alterutri
1001 3556 1161 3617 oestrum!
1198 3576 1293 3638 quam

94 3661 184 3744 σφῷν
208 3659 404 3739 pronominis
427 3659 722 3738 interpretationem
745 3658 833 3720 nullo
855 3667 945 3738 pacto
965 3656 1087 3719 admitti
1111 3677 1203 3740 possa
1227 3680 1294 3722 ma·
1404 3729 1405 3732 Ἴ

94 3762 250 3825 nilestum
282 3772 341 3824 est.
389 3761 602 3842 reputandum
633 3771 681 3822 est
709 3769 814 3823 autem
846 3759 878 3822 id
901 3761 1006 3840 ipsum
1030 3760 1199 3824 ridiculum
1223 3783 1293 3826 esse

93 3864 185 3948 quod
213 3867 246 3927 in
278 3865 394 3946 pusilla
417 3875 511 3944 atque
535 3864 613 3925 exili
640 3882 813 3944 paucorum
836 3865 999 3926 hominum
1022 3883 1137 3947 pompa
1165 3864 1294 3944 (constat

92 3971 184 4032 enim
208 3988 249 4031 ex
271 3966 492 4050 Dicaeopolide
515 3969 648 4048 eiusque
673 3967 790 4030 filiast
814 3966 937 4032 duoh'us
964 3968 1110 4052 servulis)
1138 3971 1253 4050 ingens
1275 3991 1293 4033 a

90 4071 224 4136 duobus
251 4081 395 4153 portatur
423 4071 560 4151 phallus.
613 4081 710 4150 atque
737 4072 865 4133 omnino
892 4069 1121 4152 Aristophanes
1152 4091 1192 4133 ex
1222 4073 1292 4135 licta

92 4193 232 4257 pompae
248 4174 483 4255 magnificentia
498 4192 672 4254 eorumque
688 4192 770 4253 quae
786 4175 961 4236 solenniter
977 4173 1095 4236 fiebant
1117 4175 1291 4239 imitatione

91 4277 232 4340 ridicula
247 4279 396 4359 captavit.
436 4277 532 4338 liliam
548 4276 742 4356 Dicaeopolis
758 4276 848 4339 iuhet
862 4295 975 4339 cavere
992 4296 1034 4339 ne
1051 4279 1123 4358 quis
1147 4279 1177 4340 in
1196 4277 1290 4341 turha

90 4399 194 4443 aurea
217 4389 403 4442 ornamenta
426 4381 596 4462 surripiat:
631 4380 719 4459 alqui
742 4379 907 4443 ambulant
930 4381 975 4441 illi
998 4399 1057 4461 per
1080 4381 1197 4444 nullam
1220 4392 1290 4444 tur-

89 4485 180 4547 ham.
227 4491 352 4564 poterat
374 4502 454 4546 uxor
475 4481 673 4563 magnificam
697 4483 782 4544 illam
805 4503 952 4565 pompam
975 4483 1044 4545 sine
1060 4483 1145 4544 omni
1170 4485 1290 4546 incom-

89 4587 246 4650 moditate
276 4595 420 4667 spcctarc
450 4588 476 4650 si
500 4597 573 4648 ante
595 4584 724 4649 domum
752 4585 910 4650 adstaret:
943 4586 997 4650 ille
1019 4585 1060 4648 ah
1084 4605 1119 4648 aa
1144 4586 1289 4651 detecto

148 4703 265 4756 llanptli
278 4701 390 4754 opo-coto
404 4701 432 4743 11.
1030 4705 1063 4756 30
