3184 5108
133 1195 303 1296 INDEX
335 1194 651 1294 LEGTIONVM
681 1195 1046 1296 HIBERNABVM
1076 1207 1201 1296 1865.

83 1450 336 1562 commentatum
366 1517 475 1561 sumus
505 1498 545 1560 de
568 1509 731 1580 poetarum
762 1501 880 1581 aliquot
903 1501 1092 1562 Graecorum
1115 1501 1262 1564 versibus

84 1603 267 1679 nonnullis,
295 1611 326 1664 ct
349 1598 480 1662 habebit
503 1603 561 1663 hoc
583 1603 669 1664 nulla
693 1605 871 1682 argumenti
891 1605 1125 1666 continuatione
1148 1604 1262 1666 cohae-

84 1725 150 1768 rens
172 1704 357 1786 disputandi
387 1723 499 1785 genus,
530 1707 686 1767 siminus
713 1725 730 1768 a
754 1708 905 1769 varietate
934 1717 987 1768 aut
1017 1708 1153 1769 utilitate
1182 1727 1262 1788 qua-

82 1809 148 1875 dam
168 1828 234 1888 sua,
268 1817 299 1869 at
321 1806 363 1869 ab
385 1809 443 1870 ista
466 1818 571 1872 tamen
601 1819 689 1870 sexto
721 1828 848 1890 quoque
871 1829 980 1872 mense
1002 1811 1073 1872 aliis
1099 1808 1261 1874 laboribus

81 1915 188 1976 nostris
217 1913 453 1974 interveniente
490 1914 603 1992 raptim
632 1911 756 1994 aliquid
785 1912 948 1974 scribendi
977 1917 1164 1977 necessitate
1198 1933 1259 1976 non

80 2017 152 2076 nihil
175 2017 305 2078 fortasse
328 2015 550 2076 excusationis.

156 2118 201 2180 Ao
221 2119 361 2199 primum
378 2117 507 2199 quidem
524 2119 668 2180 conterre
684 2119 804 2199 aliquid
827 2118 1026 2182 studebimus
1048 2120 1088 2183 ad
1105 2121 1261 2184 Electram

79 2222 244 2303 Sophoclis,
278 2220 318 2283 de
342 2239 405 2302 qua
427 2241 532 2302 nuper
554 2223 758 2302 scripsimus,
790 2220 832 2284 ab
859 2223 987 2303 ineptiis
1009 2223 1127 2303 quibus
1155 2234 1261 2288 nostra

80 2335 175 2387 aetate
198 2344 268 2386 cum
292 2324 425 2404 reliquis
448 2326 562 2387 summi
586 2334 697 2406 poetae
721 2324 892 2405 tragoediis
914 2345 1016 2406 Paene
1039 2345 1191 2407 oppressa
1213 2336 1261 2390 est

80 2427 281 2490 liberandam.
329 2446 402 2489 nam
424 2426 466 2489 ad
488 2427 545 2490 bas
567 2428 745 2509 tragoedias
766 2427 911 2510 undique
933 2430 1099 2491 convolant
1122 2439 1262 2493 certam-

79 2551 135 2610 que
156 2533 241 2593 inter
269 2551 304 2593 sc
326 2530 532 2592 coniectando
555 2542 650 2612 atque
679 2530 841 2593 ariolando
862 2527 969 2594 πολλοὶ
991 2529 1158 2617 θριοβόλοι,
1181 2537 1262 2598 παῦ-

80 2655 122 2718 ροι
142 2633 175 2698 δέ
195 2657 228 2697 τε
251 2626 370 2719 μάντιες
392 2624 508 2718 ἄνδρας.
549 2652 611 2714 quo
628 2633 838 2698 confidentius
853 2645 958 2696 autem
982 2637 1106 2697 inutilia
1129 2646 1161 2698 et
1184 2635 1260 2698 lalsa

78 2747 166 2816 atqua
187 2736 267 2800 adeo
289 2736 428 2800 absurda
450 2737 587 2818 proferri
614 2739 727 2816 solent,
759 2757 796 2800 eo
820 2739 918 2819 magis
947 2739 1159 2800 necessarium
1189 2758 1259 2802 esse

80 2840 163 2902 nobis
185 2839 316 2903 videtur
337 2850 372 2902 ut
395 2841 528 2903 iuvenes
551 2841 606 2921 qui
637 2841 686 2903 his
716 2841 831 2903 litteris
854 2840 983 2902 student
1012 2840 1174 2904 interdum
1202 2841 1261 2903 ad-

80 2955 261 3006 moneantur
294 2963 335 3006 ne
363 2962 444 3006 vana
475 2945 659 3025 opinionum
697 2955 872 3006 commenta
905 2943 1028 3006 creduli
1062 2943 1261 3007 admirentur

81 3046 301 3110 insanientisve
330 3047 506 3128 sapientiae
539 3048 672 3110 consulti
700 3058 820 3110 errent.
869 3049 901 3107 in
924 3047 1048 3108 Electra
1077 3049 1175 3129 igitur
1203 3051 1261 3110 So-

82 3151 193 3229 phoclis
227 3151 285 3212 hoc
312 3151 446 3229 legimus
476 3149 551 3212 inde
580 3170 596 3212 a
620 3169 652 3212 ν.
671 3151 732 3211 set
758 3150 1030 3231 Chrysothemidis
1057 3161 1089 3212 et
1118 3152 1261 3214 Electrae

78 3254 281 3336 conloquium,

178 3352 245 3420 XP.
293 3346 318 3418 ὦ
342 3350 507 3440 δυστυχής·
540 3349 601 3438 ἐγώ
625 3352 659 3417 δὲ
681 3351 734 3419 σὺν
756 3349 839 3441 χαρᾷ
861 3351 967 3440 λόγους

289 3453 422 3523 τοιούσδ’
446 3452 552 3542 ἔχουσ’
578 3453 922 3534 incommoditatis?
950 3449 1009 3544 ἄρα

289 3557 328 3625 ἵν’
355 3553 431 3646 ἦμεν
455 3551 546 3644 ἄτης·
579 3555 658 3624 ἀλλὰ
681 3564 745 3638 νῦν,
769 3553 818 3623 ὅθ’
847 3555 965 3646 ἱκόμην,

288 3662 326 3728 τά
347 3659 374 3728 τ’
402 3655 474 3728 ὅντα
494 3657 625 3749 πρόσθεν
648 3655 728 3726 ἄλλα
750 3659 782 3726 θ’
810 3658 938 3749 εὑρίσκω
960 3660 1051 3728 κακά.

177 3766 243 3832 ΗΛ.
291 3761 385 3838 οὕτως
407 3765 474 3853 ἔχει
496 3790 544 3830 σοι
565 3761 667 3830 ταῦτ’·
698 3761 752 3830 ἐὰν
776 3766 809 3830 δέ
833 3791 884 3850 μοι
905 3765 997 3853 πίθῃ,

288 3874 340 3955 τῆς
363 3873 414 3934 νῦν
436 3864 590 3954 παρούσης
612 3874 748 3954 πημονῆς
771 3865 870 3942 λύσεις
893 3864 994 3955 βάρος.

175 3971 241 4038 ΧΡ.
289 3965 308 4058 ἧ
330 3968 398 4045 τοὺς
422 3969 568 4045 θανόντας
590 3968 781 4057 ἐξαναστήσω
803 3972 891 4048 ποτέ;

176 4073 245 4141 ΗΛ.
292 4071 346 4141 οὖν
368 4071 435 4140 ἔσθ’
463 4068 531 4160 ’ὅγ’
559 4072 658 4139 εἶπον·
691 4071 726 4140 οὔ
749 4071 806 4162 γὰρ
830 4067 885 4137 ὧδ’
911 4067 1015 4161 ἄφρων
1037 4075 1122 4163 ἔφυν.
1212 4150 1218 4160 ⁴

176 4175 241 4244 ΧΡ.
289 4178 319 4242 τί
339 4175 397 4266 γὰρ
420 4173 553 4252 κελεύεις
576 4169 617 4242 ὧν
641 4175 702 4262 ἐγὼ
725 4179 904 4265 φαρέγγυοςς

176 4279 243 4346 ΗΛ.
290 4281 399 4366 τλῆναί
420 4305 454 4346 σε
477 4283 595 4368 δρῶσαν
619 4273 654 4346 ἃν
677 4277 739 4367 ἐγὼ
760 4273 954 4368 παραινέσω.Ι

79 4383 130 4446 hos
150 4405 272 4466 versus,
299 4405 378 4466 quos
400 4387 524 4467 priores
547 4387 740 4467 interpretes
762 4387 832 4448 sine
856 4386 1036 4467 suspicione
1056 4385 1283 4466 dimiserunt,t

79 4485 230 4554 Nauplius
253 4491 416 4553 continere
443 4488 589 4554 adfirmat
619 4488 703 4572 quod
734 4490 841 4552 multis
869 4488 1051 4552 nominibus
1073 4490 1260 4570 vituperan-
