3184 5108
152 1317 324 1418 INDEX
353 1317 673 1416 nuculuuvll
704 1316 1073 1418 HIBERNARVM
1108 1327 1234 1419 1864.

105 1571 153 1679 In
174 1622 206 1681 L.
231 1618 355 1681 Annaei
387 1620 527 1682 Senecae
557 1619 649 1682 libris
678 1621 773 1682 etiam
808 1631 879 1701 post
906 1622 1106 1684 utilissimam
1135 1621 1286 1684 Frideriei

106 1723 201 1784 llaasii
224 1741 354 1804 operam
381 1723 538 1803 permulta
567 1733 688 1786 restant
709 1740 790 1803 quae
814 1722 1014 1786 emendanda
1036 1724 1169 1787 aliterve
1192 1743 1287 1805 quam

105 1843 201 1906 nuper
228 1825 346 1888 factum
375 1835 423 1888 est
455 1825 678 1890 conformanda
707 1845 776 1888 esse
803 1824 986 1889 videantur.
1043 1829 1171 1908 saepius
1201 1829 1288 1890 enim

104 1946 192 2007 quam
214 1928 371 1992 vellemus
393 1929 593 1991 commissum
616 1939 664 1992 est
686 1939 791 1990 nostra
813 1937 915 1992 aetate
940 1938 977 1992 ut
999 1928 1162 1992 doctorum
1184 1929 1287 1992 bomi-

103 2048 173 2092 nnm
208 2033 265 2112 qni
301 2031 376 2093 olim
408 2033 441 2093 in
471 2030 521 2092 his
553 2033 681 2112 seriptis
716 2030 926 2095 emendandis
958 2041 1054 2113 atque
1088 2031 1288 2114 explicandis

103 2132 238 2196 studium
262 2134 465 2196 conlocarunt
488 2133 606 2196 iudicio
628 2151 691 2196 non
715 2143 799 2197 reete
822 2145 929 2216 spreto
952 2153 1033 2198 nova
1053 2147 1287 2216 quaererentur

102 2247 151 2299 aut
179 2239 382 2318 antiquorum
412 2237 643 2318 exemplarium
675 2236 785 2300 sordes
815 2249 1039 2318 repeterentur
1070 2238 1127 2302 ubi
1157 2240 1203 2301 illi
1233 2251 1288 2304 aut

101 2357 204 2402 veram
234 2338 435 2421 nitidumque
464 2341 655 2420 scripturam
685 2351 740 2402 aut
769 2359 849 2422 quae
877 2359 996 2404 evera
1023 2351 1119 2422 atque
1150 2344 1287 2424 eleganti

100 2459 193 2523 prope
223 2441 353 2505 abesset
384 2441 526 2506 adsecuti
558 2453 659 2505 erant.
713 2442 771 2505 sed
799 2443 877 2507 baec
911 2446 1063 2525 persequi
1095 2446 1225 2526 longum
1255 2455 1287 2510 et

100 2545 263 2608 molestum
286 2555 346 2624 est,
378 2546 489 2610 utilius
516 2555 622 2609 autem
645 2545 712 2608 lore
734 2547 951 2609 existimamus
981 2548 1007 2608 si
1031 2566 1141 2610 eorum
1163 2559 1287 2630 partem

101 2647 148 2710 bie
176 2648 403 2730 protulerimus
432 2667 514 2730 quae
544 2649 604 2730 ipsi
627 2667 709 2711 nova
731 2660 764 2712 et
784 2648 963 2730 probabilia
986 2653 1167 2732 repperisse
1194 2652 1286 2716 nobis

98 2750 254 2814 videmur.
303 2761 339 2814 nt
361 2769 436 2814 vero
459 2752 509 2814 bis
532 2752 650 2814 chartis
672 2752 772 2833 gratia
795 2763 827 2814 et
842 2751 1084 2834 commendatio,
1110 2771 1205 2834 quam
1228 2774 1287 2818 uo-

98 2865 159 2914 stra
183 2872 280 2934 opera
303 2855 350 2916 eis
373 2853 504 2918 fortasse
532 2873 595 2916 non
624 2856 800 2935 poterimus
822 2853 954 2935 addere,
985 2856 1115 2919 aliunde
1144 2857 1284 2936 accedat,

99 2958 128 3017 in
151 2957 310 3039 principio
334 2975 442 3018 earnm
465 2957 662 3020 conlocamus
685 2957 801 3020 eximia
824 2960 939 3020 summi
962 2959 1023 3020 viri
1052 2961 1182 3023 inventa
1204 2979 1287 3041 quae

98 3058 190 3122 bodie
218 3060 358 3140 ignorari
386 3059 550 3124 videntur.
605 3061 722 3124 etenim
751 3061 785 3122 in
808 3060 903 3124 diarii
933 3062 1054 3124 classici
1077 3062 1287 3126 Londinensis

96 3163 256 3226 volumine
271 3180 370 3224 mvn
392 3161 478 3227 edita
500 3173 575 3226 sunt
597 3182 679 3244 quae
701 3161 856 3226 Ricardus
875 3165 1038 3228 Bentleius
1059 3163 1100 3228 ad
1123 3167 1287 3246 exemplar

97 3267 236 3328 Senecae
267 3266 494 3328 Eleivirianum
528 3267 605 3328 anni
633 3285 774 3328 notun
803 3266 983 3348 adscripsit.
1036 3286 1073 3330 ea
1104 3270 1219 3350 partim
1252 3270 1286 3332 in

97 3370 228 3432 minutis
257 3367 356 3431 rebus
385 3378 565 3448 versantur,
597 3371 713 3450 partim
742 3371 872 3432 inventa
901 3379 975 3432 sunt
1004 3372 1098 3433 etiarn
1131 3370 1173 3433 ab
1202 3371 1284 3450 aliis,

96 3489 156 3533 non
179 3472 269 3534 nulla
291 3472 385 3534 aliter
407 3470 576 3534 iudicanda
598 3481 673 3534 sunt
701 3481 868 3554 postquam
897 3473 1044 3536 meliores
1071 3472 1171 3536 libros
1192 3493 1287 3538 accu-

97 3575 194 3638 ratius
225 3577 446 3656 cognovimus:
480 3584 646 3638 remanent
674 3592 756 3637 nova
785 3585 816 3638 et
846 3593 922 3638 vera
952 3586 983 3639 et
1005 3577 1148 3640 Bentleio
1176 3576 1284 3658 digna,

95 3697 175 3756 quae
200 3676 396 3740 excribenda
419 3676 579 3740 duximus.

181 3782 292 3861 ltaque
314 3781 478 3844 Bentleius
499 3779 695 3860 dialogorum
717 3800 735 3842 r
763 3781 812 3864 (de
836 3782 882 3843 ira
906 3781 949 3865 m)
976 3781 1014 3844 l'i
1037 3783 1056 3843 3
1080 3782 1287 3846 scribendum

94 3903 162 3948 esse
186 3881 270 3947 vidit
291 3902 364 3945 eam
391 3881 599 3964 Telesphorum
620 3883 778 3961 Rhodium,
802 3886 934 3948 amicum
955 3903 1056 3966 suum,
1079 3885 1213 3968 undique
1233 3887 1287 3948 de-

94 3994 260 4063 curtotum,
286 4005 355 4050 cum
376 4005 469 4049 eures
491 3985 540 4048 itti
558 4003 727 4068 ausumque
744 3985 933 4066 abscidisset,
958 3989 990 4050 in
1012 4006 1107 4050 caveo
1128 3989 1210 4052 vetut
1231 4008 1288 4050 oo-

94 4107 164 4151 vum
194 4089 315 4152 animal
344 4089 466 4172 attpmd
498 4097 525 4152 et
554 4108 740 4152 rrvrsrrarrr
770 4090 824 4153 diu
849 4091 954 4171 pavit:
991 4089 1066 4152 libri
1095 4091 1283 4154 inornatum.

95 4191 169 4254 dial.
189 4211 232 4254 ru
262 4191 313 4272 (de
335 4193 401 4254 vita
423 4190 525 4275 beata)
549 4194 585 4253 ll
611 4192 689 4276 2(3)
717 4192 858 4275 etseras
880 4211 948 4256 cum
971 4192 1074 4256 labore
1092 4194 1287 4276 periculoque

96 4313 246 4358 venemur
268 4301 296 4358 et
318 4303 479 4377 ceptorum
499 4313 614 4377 quoque
635 4295 762 4358 illerum
783 4295 914 4358 sotteita
939 4298 1091 4378 possessio
1116 4305 1161 4360 est
1184 4297 1288 4380 (saepe

94 4401 172 4460 enim
196 4399 321 4461 lanient
341 4397 490 4479 mmirtos)
514 4399 558 4461 ita
579 4417 703 4460 nrarrrr
732 4415 860 4480 mopsos
890 4399 1059 4480 voluptates
1086 4402 1118 4464 io
1144 4419 1288 4484 mepuom

96 4503 211 4564 molam
234 4518 360 4564 evasere
385 4507 547 4582 coptaeqrre
575 4518 697 4582 cepere:
734 4498 903 4582 legebatur
930 4500 1081 4565 babentes.
1128 4503 1203 4566 dial.
1222 4520 1286 4564 rurr
