3204 5104
329 401 402 473 386
623 415 712 476 lanea
734 433 903 478 ascalonae
926 435 1107 478 arsuram
1126 419 1219 478 tuas.
1249 375 1254 384 Ι

327 603 474 666 additum
503 613 552 666 est
573 604 765 666 adiectivum
787 605 918 665 xxvual
946 606 996 683 42,
1030 607 1118 668 otiosi
1137 605 1262 688 qnidam
1283 606 1412 689 parrnli.
1453 623 1499 665 su-

327 707 476 769 stulimus
503 708 667 786 garritoris
695 705 901 784 vocabulum,
933 707 1018 788 quod
1047 707 1123 770 alibi
1152 727 1216 771 non
1243 711 1418 785 invenitur,
1445 725 1497 768 non

328 808 415 890 quod
444 828 503 890 per
532 829 566 871 se
596 807 788 890 offenderet,
823 809 880 872 sed
909 812 1059 890 quoniam
1089 811 1300 874 insistendum
1331 821 1395 873 erat
1422 811 1496 890 quasi

327 912 461 992 uestigio
477 911 551 974 libri
563 913 722 974 Vaticani:
741 912 799 974 sed
815 913 959 994 ineptum
974 913 1109 976 verbum
1125 913 1301 977 tollendum
1316 925 1363 976 est
1376 932 1426 974 ur
1440 913 1457 972 8
1473 912 1496 970 l.

327 1015 445 1094 legitur
474 1014 518 1076 ibi
547 1015 642 1095 vulgo
670 1021 699 1077 et
721 1034 792 1097 pam
820 1017 917 1096 specie
938 1015 1137 1078 hamanitatis
1160 1017 1280 1080 indulta
1302 1018 1334 1078 in
1352 1017 1498 1098 perniciora

326 1125 372 1180 est
386 1135 479 1180 versa
494 1118 671 1194 multarum,
696 1120 750 1199 qni
767 1118 851 1199 same
873 1119 1008 1200 adusqoae
1023 1121 1165 1201 spiritam
1187 1120 1317 1182 lacerati
1333 1126 1498 1200 postremum

327 1220 449 1300 adeoqare
472 1221 600 1292 latenter
617 1223 779 1304 propressr'
798 1229 853 1283 aut
874 1223 1026 1303 imperitia
1048 1221 1146 1283 nandi
1164 1223 1284 1306 patrpite
1303 1222 1432 1303 flaminis
1452 1220 1499 1281 ad-

326 1321 548 1386 hauriebantnr
570 1331 642 1398 ant,
673 1323 878 1386 standarum
907 1327 940 1386 ui
964 1333 1112 1404 saporata
1134 1327 1272 1386 ornarent
1300 1325 1342 1386 ad
1363 1327 1457 1405 ripas,
1483 1343 1499 1382 a

327 1426 493 1488 Saracenis
515 1427 564 1488 vel
587 1427 704 1504 Persis,
737 1443 827 1507 qnos,
859 1434 894 1489 at
914 1427 1052 1489 demimus
1073 1428 1165 1508 paulo
1194 1435 1282 1502 ante,
1313 1426 1499 1490 eaturbaoero

329 1529 492 1605 Germani,
518 1529 720 1591 metebantur
741 1536 776 1591 nt
793 1547 907 1610 pecora
928 1530 975 1591 vel
991 1529 1110 1612 leupus
1125 1529 1286 1592 amandati
1306 1537 1376 1593 snat
1396 1547 1497 1590 omnn-

326 1631 433 1693 daadi.
481 1633 620 1694 insolens
643 1641 692 1693 est
713 1631 926 1694 adhauriendi
948 1631 1084 1695 verbum
1107 1651 1230 1713 neque,
1259 1635 1287 1694 si
1309 1631 1421 1713 aliquis
1441 1632 1498 1692 eius

328 1745 396 1796 erat
419 1753 514 1813 usus,
540 1736 667 1797 omnino
690 1735 742 1795 hie
757 1732 820 1795 diei
835 1736 949 1813 potuit.
996 1734 1249 1816 Lindenbragius
1272 1755 1290 1798 e
1313 1734 1416 1797 codice
1437 1753 1499 1815 pro·
1583 1727 1584 1744 ¹

326 1836 400 1900 tulit
422 1836 658 1914 adoriebantur,
688 1838 721 1898 in
743 1837 893 1900 Vaticano
915 1847 963 1900 εει
985 1837 1218 1901 adorbibantnr.
1265 1840 1428 1900 verissime
1449 1835 1500 1898 Αε-

327 1941 452 2002 eursius
475 1949 507 2002 ει
528 1939 680 2002 Gelenius
702 1939 900 2020 seripserunt
922 1939 1177 2018 absorbebantur,
1202 1940 1289 2022 quod
1311 1941 1447 2003 Valesius
1465 1959 1498 2000 ne
1583 1973 1584 2012 ι

328 2043 573 2104 conmemoravit
603 2043 751 2123 quidem,
788 2051 824 2104 ut
853 2044 952 2105 multu
981 2045 1041 2105 alia
1071 2062 1153 2124 quae
1188 2044 1332 2124 recipere
1364 2042 1496 2106 debebat.

325 2145 414 2207 aliud
436 2143 570 2207 verbum
593 2146 733 2208 insolens
761 2155 835 2206 nota
864 2155 896 2207 et
917 2157 1066 2209 consueto
1090 2145 1205 2208 cedere
1228 2145 1394 2209 debetur
1418 2147 1496 2206 ιιι.

326 2267 401 2310 nam
415 2249 510 2328 vulgo
532 2267 608 2310 sane
632 2247 677 2308 ibi
699 2247 818 2328 legitur
835 2247 922 2330 plebe
937 2251 999 2311 tom
1014 2251 1181 2312 saeottaato
1197 2250 1376 2325 immensas,
1400 2267 1499 2310 verum

326 2353 478 2413 saeuiente
500 2351 620 2413 habent
634 2350 805 2414 Aacursius
820 2360 852 2412 et
868 2350 1017 2414 Gelenius
1040 2350 1138 2432 idque
1153 2352 1296 2414 Vaticani
1318 2351 1390 2412 libri
1406 2361 1499 2413 aueto-

329 2456 423 2517 ritate
446 2454 661 2516 confirmatur.

410 2556 505 2618 Libro
527 2575 588 2618 xxm
607 2558 644 2617 t5
668 2558 709 2619 28
734 2575 797 2618 non
820 2565 924 2638 potest
947 2553 1134 2619 Ammianus
1143 2557 1309 2637 scripsisse
1332 2556 1416 2637 quod
1435 2575 1499 2638 per·
1583 2521 1584 2586 ¹

325 2661 452 2741 vulgata
475 2660 669 2740 exemplaria
693 2659 862 2738 exhibent,
895 2659 991 2722 malta
1014 2661 1046 2722 in
1069 2659 1130 2722 illis
1153 2659 1300 2722 tractibus
1319 2662 1445 2741 pretium
1464 2665 1500 2720 est

324 2781 434 2846 operae
456 2764 627 2824 maalmam
650 2763 765 2845 tepere:
796 2761 941 2844 canibus
961 2780 1064 2843 panca
1085 2763 1240 2824 conveniet
1260 2763 1421 2846 e‘cplt'oart'.
1464 2763 1498 2822 ita

325 2866 477 2928 Gelenius
500 2866 626 2945 scripsit
642 2875 674 2926 et
689 2863 924 2946 adquieverunt
948 2865 981 2926 in
996 2865 1043 2927 eis
1058 2865 1202 2927 homines
1217 2864 1317 2928 docti:
1344 2865 1399 2928 sed
1416 2866 1499 2948 tepere

325 2969 419 3051 plone
450 2969 593 3048 ineptum
623 2979 682 3030 est.
735 2967 906 3030 Aaoursius
933 2967 1024 3029 dedit
1050 2969 1192 3030 manime
1220 2987 1303 3050 oeper
1331 2968 1367 3030 do
1393 2966 1496 3048 mribus,

326 3069 579 3150 lindenbrogius
601 3090 619 3133 e
642 3069 750 3133 codice
772 3071 928 3152 prompsit
949 3072 1090 3132 maimo
1104 3089 1248 3154 asperae,
1275 3073 1309 3133 in
1334 3070 1412 3132 libro
1426 3069 1499 3131 Vati-

325 3193 402 3236 cano
425 3175 578 3254 scriptum
600 3183 650 3236 est
671 3176 812 3236 masalma
833 3192 963 3257 asperae
980 3173 1098 3254 qnibns.
1147 3174 1253 3254 itaque
1270 3175 1330 3236 hoe
1346 3171 1498 3236 reddemus

282 3276 506 3354 stammana,
538 3277 635 3338 multa
661 3277 777 3340 inillis
800 3275 946 3339 tractabas
971 3277 1106 3358 pretam
1133 3284 1178 3338 est
1198 3265 1321 3357 operae¹
1345 3278 1497 3338 mmmm

326 3399 469 3442 cessans:
501 3399 517 3441 e
543 3379 651 3461 quibas
676 3399 780 3462 pauca
806 3380 959 3442 conveniet
981 3380 1146 3460 adplicari.
1192 3379 1317 3440 litteras
1339 3381 1422 3442 enim
1442 3377 1497 3438 illas

323 3502 418 3567 perae
441 3493 564 3563 partem
587 3502 657 3544 esse
678 3481 771 3545 verbi
795 3481 880 3563 quod
903 3491 951 3542 εει
974 3497 1098 3542 cernere
1120 3483 1279 3544 eominus
1302 3491 1403 3563 potest
1416 3478 1497 3542 dubi-

325 3587 386 3648 tari
409 3605 472 3667 quo
494 3588 621 3666 saepius
644 3595 741 3668 oetp
763 3585 887 3647 litterae
904 3585 936 3645 in
953 3583 1035 3645 libro
1049 3584 1197 3646 Vaticano
1214 3594 1412 3666 permutatae
1426 3591 1494 3651 sunt,

327 3689 360 3752 id
390 3687 476 3769 quod
505 3690 538 3750 in
561 3689 644 3750 tritis
667 3689 760 3750 etiam
785 3699 817 3751 ει
839 3685 1025 3768 vulgaribus
1047 3685 1157 3748 verbis
1184 3685 1384 3751 factumest.
1427 3681 1496 3767 quod

325 3795 354 3855 si
376 3802 539 3869 tenemus,
567 3790 738 3853 emendare
754 3791 929 3870 poterimus
944 3799 1127 3869 corruptum
1143 3789 1279 3852 verbum
1296 3789 1467 3871 quoderat
1482 3787 1496 3844 a

326 3896 454 3975 legitur.
501 3913 604 3956 sermo
634 3902 681 3955 est
709 3892 750 3954 de
777 3891 991 3973 spadonibus:
1022 3891 1152 3974 (nerunt
1178 3895 1257 3954 enim
1282 3893 1368 3974 apud
1388 3901 1496 3960 oderes,

325 3999 394 4062 licet
416 3996 523 4079 oppido
543 3997 652 4077 pauci,
674 3995 777 4075 fideles
800 4002 828 4056 et
846 3994 951 4077 sinai,
977 3995 1030 4056 sed
1052 3993 1086 4056 ob
1101 3995 1251 4077 quaedam
1266 3997 1344 4058 uitia
1357 3995 1495 4058 maaolosi.

326 4104 407 4165 inter
425 4101 595 4183 praecipuo
616 4101 696 4160 enim
717 4116 795 4179 qnae
810 4115 914 4159 eornm
935 4100 1059 4178 qnisqne
1081 4097 1180 4159 stadio
1199 4098 1379 4179 possederat
1397 4097 1441 4160 uel
1458 4097 1496 4156 iu-

324 4207 412 4290 ponia
435 4211 490 4266 ant
509 4219 618 4282 rapace
640 4209 693 4264 aut
717 4201 761 4281 (et
774 4201 957 4280 Vaticanus)
978 4199 1101 4282 feritate
1116 4202 1281 4261 contemnor
1292 4200 1357 4282 fuit
1369 4208 1420 4263 εει
1434 4217 1495 4280 pur

324 4309 450 4390 perasiar
472 4305 513 4368 ad
535 4305 715 4368 laedendum
730 4304 778 4366 uel
792 4301 983 4385 dilipentlbns
998 4304 1125 4364 nimium
1141 4301 1272 4366 blandus
1294 4312 1350 4366 ant
1366 4301 1495 4386 patenam

323 4412 411 4492 fasta
433 4407 603 4490 superbior.
650 4406 743 4468 nihili
775 4415 823 4468 εει
845 4404 1055 4490 diligentibus,
1087 4403 1173 4485 quod
1196 4404 1348 4469 Gelenius
1376 4403 1490 4484 scripsit·

327 4512 529 4575 Colhertinus
551 4509 633 4572 liber
656 4508 774 4572 habere
791 4506 908 4570 dicitur
930 4507 1109 4592 ipendimns,
1134 4505 1192 4570 sed
1206 4509 1373 4571 Vaticanus
1392 4506 1491 4588 pariter
