3186 5108
115 1140 285 1242 INDEX
311 1137 633 1240 Luottottvttt
663 1137 1030 1238 HIBERNARVM
1061 1147 1187 1238 1858.

69 1385 251 1498 Callimachi
269 1436 456 1517 hymnorum
480 1453 586 1516 neque
603 1429 788 1516 depravatio
808 1435 920 1514 exigua
945 1443 992 1495 est
1016 1451 1122 1514 neque
1139 1453 1251 1495 emen-

68 1540 139 1600 datio
166 1539 244 1600 satis
274 1549 340 1600 tuta
370 1547 539 1617 antequam
569 1539 687 1618 scripta
718 1537 914 1618 exemplaria
947 1539 1125 1599 accuratius
1154 1555 1249 1617 quam

67 1642 157 1704 adhuc
186 1643 274 1704 licuit
298 1641 555 1722 cognoverimus:
588 1659 780 1721 quamquam
804 1659 866 1701 non
894 1640 1087 1720 sperandum
1111 1648 1160 1701 est
1183 1638 1249 1700 lora

68 1757 93 1806 ιιι
115 1765 151 1806 ex
180 1745 243 1807 illis
273 1743 511 1826 exemplaribus
540 1763 686 1824 magnam
716 1744 885 1805 utilitatem
909 1745 1089 1824 carpiamus,
1122 1762 1192 1804 cum
1218 1745 1249 1804 in

69 1849 201 1927 pessimis
225 1847 352 1910 mendis
374 1849 557 1929 conspirare
581 1845 753 1908 videantur
772 1845 974 1926 deductaque
996 1848 1100 1907 omnia
1124 1848 1188 1908 sint
1211 1865 1251 1906 ex

69 1951 138 2012 libro
159 1971 221 2014 non
245 1952 369 2030 integro
392 1949 449 2012 sed
468 1952 584 2031 partim
606 1951 742 2011 lacerato
765 1961 818 2011 aut
835 1948 1022 2031 putrefacto.
1063 1966 1162 2030 quare
1179 1949 1251 2029 plus

68 2057 127 2134 spei
157 2055 339 2136 reponimus
368 2055 399 2115 in
429 2053 593 2132 diligentia
620 2062 716 2133 atque
746 2053 873 2132 ingenio
901 2051 1063 2115 doctorum
1088 2053 1249 2114 hominum

68 2167 93 2217 at
114 2159 245 2221 maxime
268 2158 338 2219 eius
359 2158 420 2218 viri
445 2176 540 2238 quem
570 2158 696 2237 egregio
724 2158 938 2218 analectorum
961 2155 1250 2217 Alexandrinorum

67 2263 146 2342 operi
168 2261 409 2342 emendatisque
430 2259 644 2324 bucolicorum
668 2271 832 2341 poetarum
856 2257 1052 2321 carminibus
1069 2259 1249 2320 Callimachi

68 2375 210 2446 poemata,
235 2363 379 2446 adquae
404 2361 601 2426 restituenda
625 2374 657 2425 et
679 2361 918 2444 interpretanda
942 2381 1019 2442 prae
1043 2364 1158 2424 ceteris
1180 2360 1252 2422 ido-

68 2478 217 2548 deusest,
243 2467 428 2532 additurum
452 2487 522 2531 esse
545 2466 743 2529 confidimus.
784 2465 912 2527 interim
931 2484 987 2527 nos
1003 2463 1044 2528 de
1068 2482 1129 2526 non
1153 2464 1251 2526 nullis

68 2569 226 2633 doctissimi
251 2583 364 2653 poetae
386 2571 535 2634 versibus
559 2569 810 2651 disputabimus,
835 2588 899 2630 non
922 2579 957 2630 ut
980 2569 1100 2648 ingenii
1124 2567 1249 2629 laudem

68 2685 284 2754 consectemur,
311 2674 368 2736 sed
390 2685 425 2736 ut
441 2675 617 2737 scholarum
635 2673 842 2735 hibernarum
866 2671 962 2734 indici
978 2669 1152 2733 adiciamus
1169 2691 1251 2751 quae

69 2777 226 2841 iuvenibus
263 2779 468 2859 antiquarum
502 2779 680 2840 litterarum
718 2775 869 2838 studiosis
905 2776 1042 2855 aliquam
1082 2774 1250 2836 utilitatem

68 2879 240 2958 praebeant.

144 2985 250 3067 ltaque
275 2987 307 3048 in
332 2986 447 3068 hymno
477 2985 507 3047 in
532 2987 635 3048 lovem
664 2983 738 3046 inde
762 3001 779 3044 a
801 3000 899 3044 versu
922 2980 961 3042 70
986 2981 1063 3043 haec
1088 2981 1248 3060 leguntur,

184 3085 264 3153 alteo
288 3083 318 3150 δ’
345 3088 459 3172 αἰζηῶν
482 3081 498 3150 ὅ
521 3111 548 3151 τι
572 3087 728 3174 φέρτατον,
754 3079 789 3148 οὐ
813 3077 848 3147 oo'
870 3107 905 3168 ηε
928 3087 1009 3168 νηῶν

184 3187 388 3278 ἐμπεράμοος,
413 3186 467 3255 οὐκ
490 3183 587 3277 ἄνδρα
609 3189 810 3265 σακέσπαλον,
836 3182 872 3251 od
894 3183 947 3270 μὲν
971 3180 1087 3261 ἀοιδόν,

186 3291 266 3360 ἀλλὰ
287 3290 324 3359 τὰ
348 3292 401 3378 μὲν
425 3289 607 3380 μακάρεσσιν
630 3289 761 3363 ὀλίζοσιν
785 3282 858 3355 αὖθι
879 3292 1030 3375 παρῆκας,

185 3389 265 3462 ἄλλα
288 3397 389 3482 μέλειν
412 3397 552 3484 ἑτέροισι,
577 3393 613 3462 σὺ
637 3392 663 3459 δ’
691 3395 790 3468 lilino
812 3387 1012 3480 πτολιάρχους

186 3495 307 3581 αὐτούς,
333 3494 374 3564 ὧν
399 3495 454 3567 ὑπὸ
477 3501 567 3588 χεῖρα
588 3495 753 3585 γειομόρος,
779 3491 821 3561 ὧν
843 3493 919 3582 ἴδρις
941 3495 1067 3583 αἰχμῆς,

186 3597 227 3667 ὧν
251 3605 368 3691 ἐρέτης,
393 3597 435 3668 ὧν
456 3605 572 3669 πάντα
595 3602 623 3668 τί
645 3599 674 3666 δ’
702 3598 737 3668 od
758 3601 934 3689 κρατέοντος
957 3593 1004 3664 ὑπ’
1033 3593 1133 3686 leptim

186 3703 293 3774 αὐτίκα
315 3711 455 3796 χαλκῆας
478 3706 531 3793 μὲν
554 3702 691 3792 ὖδεῑορεν
708 3701 900 3792 Ἡφαίστοιο,

186 3808 352 3898 ταοχηστᾶς
375 3807 404 3875 δ’
424 3803 543 3898 Ἄρηος,
568 3812 739 3896 ἑτακτῆρας
763 3807 796 3874 δὲ
817 3801 958 3893 Χιτῶνης

183 3911 364 4002 Ἀρτέμιδος,
391 3913 506 4002 Φοίβου
529 3913 562 3980 δὲ
584 3909 677 4001 λα’ρης
699 3903 733 3978 οὗ
756 3906 874 3985 εἰδότας
895 3907 1011 3996 οἴμους,

187 4017 221 4083 ἐκ
244 4017 277 4084 δὲ
300 4015 370 4092 Διὸς
392 4019 548 4106 βασιλῆες,
573 4015 638 4082 ἐπεὶ
660 4013 730 4090 Διὸς
753 4011 840 4081 οὐδὲν
863 4009 1000 4080 ἀνάκτων

188 4117 359 4211 θειότερον·
382 4127 425 4210 τῷ
446 4121 499 4186 καί
522 4145 579 4208 σφε
600 4117 670 4207 τεην
693 4119 814 4207 ἑκρίναο
837 4115 929 4190 λάξιν.

72 4219 100 4282 in
130 4221 174 4286 his
200 4245 281 4307 quae
303 4239 373 4309 post
396 4226 579 4290 Hesiodium
610 4225 691 4288 illud
718 4225 753 4288 ἐκ
783 4221 816 4286 δὲ
839 4216 908 4294 Διὸς
931 4221 1074 4307 βασιλῆες
1101 4231 1253 4284 secuntur

72 4325 210 4390 mendum
233 4333 395 4394 continere
412 4331 487 4393 satis
502 4331 720 4392 existimemus
743 4347 813 4390 esse
829 4323 1044 4388 manifestum.
1078 4343 1150 4386 uam
1167 4323 1251 4404 quod

73 4437 226 4500 Emestius
249 4449 414 4521 postquam
439 4430 508 4506 Διὸς
532 4427 665 4497 ἀνάκτων
690 4451 750 4493 non
777 4427 939 4492 commode
962 4427 1082 4489 dietum
1107 4447 1177 4489 esse
1202 4429 1253 4488 iu-
