3268 5108
314 338 362 408 48
608 353 698 415 laon
719 371 885 415 trorronvu
908 371 1088 416 ersrrvsnvn
1114 355 1207 416 test.

313 549 399 602 recte
421 539 596 622 adquievit.
643 559 716 606 nam
740 551 774 604 ut
796 542 969 622 largiamur
995 543 1086 622 ignes
1114 562 1154 604 ex
1176 541 1276 605 Aetna
1300 553 1505 626 erumpentes

312 652 344 706 et
366 661 458 724 agros
479 643 683 707 devastantes
711 655 835 727 pestem
858 645 919 707 dici
950 665 1060 726 posse,
1093 655 1199 708 tamen
1222 645 1263 709 ab
1286 647 1336 709 his
1358 647 1505 710 versibus

311 756 439 827 totaque
463 747 520 810 hac
542 749 773 812 sententiarum
798 751 883 812 serie
913 751 1099 811 calamitatis
1128 752 1381 812 commemoratio
1410 751 1504 833 plane

311 850 414 912 aliana
436 859 496 912 est.
536 851 614 931 quid
631 853 749 914 multat
786 853 914 934 scripsit
934 863 1028 935 poeta
1051 853 1112 915 Sed
1129 854 1237 915 meiius
1260 872 1310 916 res
1333 855 1403 935 ipso
1419 873 1503 916 uorrs

311 961 503 1036 spectataque
531 957 614 1018 veris
646 956 788 1018 Occurrit
815 959 911 1039 signis
938 975 993 1017 aec
1022 963 1145 1038 temptat
1168 955 1281 1038 follere
1308 977 1429 1019 rssrsn.
1476 968 1505 1019 et

311 1059 389 1120 uotis
405 1058 535 1139 quidem
553 1057 823 1138 Cantabrigiensis
846 1059 929 1121 liber
944 1058 1104 1142 praebuit,
1126 1067 1242 1142 pestem
1264 1061 1349 1122 illam
1373 1062 1504 1122 carmini

311 1162 521 1239 perniciosam
544 1163 782 1225 ratiocinatione
805 1173 837 1224 et
860 1165 1040 1225 coniectura
1063 1162 1256 1244 depulimus.

318 1324 321 1334 ,
398 1264 460 1326 Sed
485 1266 567 1328 ultra
591 1267 647 1328 hos
662 1285 774 1328 versus
797 1265 946 1348 progredi
971 1267 1191 1348 reliquamque
1215 1267 1366 1328 carminis
1381 1277 1503 1348 partem

312 1386 375 1429 non
398 1369 504 1430 minus
520 1368 725 1451 depravatam
749 1371 901 1450 persequi
924 1371 1082 1431 nolumus.
1122 1372 1198 1433 satis
1220 1371 1306 1432 enim
1329 1369 1503 1432 ostendisse

311 1468 404 1532 nobis
419 1469 568 1533 videmur
584 1472 698 1534 menda
713 1472 812 1535 multo
827 1491 922 1554 qnam
938 1473 1086 1554 plerique
1110 1474 1282 1553 opinantur
1295 1472 1389 1554 plura
1411 1483 1504 1553 atque

311 1576 455 1654 graviora
478 1574 519 1637 ab
541 1574 723 1638 hominibus
746 1574 845 1638 doctis
869 1576 901 1636 in
925 1576 984 1636 hoc
1012 1587 1156 1656 poemate
1186 1577 1295 1638 relicta
1320 1595 1407 1656 esse,
1440 1577 1504 1638 tolli
1574 1630 1577 1639 .

310 1687 417 1740 eutem
440 1696 477 1738 ea
492 1695 585 1757 posse
600 1679 715 1758 partim
739 1679 856 1742 codicis
871 1678 1143 1759 Cantabrigiensis
1166 1699 1236 1762 ope,
1262 1683 1390 1761 saepius
1409 1682 1504 1740 ratin-

311 1781 362 1842 nis
383 1798 443 1842 usu
473 1789 569 1860 atque
600 1792 747 1845 accurata
769 1784 967 1862 cogitatione.
1014 1801 1087 1844 nam
1117 1783 1195 1844 haec
1224 1786 1326 1865 prima
1356 1783 1505 1844 carminis

312 1882 545 1964 interpretandi
567 1893 665 1965 atque
689 1885 881 1948 emendandi
906 1887 958 1949 lex
981 1896 1046 1962 est,
1079 1905 1121 1948 ne
1144 1896 1319 1949 monstrosa
1342 1886 1504 1967 exempla-

312 1987 394 2048 rium
424 1985 651 2068 depravatione
680 1992 832 2052 oceaecati
864 1990 948 2052 hunc
976 1998 1101 2071 poetam
1130 1999 1185 2052 aut
1214 2009 1251 2052 ea
1274 1989 1393 2052 dixisse
1423 2009 1503 2070 quae

311 2091 381 2152 sine
403 2092 521 2152 mentis
543 2092 754 2172 perversitate
771 2091 880 2155 dicere
903 2112 966 2155 non
989 2094 1092 2174 potuit
1113 2104 1167 2157 aut
1189 2094 1250 2155 alia
1265 2112 1361 2174 quam
1384 2103 1505 2154 ceteros

311 2196 464 2256 llomanos
487 2193 595 2274 lingua
616 2214 710 2256 usum
734 2215 803 2258 esse
827 2197 1057 2259 existimemus.
1098 2197 1193 2258 immo
1208 2215 1271 2278 qno
1286 2197 1408 2259 diutius
1425 2197 1505 2257 hano

309 2293 444 2360 Aetnam
467 2298 689 2378 tractavimus,
720 2319 757 2361 eo
780 2300 896 2362 clarius
925 2299 1017 2362 nobis
1043 2298 1191 2381 adparuit
1214 2319 1313 2382 pauca
1337 2302 1370 2363 iu
1393 2319 1431 2362 aa
1454 2302 1503 2362 in-

310 2401 415 2464 veniri
446 2419 527 2482 quae
558 2421 755 2464 communem
785 2403 874 2466 illum
905 2413 936 2464 et
965 2405 1102 2464 maxime
1124 2422 1141 2464 a
1165 2404 1302 2484 Vergilio
1328 2403 1502 2466 stabilitum

311 2512 475 2585 poetarum
504 2506 685 2568 Latinorum
714 2525 892 2568 sermonem
924 2507 1123 2587 relinquant,
1155 2507 1216 2567 nisi
1246 2505 1331 2586 quod
1362 2507 1414 2568 hic
1441 2508 1503 2569 illio

312 2608 516 2670 Lucretianae
538 2609 688 2672 orationis
705 2610 910 2674 imitationem
926 2607 1159 2688 adgnoscimus.
1195 2627 1300 2691 neque
1323 2621 1411 2672 caret
1427 2613 1503 2672 haec

311 2711 449 2772 Lucretii
478 2712 610 2773 imitatio
639 2731 695 2773 sua
725 2711 862 2792 quadam
893 2714 925 2774 in
955 2712 1155 2775 emendando
1186 2715 1327 2775 carmine
1354 2713 1500 2792 utilitate,

312 2832 407 2894 qnam
431 2814 549 2894 aliquot
573 2816 727 2896 exemplis
749 2817 895 2878 volumus
918 2815 1149 2879 demonstrare.

397 2918 514 2981 Eorum
536 2919 674 2998 primum
699 2939 738 2980 ex
761 2939 798 2980 ea
821 2921 975 3000 poematis
996 2931 1087 3001 parte
1110 2920 1249 3000 petimus
1272 2921 1304 2983 in
1328 2940 1390 3002 qua
1414 2923 1501 3002 ignes

312 3023 343 3082 in
367 3020 468 3083 Aetna
491 3040 508 3083 a
532 3022 637 3084 ventis
659 3023 791 3084 excitari
814 3022 957 3085 docetur.
1005 3023 1156 3103 leguntur
1178 3022 1223 3084 ibi
1247 3025 1324 3086 haec
1352 3023 1393 3106 (v.
1412 3025 1498 3108 359],

439 3126 503 3187 sive
522 3126 696 3208 peregrinis
718 3126 813 3209 igitur
831 3127 1007 3208 propriaeve
1026 3133 1160 3207 potentes

440 3229 602 3291 conmrurtt
624 3229 744 3290 atrimae
766 3231 880 3308 causis,
907 3230 956 3292 ille
978 3231 1107 3311 impetus
1129 3231 1208 3314 ipris

440 3338 468 3394 ct
489 3333 598 3394 mortis
617 3339 724 3412 partes
747 3339 820 3395 otro
841 3331 996 3396 subvectat
1017 3351 1116 3394 orerro

440 3441 585 3516 uastoque
607 3453 758 3498 concursu
779 3437 962 3517 crepitantia
983 3456 1068 3500 samo
1086 3436 1225 3519 [ruperis

439 3538 637 3620 ardentesque
659 3539 751 3601 simul
769 3538 912 3619 {tammus
934 3559 971 3602 oc
989 3539 1124 3621 fulmina
1145 3547 1302 3622 rumpunt.

311 3644 342 3704 in
366 3642 470 3708 ,altero
500 3660 597 3703 versu
625 3643 705 3725 ignis
733 3644 947 3705 accusativum
978 3662 1084 3705 casnm
1115 3661 1185 3706 esse
1216 3663 1278 3706 non
1305 3644 1499 3726 dubitamus,

310 3765 503 3826 quamquam
525 3746 604 3806 viris
627 3745 817 3810 doctissimis
839 3746 1007 3827 genetivus
1029 3766 1099 3810 esse
1120 3750 1209 3810 visus
1231 3757 1296 3809 est:
1326 3749 1425 3813 habet
1446 3771 1503 3813 au-

268 3860 374 3913 tetem
397 3850 480 3930 ignea
508 3848 592 3911 liber
614 3848 896 3931 Cantabrigiensis.
943 3869 1015 3913 mox
1037 3839 1254 3914 suh¹vectandi
1277 3851 1413 3916 verbum
1441 3874 1501 3917 non

308 3963 416 4033 aptum
433 3951 572 4032 videtur,
590 3963 676 4014 certe
692 3973 850 4034 nusquam
866 3956 908 4016 ita
923 3953 1044 4017 dietum
1061 3973 1131 4018 esse
1149 3954 1361 4018 meminimus.
1387 3957 1503 4020 viden-

308 4065 361 4118 tur
384 4055 416 4118 id
439 4057 578 4120 sensisse
602 4057 688 4119 ltali:
722 4076 793 4119 nam
824 4059 960 4140 inpressi
989 4058 1063 4120 libri
1092 4057 1241 4121 subvertit
1269 4057 1399 4122 habent.
1447 4081 1503 4124 nos

307 4169 415 4222 autem
438 4169 473 4221 ut
495 4180 650 4223 svorecrsr
680 4160 886 4223 scribendum
909 4181 1095 4225 censeamus
1117 4163 1296 4224 Lucretiani
1319 4182 1433 4226 versus
1455 4165 1502 4226 ia-

309 4264 397 4324 ciunt
420 4264 452 4325 in
481 4263 563 4325 libro
586 4282 615 4326 rr
643 4261 748 4346 (oet),
780 4263 837 4325 leuc
866 4265 912 4325 ire
936 4264 1125 4346 sooendumst
1157 4267 1195 4327 nt
1219 4273 1384 4348 penetrare
1405 4271 1502 4331 marie

305 4368 428 4448 pertitus
446 4375 588 4448 percocto
610 4369 642 4428 in
665 4375 805 4449 apertum
833 4363 927 4448 Atque
949 4367 1055 4451 efflare
1073 4368 1178 4450 soros,
1211 4369 1334 4452 ideoque
1355 4373 1502 4435 eoetollerc

305 4470 462 4552 flammam
486 4473 633 4552 Sameque
647 4471 816 4532 subiectare
838 4478 866 4532 et
887 4489 1001 4533 urenae
1016 4472 1120 4535 tollere
1141 4473 1268 4537 nimbos.
1309 4493 1500 4540 cmrrrlmn
