3268 5108
258 321 307 392 24
377 337 473 396 Suom
498 351 714 396 vurvnnsrrarts
736 350 925 396 morantium
947 333 1123 395 Furnnrucra
1146 333 1325 396 Grumum.

258 525 357 588 luisse
389 525 590 602 felicitatem,
622 541 690 584 eam
721 521 858 586 dicimus
885 541 979 603 quam
1009 521 1127 585 babent
1157 524 1352 586 rectissimae
1381 533 1414 586 et
1436 543 1458 585 a

259 628 351 690 bonis
384 626 532 689 omnibus
562 627 771 689 communiter
804 636 969 708 susceptae
997 627 1168 690 voluntatis
1195 627 1386 689 conscientia
1423 637 1460 689 et

259 733 348 794 firma
383 731 543 811 nullisque
578 749 683 810 neque
712 731 875 792 aerumnis
908 748 1013 810 neque
1042 729 1248 792 dilationibus
1282 739 1457 793 extenuata

259 833 399 898 melioris
423 832 567 897 fortunae
590 853 664 914 spes
679 843 775 914 atque
794 833 998 913 exspectatio.
1047 835 1080 894 in
1102 832 1323 914 praeparanda
1346 842 1457 897 autern

260 948 292 1000 et
320 935 574 1019 praemunienda
604 939 726 1017 patriae
755 936 855 998 salute
884 946 1001 1016 quanta
1032 934 1129 999 luerit
1153 934 1307 998 Friderici
1332 937 1459 999 Guilel-

260 1042 302 1102 mi
326 1041 366 1101 lll
389 1042 643 1122 optimorumque
668 1058 802 1120 quorum
826 1039 965 1101 consiliis
988 1037 1138 1102 utebatur
1159 1039 1301 1103 virorum
1324 1041 1459 1122 sapien-

259 1145 319 1222 tia,
352 1161 446 1223 quam
475 1143 620 1204 excelsus
650 1152 682 1205 et
711 1161 844 1222 magnus
873 1142 1021 1221 animae,
1041 1143 1127 1206 nullo
1156 1144 1290 1206 clariore
1320 1153 1351 1206 et
1380 1145 1460 1207 illu-

260 1249 374 1310 striore
409 1246 553 1326 exemplo
587 1255 689 1326 potest
723 1245 932 1308 demonstrari
968 1265 1063 1327 quam
1097 1245 1221 1310 condita
1255 1248 1314 1310 hac
1348 1258 1459 1310 nostra

261 1352 439 1412 litterarum
463 1350 684 1411 universitate.
731 1367 804 1410 nam
828 1349 854 1410 si
879 1349 911 1410 in
935 1349 1057 1430 vulgari
1088 1350 1224 1412 utilitate
1246 1352 1460 1431 acquiescen-

262 1454 338 1516 dum
362 1472 433 1515 esse
457 1462 633 1533 putassent,
666 1462 789 1534 poterat
814 1449 916 1514 videri
940 1451 1090 1515 civilibus
1113 1453 1359 1518 necessitatibus
1380 1456 1461 1518 satis

262 1557 439 1619 consultum
464 1574 544 1618 esse·
565 1556 610 1618 eis
633 1556 748 1617 sobolis
771 1573 852 1636 quae
881 1554 1019 1616 abscissa
1044 1559 1133 1636 regni
1159 1567 1248 1638 parte
1272 1557 1454 1634 restabant;

263 1659 391 1739 deinde,
418 1679 489 1722 cum
513 1659 737 1738 intellegerent
766 1667 820 1721 ant
849 1678 980 1740 prorsus
1004 1660 1204 1722 interituram
1235 1681 1304 1723 esse
1334 1664 1459 1744 patriae

263 1762 443 1826 libertatem
473 1772 528 1824 aut
550 1781 636 1824 arma
663 1761 803 1843 paranda
827 1781 896 1824 esse
926 1759 965 1824 ad
996 1761 1221 1826 debellandum
1246 1764 1460 1828 vincendum-

263 1886 326 1949 quc
350 1866 528 1928 Germanici
558 1866 696 1928 nominis
719 1865 858 1946 hostem,
890 1865 1045 1928 siminus
1072 1866 1137 1928 acri
1159 1867 1335 1930 valuissent
1365 1871 1460 1948 inge-

263 1973 317 2034 nio
340 1972 485 2033 minusve
509 1988 631 2032 summa
655 1988 801 2050 quaeque
824 1971 928 2031 animo
951 1969 1280 2051 comprehendissent,
1310 1981 1460 2054 sumptus

264 2093 374 2136 omnes
397 2073 437 2135 ad
460 2072 535 2135 belli
552 2083 737 2154 apparatum
762 2072 970 2151 rettulissent,
995 2075 1184 2153 praesertim
1202 2093 1273 2136 cum
1292 2085 1459 2157 tantopere

264 2179 390 2241 attritae
414 2186 522 2240 essent
545 2177 592 2238 rei
616 2174 762 2257 publicae
786 2174 960 2237 facultates.
1008 2175 1066 2236 sed
1093 2195 1280 2257 persuasum
1304 2179 1461 2241 illiserat

223 2299 328 2350 ranon
351 2268 450 2362 posse¹
473 2280 615 2360 separari
639 2280 759 2359 patriae
782 2279 916 2341 salutem
939 2278 979 2340 ab
999 2279 1188 2360 optimarum
1205 2283 1320 2343 artium
1344 2281 1462 2345 studiis

265 2401 406 2464 veraque
430 2382 621 2446 eruditione.
654 2392 703 2444 est
726 2382 810 2444 enim
835 2380 911 2444 falsa
934 2381 1092 2463 quaedam
1112 2401 1233 2464 suoque
1255 2386 1384 2447 nomine
1407 2385 1460 2448 in·

266 2487 361 2568 digna
391 2486 539 2566 eruditio,
572 2504 634 2567 qua
663 2504 726 2547 non
750 2485 995 2548 corroborantur
1024 2487 1120 2547 animi
1147 2503 1253 2567 neque
1283 2486 1323 2549 ad
1346 2508 1459 2571 perse-

148 2603 153 2608 ’
266 2590 394 2672 quenda
418 2590 581 2671 praeclara
603 2589 708 2652 omnia
731 2590 952 2668 instituuntur,
977 2588 1035 2651 sed
1057 2589 1165 2670 pusilli
1189 2589 1269 2652 liunt
1294 2601 1326 2652 et
1348 2591 1460 2674 depri-

265 2701 407 2774 muntur,
433 2693 556 2756 inutilis
579 2693 631 2756 illa
656 2695 701 2754 rei
727 2692 873 2775 publicae
897 2703 993 2774 atque
1021 2692 1100 2755 adeo
1129 2693 1325 2773 perniciosa:
1359 2696 1458 2759 veluti

266 2797 412 2860 Graeculi
434 2797 587 2879 Byzantii,
622 2795 698 2858 dum
726 2813 785 2876 per
807 2795 926 2876 aliquot
948 2797 1073 2859 saecula
1103 2797 1226 2858 litteras
1254 2797 1403 2860 illiberali
1428 2811 1460 2863 et

266 2902 373 2964 ieiuna
404 2899 561 2963 industria
592 2909 727 2962 tractant
755 2898 1002 2980 theologicisque
1033 2899 1285 2980 quaestiunculis
1319 2912 1352 2962 et
1380 2891 1471 2966 rixis

266 3002 367 3066 dediti
392 3002 463 3065 odia
486 3012 648 3082 exercent,
674 3001 842 3083 nequead
867 3020 987 3064 morum
1013 3001 1266 3066 emendationem
1289 3007 1459 3087 quicquam

266 3107 469 3170 contulerunt
497 3125 604 3187 neque
636 3115 819 3187 torpescens
849 3107 936 3166 senio
966 3116 998 3168 et
1028 3125 1181 3170 corruens
1207 3108 1377 3190 imperium
1407 3129 1462 3172 re·

267 3219 427 3272 crearunt.
475 3210 531 3274 sed
547 3229 623 3272 vera
647 3207 827 3272 eruditione
850 3208 1028 3272 liberantur
1050 3211 1147 3271 animi
1170 3209 1211 3272 ab
1233 3213 1377 3294 angustis
1399 3213 1461 3275 bu-

267 3312 462 3395 milibusque
485 3316 570 3377 curis
592 3325 688 3396 atque
707 3308 959 3394 cogitationibus,
986 3313 1159 3376 incitantur
1180 3312 1221 3376 ad
1244 3316 1462 3397 cognoscenda

267 3429 298 3481 et
321 3417 500 3500 appetenda
528 3437 651 3481 summa
680 3417 809 3480 humani
833 3416 962 3496 generis
984 3415 1077 3496 bona,
1110 3415 1300 3482 imbuuntur
1327 3421 1458 3502 pietate,

268 3541 349 3603 quae
372 3540 391 3583 a
416 3523 642 3603 superstitione
673 3531 759 3584 tanto
788 3519 973 3582 discrimine
1002 3519 1099 3582 distat
1127 3531 1244 3601 quanto
1274 3541 1291 3586 a
1315 3524 1378 3586 levi
1407 3534 1463 3587 aut

267 3623 407 3707 superbo
430 3625 593 3706 religionis
616 3634 810 3706 contemptu,
836 3623 976 3705 denique
1000 3624 1244 3687 corroborantur
1269 3625 1310 3688 ad
1333 3637 1462 3690 susten-

268 3728 396 3792 tandam
412 3738 507 3810 atque
524 3727 702 3810 aagendam
726 3728 847 3810 patriae
870 3727 997 3791 laudem
1020 3748 1057 3790 ae
1079 3729 1224 3792 salutem.
1265 3731 1373 3812 itaque
1390 3751 1463 3794 oum

268 3851 456 3916 persuasum
487 3841 572 3894 esset
594 3834 669 3912 Regi
700 3833 817 3913 optimo
845 3833 1078 3914 immortalique
1102 3833 1253 3896 momoria
1276 3833 1463 3916 dignissimo

268 3935 452 4000 labefactari
477 3955 545 3999 rem
569 3934 729 4018 publicam
752 3936 778 3997 si
802 3934 1028 4016 neglegeretur
1057 3945 1112 3998 aut
1134 3936 1175 3999 ad
1196 3937 1361 4018 vulgarem
1384 3941 1464 4000 coti-

269 4040 462 4119 dianamque
484 4041 654 4103 utilitatem
677 4037 858 4101 abiceretur
881 4038 1029 4120 eruditio,
1061 4057 1167 4122 neque
1198 4039 1379 4105 libertatem
1406 4062 1465 4124 pa·

270 4144 349 4206 triae
379 4142 510 4205 delendi
544 4162 637 4225 posse
671 4143 732 4204 nisi
766 4141 860 4204 liberi
891 4152 999 4204 essent
1026 4144 1135 4222 animi,
1173 4153 1204 4206 et
1232 4144 1306 4206 olim
1337 4144 1465 4210 condita

269 4246 433 4309 doetrinae
462 4247 633 4308 seminaria
663 4246 862 4308 conservavit
890 4254 1110 4327 quantumque
1138 4247 1192 4309 illo
1221 4257 1364 4328 tempore
1395 4241 1466 4312 lieri

269 4359 393 4432 poterat
416 4350 567 4422 sustinuit
596 4358 628 4412 et
652 4350 683 4410 iu
707 4350 765 4411 hac
787 4347 868 4412 urbe
898 4350 984 4428 regia
1007 4369 1119 4411 novam
1143 4359 1183 4412 et
1204 4350 1358 4432 singulari
1388 4371 1465 4416 cura

269 4475 306 4516 ac
329 4453 546 4516 munificentia
570 4453 793 4515 cournmnitam
817 4462 1023 4534 ornatamque
1047 4453 1224 4518 litterarum
1255 4453 1364 4518 sedem
1389 4475 1468 4520 con-
