3268 5108
351 383 399 458 68
644 399 732 461 innox
756 416 920 462 annnorum
944 416 1122 498 xmrtrxnrn
1149 397 1241 458 ⁴855.

350 599 408 668 est,
436 591 468 650 in
491 589 618 652 nominc
641 597 747 651 autem
767 587 903 668 Laberii,
928 607 985 669 pro
1008 607 1070 668 quo
1093 587 1213 650 Pierius
1236 589 1372 668 spatium
1397 587 1530 666 reliquit,

349 692 407 754 hae
431 703 551 754 tantum
568 693 710 773 quinque
733 692 856 754 litterae
880 690 966 754 luber
988 701 1231 772 cognoscuntur,
1258 692 1398 771 reliquae
1423 691 1453 751 iu
1474 690 1530 751 linc

347 815 462 859 versus
484 804 696 874 evanuerunt,
722 813 827 876 neque
842 813 920 856 vero
941 795 1013 876 plus
1036 796 1187 876 scriptum
1206 794 1264 857 luit
1279 814 1374 875 quam
1391 794 1530 857 taba-ius.

347 909 550 961 mutaverunt
585 899 661 961 haec
695 897 856 960 Fabricius
887 907 918 960 et
948 899 1114 961 Putschius
1148 899 1189 960 ita
1223 909 1257 960 ut
1294 908 1428 978 uterque
1460 897 1532 960 duos

347 1002 460 1065 Catulli
483 1002 656 1064 versiculos
677 999 835 1080 adiceret,
870 1000 1036 1064 Putschius
1058 1011 1162 1064 autem
1194 1011 1359 1084 practerea
1382 1000 1532 1063 scriberet

346 1107 416 1168 item
443 1104 592 1167 Laberius
622 1106 653 1167 ia
685 1106 846 1166 Piscatore.
893 1104 1015 1166 scilieet
1043 1105 1135 1166 lanus
1162 1105 1282 1184 Dousa,
1315 1105 1371 1186 qui
1401 1123 1482 1186 quae
1505 1105 1532 1163 in

346 1209 520 1290 exemplari
543 1227 600 1270 suo
623 1207 757 1270 Charisii
780 1206 985 1270 adnotaverat
1008 1227 1024 1268 a
1048 1207 1193 1268 Putscbic
1223 1207 1322 1275 codex
1344 1208 1466 1271 Dousae
1488 1206 1533 1268 di-

347 1323 480 1392 cuntur,
514 1311 650 1393 sumpsit
681 1311 738 1372 hoc
769 1329 808 1372 ex
839 1310 950 1371 incerti
981 1312 1147 1391 scriptoris
1170 1312 1424 1373 retrimentariolo
1455 1309 1533 1392 quod

346 1413 463 1478 dicitur
486 1413 527 1477 de
549 1413 788 1495 orthographia,
816 1415 848 1475 in
872 1433 934 1493 quo
957 1413 1034 1476 baec
1056 1414 1207 1494 leguntur
1229 1435 1261 1496 p.
1280 1415 1363 1478 9796
1380 1416 1413 1476 P.
1436 1415 1533 1496 pupil-

345 1519 428 1581 lares
451 1527 479 1582 et
501 1519 668 1581 masculino
685 1535 794 1600 praere
816 1524 844 1577 et
865 1535 983 1598 semper
1002 1517 1169 1598 pluraliter
1191 1517 1286 1595 dicas,
1312 1520 1385 1600 quia
1405 1518 1534 1600 pupillus

345 1624 464 1704 estqui
481 1623 588 1704 plures
611 1617 731 1683 tabulas
754 1621 892 1682 continet.
940 1622 1007 1681 item
1030 1619 1179 1683 Laberius
1202 1623 1234 1683 ia
1259 1624 1410 1684 Piscotarc
1433 1624 1533 1704 sinpo-

319 1725 454 1793 tlariter
476 1724 530 1787 hoc
556 1724 695 1808 pugillar
718 1723 809 1785 drmit.
856 1722 1060 1804 pugillarium
1083 1723 1233 1787 vocabulo
1258 1711 1405 1787 Catullus*
1438 1726 1468 1786 in
1491 1725 1533 1785 eis

297 1883 303 1897 ,
345 1847 428 1908 quae
451 1828 605 1891 habemus
627 1826 823 1889 carminibus
845 1826 946 1888 semel
969 1845 1045 1889 usus
1070 1835 1135 1908 est,
1169 1847 1239 1890 cum
1263 1827 1344 1890 dixit
1372 1830 1468 1889 iocum
1490 1845 1533 1888 rue

342 1939 431 2013 putat
453 1949 517 1994 esse
539 1931 659 1995 moecho
682 1931 782 2012 turpis
810 1933 848 1991 Et
868 1937 959 2013 nepot
985 1929 1059 1992 mihi
1084 1937 1191 1993 nostra
1219 1930 1411 1994 reddituram
1438 1931 1534 2013 Papil-

345 2035 437 2114 lario,
464 2037 493 2097 si
512 2037 579 2116 pati
596 2037 730 2116 potestis.
772 2035 879 2114 itaque
898 2032 983 2115 quod
1000 2034 1162 2096 Charisius
1185 2045 1294 2096 narrat
1315 2038 1442 2116 saepius
1465 2054 1532 2095 eum

346 2139 378 2200 in
403 2137 677 2219 hendecasyllabis
703 2137 875 2219 pugillaria
898 2137 1035 2216 dixisse,
1068 2137 1185 2200 autad
1212 2139 1271 2200 alia
1295 2140 1434 2200 earmina
1457 2157 1533 2218 quae

344 2243 512 2324 perierunt
536 2241 675 2322 pertinet
697 2250 761 2319 aut,
789 2239 874 2322 quod
897 2241 965 2303 veri
981 2241 1080 2304 multo
1103 2251 1152 2304 est
1167 2241 1313 2322 similiuS,
1339 2241 1532 2322 neglegentia

345 2357 378 2406 et
400 2364 491 2407 error
519 2346 712 2424 grammatici
743 2342 871 2405 subest:
905 2363 978 2406 nam
1005 2346 1176 2428 pugillaria
1204 2364 1281 2407 sane
1308 2346 1407 2407 semel
1432 2347 1463 2406 in
1487 2345 1533 2404 illo

345 2449 484 2508 carmine
513 2444 573 2528 (lb)
594 2448 735 2510 Catullus
758 2446 849 2527 dixit,
876 2447 933 2510 sed
957 2450 1153 2529 quinquiens
1176 2448 1337 2510 codicillos.
1378 2448 1419 2509 de
1439 2447 1533 2510 Asinii

345 2559 451 2612 autem
475 2551 507 2612 in
530 2551 691 2613 Valerium
715 2549 796 2612 libro
817 2571 899 2632 quae
924 2552 1068 2613 homines
1089 2551 1172 2614 docti
1195 2553 1396 2632 protulerunt
1419 2571 1534 2633 expon-

346 2653 424 2716 dere
446 2655 526 2716 nihil
550 2657 681 2735 attinet,
712 2674 783 2717 cum
807 2673 916 2717 omnes
940 2652 972 2716 id
1000 2655 1202 2735 neglexerint
1225 2655 1311 2736 qnod
1333 2655 1426 2718 nobis
1449 2655 1534 2718 vide-

345 2767 400 2820 tur
421 2769 494 2821 ante
517 2759 623 2822 oculos
651 2758 788 2840 positum
812 2777 895 2820 csse.
943 2777 1015 2819 nam
1040 2759 1094 2838 qui
1118 2757 1187 2820 lieri
1212 2759 1314 2840 potuit
1336 2769 1370 2821 ut
1392 2779 1410 2821 a
1435 2779 1533 2840 gram-

346 2864 458 2925 matico
480 2862 559 2924 idem
577 2862 715 2925 Catullus
735 2861 908 2940 diceretur,
934 2863 995 2923 nisi
1018 2861 1124 2942 aliqua
1148 2863 1217 2924 eins
1238 2863 1426 2943 significatio
1448 2873 1532 2925 antea

347 2965 427 3028 lacta
451 2969 541 3028 erati
585 2985 684 3047 quare
714 2964 799 3047 quod
829 2976 921 3027 antea
950 2965 1067 3045 legitur
1088 2961 1215 3028 Asinius
1245 2967 1277 3026 io
1305 2966 1474 3048 Valeriam,
1504 2963 1532 3026 id

346 3071 389 3131 ita
413 3070 662 3150 interpretamur
679 3077 714 3132 ut
729 3068 874 3131 Asinium
897 3067 1020 3149 aliquid
1034 3067 1075 3129 de
1091 3069 1214 3130 Valerio
1231 3068 1351 3132 Catullo
1373 3071 1532 3151 scripsisse

346 3171 499 3236 dicamus.
538 3191 610 3234 nam
635 3174 806 3236 Henricum
822 3175 994 3254 Meyerum,
1020 3173 1075 3253 qui
1099 3173 1130 3233 in
1154 3181 1313 3234 oratorum
1330 3173 1530 3236 homanorum

347 3275 532 3358 fragmentis
554 3297 586 3358 p.
607 3279 667 3338 499
698 3297 761 3339 non
791 3278 908 3338 monito
932 3278 1048 3339 lectore
1071 3277 1114 3340 ita
1137 3276 1280 3356 scripsit,
1313 3283 1445 3339 attamen
1467 3277 1533 3338 haec

344 3380 515 3464 pirpillaria
536 3382 659 3462 saepias
681 3381 863 3443 neutraliter
885 3379 974 3456 dicit,
1004 3381 1073 3442 item
1097 3379 1235 3442 Catullus
1258 3381 1289 3441 iu
1311 3379 1532 3462 hendecasylla-

346 3484 403 3562 bis,
429 3485 577 3565 quoniam
594 3484 702 3565 inepte
718 3484 803 3564 lecit,
829 3503 891 3545 non
914 3481 1120 3545 morabimur.
1160 3481 1305 3545 Asinium
1328 3494 1434 3547 autem
1451 3485 1530 3545 illurn

348 3587 566 3650 existimamus
587 3606 651 3649 non
675 3606 744 3650 esse
774 3588 870 3649 alium
894 3605 988 3668 quam
1013 3587 1046 3647 C.
1071 3584 1215 3649 Asinium
1239 3587 1296 3650 Cn.
1322 3587 1343 3648 l.
1367 3587 1528 3662 Polionem,

347 3691 535 3772 primarium
557 3691 675 3753 saeculi
704 3692 753 3753 sui
776 3691 900 3768 virum,
933 3709 1029 3771 quem
1058 3709 1076 3751 a
1100 3690 1312 3770 grammaticis
1340 3689 1454 3754 studiis
1475 3707 1529 3750 nan

349 3796 448 3876 magis
464 3813 558 3876 quam
573 3795 613 3856 hl.
631 3795 791 3857 Valerium
807 3793 981 3856 Messallam
997 3793 1167 3856 Corvinum
1186 3793 1390 3856 abhorruisse
1407 3801 1529 3856 constat.

349 3917 421 3962 nam
451 3898 492 3960 ab
513 3897 618 3960 Atteio
646 3898 803 3979 philologo
831 3917 904 3961 eum
935 3897 1133 3960 familiariter
1156 3897 1273 3960 cultum
1298 3899 1531 3979 praeceptisque

350 4001 390 4066 de
414 4004 534 4065 ratione
557 4000 719 4064 scribendi
743 4003 934 4065 instructum
957 4021 1027 4064 esse
1052 4002 1222 4064 Suetonius
1245 4000 1357 4064 scribit
1379 4004 1411 4064 in
1434 4017 1531 4082 gram-

350 4105 487 4182 maticis;
514 4103 666 4168 Aristium
690 4107 840 4186 Fuscum,
866 4106 983 4167 Horatii
1006 4106 1158 4185 amicum,
1184 4123 1279 4186 quem
1303 4105 1530 4184 grammaticum

350 4208 567 4286 doctissimum
591 4208 687 4271 luisse
718 4210 750 4271 in
780 4209 907 4272 scholiis
935 4209 1126 4289 Cruquianis
1151 4206 1191 4269 ad
1218 4225 1399 4271 sermonum
1422 4228 1431 4270 r
1455 4209 1471 4267 9
1494 4205 1525 4263 ot

350 4313 533 4376 adnotatum
556 4323 622 4392 est,
655 4311 696 4374 de
719 4313 919 4392 grammatica
943 4315 1128 4394 quaestione
1150 4311 1191 4373 ad
1215 4331 1286 4374 eum
1310 4313 1473 4393 scripsisse
1494 4325 1529 4368 ex
1614 4311 1615 4342 l

351 4418 506 4500 particula
528 4417 745 4478 commentarii
768 4416 901 4478 alicuius
923 4415 964 4478 ab
979 4413 1197 4478 Eichenfeldio
1213 4415 1245 4476 in
1268 4416 1420 4478 analectis
1434 4431 1529 4494 gram·
1614 4441 1615 4502 p

352 4522 475 4584 maticis
498 4542 529 4602 p.
550 4520 610 4580 lb?
641 4519 726 4582 edita
755 4518 903 4600 adparet,
936 4539 1030 4600 quam
1062 4519 1102 4580 ita
1132 4517 1334 4580 scribendam
1365 4539 1433 4582 esse
1461 4516 1529 4578 alias
