3268 5108
325 367 372 441 78
617 345 706 448 laem
729 401 893 447 crurium
916 399 1095 446 arsuram
1121 382 1214 444 1855.

321 582 524 655 aeceperunt.
572 574 726 637 consimili
755 575 849 656 plane
878 573 1018 636 dictione
1046 572 1231 635 Theocritus
1259 589 1336 635 usus
1366 579 1415 633 est
1444 589 1512 634 enm

320 675 403 738 dixit
439 679 579 740 carmine
607 697 648 740 rur
678 680 747 742 8s.
772 670 878 742 τόσσον
906 673 952 760 ἔμ’
988 665 1139 763 shepeia<
1173 670 1209 739 οὐ
1238 671 1360 761 φανείς,
1395 667 1513 759 excepit

321 774 344 842 δ’
363 773 420 844 hot
435 775 533 867 φτηὸν
551 775 673 846 Ἠελίου
689 774 854 869 φρόγοντος
876 773 1033 865 ὃδοιπόρος
1055 775 1186 865 ἔδραμον
1210 769 1251 851 ὥς
1265 800 1322 856 τις,
1346 796 1429 860 qtree
1446 777 1515 840 iue—
1622 796 1623 852 t

321 894 397 946 runt
419 885 474 966 qui
504 903 566 947 non
598 894 683 948 recte
708 886 942 972 intellegerent.
991 882 1075 946 idem
1099 881 1227 946 dicendi
1257 899 1359 962 genus
1381 883 1515 962 Proper·
1622 951 1623 976 ,

311 975 383 1052 ‘tim
397 989 540 1052 imitatus
555 999 614 1069 est,
639 998 828 1072 conparatus
845 988 897 1050 illo
912 1007 931 1050 e
946 986 1145 1049 Lachmanno
1160 1005 1232 1049 eum
1248 983 1381 1063 Getullo,
1408 1004 1455 1048 un
1477 985 1513 1046 li
1615 979 1623 1066 -ξ

322 1092 355 1151 ll
377 1111 435 1171 ss.,
458 1111 568 1176 pyrum
586 1094 694 1176 pulset
715 1093 809 1176 emis,
833 1093 956 1155 niueum
970 1091 1052 1154 totas
1070 1108 1141 1154 erese
1155 1091 1295 1166 remur,
1326 1089 1516 1172 tepescun-
1622 1077 1624 1158 l

319 1213 375 1276 pue
396 1213 471 1258 cavo
497 1198 628 1280 protepit
648 1215 722 1262 cere
743 1203 850 1279 ceput,
883 1194 991 1272 Qualis
1014 1189 1238 1257 Amazonidum
1260 1192 1385 1255 nndceh
1406 1191 1516 1255 heilica

318 1301 459 1362 memmio
484 1298 759 1364 lhmorodontiacis
789 1297 898 1375 torto,
931 1298 1075 1375 lovohm,
1107 1297 1207 1379 omis.
1257 1297 1393 1360 similius
1421 1297 1516 1358 etiam

319 1401 460 1482 loquitur
489 1403 635 1466 Horatius
663 1421 759 1466 cerm.
784 1405 872 1466 rurl
904 1403 943 1465 lh
967 1419 1024 1481 ss.,
1055 1399 1145 1463 diram
1170 1419 1230 1483 per
1257 1399 1351 1464 urbes
1378 1396 1457 1482 Aser
1484 1406 1517 1461 ut

319 1505 417 1568 [tolus
439 1523 493 1568 cen
506 1505 632 1588 flemma
650 1525 708 1588 por
724 1505 829 1570 medos
845 1506 893 1570 vel
914 1523 1009 1569 cumn
1021 1523 1081 1588 per
1096 1503 1218 1568 stertas
1241 1505 1387 1586 equitavit
1400 1503 1515 1566 eodm.
1623 1571 1624 1574 ,

319 1607 405 1688 quod
427 1606 467 1670 ad
491 1627 643 1672 versuum
665 1626 815 1673 numeros
836 1611 968 1690 attinet,
993 1607 1211 1672 Alexandrina
1233 1608 1328 1689 plene
1350 1605 1517 1688 diligentia

318 1712 352 1772 in
376 1711 434 1773 hoo
456 1730 584 1794 quoque
611 1713 751 1776 carmine
775 1713 916 1780 esculus
945 1715 1030 1775 cavit
1057 1712 1173 1794 nequis
1194 1729 1309 1776 versus
1331 1711 1518 1774 hexameter

319 1823 389 1896 post
411 1825 561 1896 quartum
584 1816 766 1880 trochaeum
790 1816 909 1879 incisus
930 1827 1034 1882 esset:
1060 1817 1094 1879 in
1117 1833 1180 1897 que
1202 1813 1386 1896 diligentie,
1412 1832 1518 1895 quan·

319 1927 386 1980 tum
409 1919 622 2000 meminimus,
648 1920 734 1983 solus
749 1921 930 1983 Latinorum
945 1930 1108 2002 poetarum
1132 1937 1206 1982 eum
1228 1917 1418 1998 adsequitur
1434 1920 1518 1999 Lyg-

317 2019 442 2084 damus.
482 2023 603 2104 pariter
617 2019 854 2086 Alexandrinae
876 2025 954 2086 ortis
977 2023 1184 2086 imitationem
1207 2019 1346 2084 ostendit
1362 2039 1516 2083 versuum

317 2125 373 2206 qui
398 2125 557 2206 inquirito
573 2125 657 2208 pede
679 2125 857 2209 spondeum
873 2125 992 2190 habeut
1015 2136 1048 2189 et
1061 2123 1231 2190 multitudo
1253 2134 1285 2187 et
1300 2125 1402 2206 magis
1420 2125 1518 2186 etiam

187 2287 193 2299 ,
317 2226 544 2292 vocabulorum
560 2230 592 2292 iu
609 2248 690 2310 quae
706 2249 877 2295 numerose
892 2229 1011 2294 cedunt
1025 2230 1214 2292 artificiosus
1229 2227 1384 2292 delectus.
1417 2246 1517 2308 quam
1628 2311 1629 2320 ἵ

317 2342 418 2394 artem
441 2331 495 2394 illa
517 2343 619 2396 estete
647 2342 755 2415 poetas
776 2332 952 2398 adlectesse
975 2351 1012 2396 ea
1035 2331 1150 2396 docent
1172 2351 1254 2414 quae
1278 2331 1388 2394 Cicero
1412 2332 1518 2394 iocose
1628 2327 1629 2362 ³

316 2435 445 2519 scripsit
467 2435 508 2500 ad
529 2433 669 2500 Atticum
692 2457 733 2499 ru
754 2439 776 2500 2
800 2438 830 2518 l,
863 2439 906 2500 ito
927 2436 1002 2500 helle
1022 2435 1109 2500 nohis
1129 2437 1219 2518 flovit
1244 2435 1282 2498 uh
1305 2437 1399 2518 Epiro
1422 2433 1519 2497 koh-

317 2541 413 2602 rimns
433 2539 649 2604 Oncitcomites.
695 2539 776 2604 hunc
797 2535 1031 2612 eomheioiiorm
1053 2543 1083 2604 ri
1101 2541 1153 2604 cui
1173 2541 1257 2603 noles
1277 2541 1338 2602 ees
1360 2536 1519 2623 νεωτέρων

314 2661 373 2725 pro
396 2651 445 2706 tuo
466 2643 601 2707 vendito.
641 2644 830 2726 placuerunt
844 2656 951 2712 autem
968 2645 1089 2708 Catullo
1111 2641 1265 2708 eiusmodi
1281 2661 1395 2704 vorsus
1409 2651 1521 2704 muto-

316 2764 394 2828 pere
416 2755 452 2809 ut
479 2747 578 2814 semel
605 2746 647 2830 (v.
664 2747 707 2810 78
730 2749 785 2832 ss.)
813 2759 879 2812 tres
909 2750 1075 2813 continuos
1104 2747 1223 2812 iaceret
1250 2738 1516 2817 οπονῦειάζοντας.

318 2850 526 2931 praeiverunt
549 2851 581 2913 in
606 2850 664 2915 hac
679 2869 806 2933 quoquo
830 2871 866 2916 re
886 2863 999 2935 poetae
1014 2851 1236 2932 Alexandrini,
1261 2849 1378 2912 Aratus
1400 2868 1432 2910 v.
1453 2851 1520 2911 trs

317 2973 360 3018 ss.
381 2954 442 3016 ets
460 2973 518 3034 ss.,
543 2955 727 3018 Theocritus
749 2975 804 3018 ur
820 2957 860 3018 29
877 2975 934 3036 ss.,
961 2957 1172 3020 Callimachus
1194 2957 1227 3019 in
1251 2954 1367 3036 hymno
1391 2953 1424 3016 in
1440 2953 1520 3016 Dia-

317 3077 391 3120 nam
411 3076 444 3119 v.
462 3057 525 3120 222
549 3077 606 3140 ss,
630 3058 815 3142 Apollonius
838 3059 979 3124 Rhodius
1002 3079 1047 3124 nu
1072 3061 1149 3123 llll
1176 3078 1233 3138 ss,
1259 3058 1443 3140 Euphorion
1470 3058 1521 3119 eis

317 3161 465 3225 versibus
493 3160 534 3224 de
562 3161 680 3243 quibus
703 3163 897 3244 hleinekius,
928 3183 992 3226 non
1023 3165 1188 3227 immemor
1211 3161 1342 3242 Catulli,
1374 3159 1460 3224 dixit
1484 3161 1519 3222 in

317 3266 468 3328 analectis
496 3263 723 3330 Alexandrinis
750 3286 784 3348 p.
808 3268 862 3330 62.
910 3266 1083 3331 eorundem
1113 3285 1190 3329 vero
1217 3275 1383 3347 poetarum
1412 3274 1522 3327 artem

318 3369 460 3432 Catullus
481 3370 576 3434 mem
599 3371 633 3431 in
656 3389 692 3432 eo
720 3371 868 3452 sequitur
890 3371 975 3453 quod
996 3365 1246 3441 omnicoetum<
1267 3387 1342 3432 suos
1363 3367 1523 3448 longiori-

317 3473 378 3536 hus
399 3483 523 3536 tantum
542 3473 704 3537 vocabulis
726 3474 888 3554 terminat,
915 3474 948 3537 id
971 3485 1019 3538 cst
1041 3472 1256 3556 tetrasyllabis
1278 3483 1311 3534 et
1333 3489 1396 3534 non
1419 3491 1523 3534 num·

223 3637 235 3651 ,
316 3595 413 3658 quam
436 3575 620 3658 trisyllabis.
668 3595 708 3640 ne
739 3578 797 3640 hoo
819 3576 951 3659 quidem
974 3578 1132 3641 intellexit
1161 3576 1267 3658 isqui
1290 3576 1430 3638 carmine
1454 3575 1522 3638 Ce-

317 3681 386 3744 tulli
410 3700 515 3763 nuper
537 3683 734 3762 recognovit:
761 3682 873 3762 inqua
897 3701 932 3745 re
948 3683 990 3744 ita
1004 3691 1152 3744 versatus
1168 3689 1216 3743 est
1236 3689 1273 3743 ut
1295 3679 1420 3742 nescias
1435 3678 1522 3760 quid

316 3786 417 3866 magis
439 3783 616 3865 admirere,
642 3786 850 3866 ignorantium
873 3787 979 3867 poesis
1002 3784 1196 3848 Catullienee
1219 3785 1361 3866 artisque
1384 3783 1522 3846 criticae

323 3887 523 3972 (quamquam
553 3898 719 3951 stemmata
744 3888 825 3952 adeo
854 3888 997 3952 codicum
1022 3889 1268 3952 Catullianorum
1292 3886 1447 3970 depingit)
1476 3907 1522 3950 an

316 3993 553 4074 neglegentiam
582 3993 831 4074 opinionumque
862 3994 1117 4074 perversitatem.
1172 3993 1199 4054 is
1230 3992 1347 4073 igitur,
1378 4011 1451 4055 curm
1487 3993 1521 4054 in

319 4106 408 4178 parte
431 4095 586 4160 librorum
608 4095 642 4157 hi
665 4115 778 4160 versus
805 4096 878 4179 (tto
901 4097 955 4182 ss.)
985 4097 1161 4160 rectissime
1184 4096 1295 4177 scripti
1319 4105 1446 4172 essent,
1474 4097 1523 4158 sic

313 4197 439 4282 funesta
460 4200 567 4264 domus
590 4201 747 4284 inpressos
770 4208 847 4264 tecto
865 4207 999 4282 paterno
1020 4201 1118 4264 llortc
1136 4198 1232 4283 [eroco
1251 4197 1379 4264 moseos
1394 4200 1521 4282 pectem

317 4303 447 4369 Minoidi
468 4304 580 4368 luctum
613 4303 771 4368 Ohtulcrat
792 4303 888 4367 niente
910 4304 1070 4367 incremati
1091 4303 1180 4368 talem
1205 4307 1270 4388 ipse
1291 4305 1404 4388 recepit
1430 4301 1521 4385 (nam

275 4409 350 4470 trin
373 4407 445 4472 eliis
466 4407 557 4470 libris
579 4407 721 4489 minoydo
743 4409 857 4472 minoia
878 4418 910 4472 et
932 4396 1054 4472 similia
1077 4409 1155 4470 vitia
1177 4407 1277 4490 sunt),
1305 4407 1521 4472 scribendum

319 4531 389 4574 esse
412 4513 535 4592 putavit
568 4513 700 4574 ‘tincae
723 4512 773 4574 vel
796 4512 946 4588 llinome,
980 4512 1012 4573 h.
1037 4533 1066 4573 e.
1093 4503 1223 4598 Μινιρᾳ,
1255 4511 1353 4574 trium
1375 4511 1522 4592 syllaba·
1628 4555 1629 4576 .
