3186 5108
357 367 446 428 ltmrx
467 384 633 428 ιιοτιοιιιι
656 385 839 430 armornm
857 367 951 428 l860.
1174 353 1245 426 189

86 571 172 635 neque
201 574 281 636 opus
314 567 363 618 est
391 565 427 618 ut
455 557 537 618 hanc
571 555 865 636 interpretationem
894 556 1035 620 Elmsleii
1067 558 1254 620 auctoritate

86 665 228 736 tueamur,
261 659 315 740 qui
346 657 386 722 de
415 658 474 720 boc
501 678 598 721 versu
630 657 775 720 breviter
802 658 883 721 dixit
913 661 945 722 in
978 659 1180 722 adnotatione
1214 658 1255 721 ad

84 758 179 842 Oedipi
202 762 287 841 regis
309 781 340 822 v.
360 761 433 823 tlt.
474 761 554 824 illud
576 781 639 824 non
662 762 819 824 inutiliter
841 761 961 825 addere
984 762 1076 826 nobis
1094 762 1251 840 videmur,

84 861 116 924 ad
139 863 300 946 Aeschylei
333 866 482 928 versiculi
517 866 830 946 interpretationem²
867 866 899 927 in
930 884 992 946 qua
1021 875 1149 948 praeter
1178 866 1256 927 alios

84 965 173 1047 lapsus
205 978 253 1030 est
281 966 463 1050 Apostolius
490 987 580 1048 prov.
605 987 659 1030 xru
689 970 746 1048 82,
784 970 947 1050 pertinere
981 969 1066 1050 quod
1095 969 1255 1051 Lycophro

84 1065 151 1130 dixit
170 1089 200 1131 ν.
221 1072 303 1133 libb
326 1071 368 1143 εἰς
391 1074 473 1152 κῦμα
494 1066 595 1157 κωφὸν
618 1065 703 1156 βάζω
729 1072 853 1153 aliaque
881 1091 899 1134 a
922 1073 1086 1134 leutschio
1108 1071 1150 1134 ad
1170 1070 1257 1152 Apo-

82 1171 191 1236 stolium
220 1173 397 1256 adscripta,
429 1185 497 1238 tum
520 1173 692 1237 Philodemi
722 1174 802 1237 illud
830 1176 918 1237 anth.
945 1175 1007 1237 Pal.
1032 1195 1050 1236 ν
1074 1173 1147 1254 tot,
1178 1167 1252 1237 τοῦτ’

82 1267 162 1356 ἐβόων
195 1273 256 1340 αἰεὶ
288 1271 339 1340 καλ
366 1271 551 1364 προόλεχον·
590 1270 652 1340 ἀλλ’
691 1273 743 1341 'iou
772 1271 871 1364 πόντῳ
896 1272 991 1364 Ἰονίῳ
1021 1271 1124 1362 μόθων
1153 1273 1257 1348 ἔκλυες

81 1368 231 1464 ἡμετέρων.
280 1379 365 1460 quod
386 1390 492 1443 autem
512 1379 707 1444 Wieselerus
729 1391 818 1462 putat
840 1372 931 1468 όχλον
954 1383 1042 1445 illum
1066 1384 1099 1443 in
1121 1380 1257 1444 alterum

82 1480 244 1545 Promethei
274 1484 376 1545 locum
405 1485 525 1546 illatum
556 1474 682 1568 όχληοιν
705 1504 793 1564 esse,
826 1485 977 1548 nimirum
1006 1495 1070 1548 tam
1099 1483 1197 1546 debili
1226 1492 1258 1545 et

81 1581 215 1664 languido
238 1585 390 1650 vocabulo
412 1585 588 1668 Aeschylus
617 1588 650 1649 in
673 1588 860 1650 atrocissimi
889 1589 1046 1651 cruciatus
1068 1605 1258 1649 commemo-

80 1687 187 1750 ratione
212 1688 347 1752 ridicule
378 1710 454 1753 usus
477 1701 570 1754 esset.
617 1692 764 1772 quocirca
792 1693 920 1753 omnino
948 1699 1089 1772 praestat
1110 1688 1259 1770 Meineltii

80 1794 235 1873 sententia,
261 1783 348 1856 ὄτλον
364 1793 496 1857 fortasse
519 1793 723 1857 scribendum
747 1814 816 1857 esse
839 1795 1039 1857 conicientis:
1066 1811 1257 1875 quamquam

79 1890 112 1952 td·
125 1891 164 1955 ab
184 1886 278 1982 όχλον
300 1896 452 1959 vocabulo
475 1899 606 1978 propius
620 1897 710 1960 abest
726 1917 821 1978 quam
843 1917 860 1960 a
882 1885 985 1983 χόλον1
1003 1896 1087 1978 quod
1111 1898 1143 1959 in
1167 1894 1281 1960 librist

80 2005 130 2056 est.
174 1999 232 2062 sed
260 2001 377 2063 scimus
400 2001 504 2062 virum
533 2001 685 2064 eximium
713 2002 894 2082 opinionem
925 2001 1009 2062 illam
1040 2007 1147 2081 postea
1169 1998 1260 2061 abie-

79 2098 161 2162 cisse.
202 2105 315 2166 merito
331 2103 479 2184 quidem:
505 2122 578 2166 nam
597 2105 664 2166 sive
687 2095 774 2168 ότλον
796 2104 966 2167 scribimus
989 2104 1056 2164 sive
1079 2102 1166 2165 aliud
1182 2100 1260 2165 sub-

78 2203 239 2266 stantivum
263 2225 378 2268 nomen
402 2206 641 2287 substituimus,
673 2208 880 2270 inconcinnus
906 2217 954 2270 est
982 2217 1014 2268 et
1034 2215 1260 2289 praeposterus

77 2304 130 2366 iste
157 2307 330 2371 verborum
362 2309 457 2390 ordo,
495 2301 573 2376 ὥστε
607 2334 655 2374 σοι
682 2305 732 2374 τὸν
768 2314 818 2376 νῦν
848 2301 933 2374 ότλον
964 2303 1106 2393 Παμόντο
1136 2303 1259 2395 μόχθων

77 2405 425 2476 triturationem
472 2414 598 2496 qualem
621 2413 791 2478 verborum
815 2414 1048 2476 collocationem
1070 2411 1262 2495 Aeschylum

76 2509 236 2577 admisisse
259 2536 296 2577 eo
319 2518 425 2579 minus
454 2516 620 2599 probabile
650 2527 699 2580 est
721 2535 783 2598 quo
812 2518 984 2599 proclivius
1008 2528 1092 2598 erat,
1123 2519 1150 2579 si
1174 2519 1261 2579 eius-

78 2615 154 2678 modi
175 2601 329 2682 ‘vocabulo
359 2623 405 2682 uti
427 2619 569 2700 volebat,
603 2623 646 2682 ita
675 2621 869 2684 conformare
892 2622 1083 2701 orationem,
1115 2611 1192 2684 ὥστε
1215 2642 1263 2682 οοι

77 2712 195 2804 μόχθων
218 2713 305 2786 ότλον
328 2717 378 2786 τόν
401 2717 606 2810 correptore
634 2719 756 2788 παιδιὰν
780 2721 858 2788 εἶναι
884 2724 994 2788 δοκεῖν.
1042 2725 1148 2805 itaque
1170 2717 1262 2809 χόλον

78 2821 150 2886 illud
179 2826 222 2888 ita
246 2829 351 2908 potius
374 2827 609 2890 emendandum
638 2837 686 2890 est
713 2838 750 2892 ut
778 2829 872 2890 simul
895 2829 1069 2890 concinnus
1091 2826 1263 2890 verborum

78 2923 148 2987 ordo
171 2931 372 2994 restituatur.
412 2931 497 3012 quod
519 2950 582 2993 non
598 2931 727 2995 videtur
748 2931 817 2994 fieri
840 2951 933 3014 posse
957 2931 1149 2998 commodius
1167 2949 1262 3012 quam

76 3038 108 3090 ut
129 3032 169 3093 ita
194 3033 384 3116 scribamus,
410 3026 487 3097 ὥστε
509 3058 556 3098 σοι
577 3029 627 3098 τὸν
651 3039 701 3099 νῦν
723 3030 816 3100 τολόν
837 3029 979 3121 Παμόντα
1002 3031 1117 3120 μόχθον
1139 3027 1263 3096 παιδιὰν

77 3127 148 3196 εἶναι
171 3135 283 3202 δονεῖν.
323 3156 387 3199 non
409 3147 556 3219 putamus
572 3139 646 3201 huic
668 3141 845 3202 sententiae
869 3138 944 3201 inde
967 3137 1090 3218 aliquid
1105 3155 1264 3218 quaeren-

77 3233 146 3299 dum
163 3259 235 3302 esse
252 3240 498 3303 confirmationis
514 3241 599 3322 quod
623 3237 738 3327 μόχθον
762 3244 794 3304 in
809 3243 903 3305 libris
917 3261 981 3304 non
996 3241 1093 3303 nullis
1109 3243 1264 3322 scriptum

78 3349 137 3402 est:
170 3361 245 3405 nam
274 3345 327 3406 hic
350 3364 440 3407 error
468 3347 573 3426 potius
595 3345 723 3409 videtur
753 3366 822 3410 esse
852 3365 947 3427 quam
969 3364 1065 3408 verae
1087 3344 1263 3424 scripturae

77 3447 254 3527 vestigium.
293 3447 353 3510 sed
375 3457 540 3530 postquam
563 3441 655 3512 πολόν
679 3449 711 3511 in
734 3447 825 3535 χόλον
850 3468 957 3511 errore
980 3449 1110 3510 minime
1126 3444 1264 3507 mirabili

78 3557 230 3612 mutatum
253 3562 336 3632 erat,
362 3551 431 3614 fieri
453 3570 516 3613 non
540 3554 642 3634 potuit
664 3553 743 3633 quin
766 3545 890 3638 μόχθων
913 3550 1121 3615 scriberetur.
1167 3540 1266 3611 πολλά

77 3649 135 3712 dici
159 3672 226 3716 non
249 3665 371 3717 tantum
394 3674 529 3737 quorum
552 3675 684 3736 magnus
707 3665 754 3718 ost
777 3675 946 3734 numerus,
971 3653 1146 3733 sedsaepe
1170 3652 1263 3713 etiam

78 3771 110 3815 ea
139 3774 224 3838 quac
254 3777 367 3840 magna
396 3766 471 3820 sunt
500 3761 531 3820 vi
560 3777 596 3821 ac
624 3760 828 3821 vehementia
856 3759 1077 3842 pervulgatum
1104 3755 1180 3817 satis
1203 3763 1262 3816 est.

77 3859 152 3921 nihil
174 3870 284 3924 autem
307 3861 348 3924 ad
371 3860 502 3924 formem
524 3863 674 3925 orationis
696 3863 831 3926 similius
854 3873 902 3924 est
917 3881 1013 3942 quam
1036 3858 1121 3942 quod
1136 3859 1266 3938 Euripi-

77 3957 130 4024 des
145 3963 232 4026 dixit
248 3963 378 4027 Orestae
400 3984 431 4026 v.
455 3967 534 4027 l200
559 3963 612 4028 καί
632 3987 676 4028 νιν
692 3965 785 4042 δοκῶ,
808 3960 841 4029 τό
863 3969 978 4052 πρῶτον
1001 3955 1038 4047 ἢν
1060 3955 1152 4034 πολὺς
1167 3963 1263 4048 παρῇ,

77 4058 184 4153 Χρόνῳ
201 4061 343 4151 μαλάξειν
360 4060 540 4153 σπλάγχνον.
566 4069 606 4132 de
618 4069 677 4130 bac
689 4069 786 4148 igitur
797 4068 944 4150 opinione
958 4076 1063 4130 nostra
1076 4084 1185 4129 eorum
1200 4076 1266 4128 esto

78 4167 232 4232 iudicium
254 4171 309 4252 qui
332 4181 364 4232 et
379 4172 489 4234 Graeci
506 4172 661 4234 sermonis
684 4170 944 4233 consuetudinem
967 4180 998 4233 et
1012 4169 1159 4251 Aeschyli
1176 4169 1268 4248 inge·
1324 4224 1329 4232 .

78 4271 162 4332 nium
179 4273 345 4353 explorate
358 4286 584 4357 perceperunt:
604 4285 744 4337 ceterum
759 4293 888 4356 operam
905 4293 967 4335 non
980 4291 1110 4353 prorsus
1123 4291 1179 4334 nos
1190 4291 1267 4352 per·-

79 4372 196 4438 didisse
213 4376 397 4456 putabimus
412 4381 438 4440 si
450 4378 628 4459 disputasse
640 4377 824 4440 videbimur
839 4396 901 4438 non
919 4376 1043 4438 inutilia
1056 4376 1140 4456 parti
1155 4375 1266 4436 saltem

80 4477 232 4540 iuvenum
249 4499 326 4560 quos
341 4481 381 4543 ud
397 4483 517 4545 scholas
533 4483 675 4563 proxima
696 4482 801 4544 hieme
817 4478 1067 4560 frequentandas
1082 4480 1264 4540 invitamus.

572 4617 714 4633 rvNWUWx
722 4617 776 4632 wlv-
