3268 5108
587 417 675 478 lnnrx
697 432 861 477 enarrem
883 432 1061 476 insariam
1081 413 1173 474 4854.

419 605 486 686 quis
507 623 568 666 aaa
590 601 729 688 Aepolico
751 595 870 686 defleuit
894 607 1060 688 hrpomou
1082 604 1148 686 ipni

419 709 588 789 impositam
610 715 638 770 et
660 710 743 771 tristi
762 715 906 771 mmmm
926 705 1038 789 sunere
1060 708 1211 768 mmrem?

291 848 327 890 aa
355 839 387 892 ct
408 826 548 891 absurda
577 839 651 890 sunt
679 831 760 910 (narn
789 827 931 910 oppidum
958 825 1114 890 cadavera
1142 826 1194 886 illa
1221 825 1324 886 Servii
1349 825 1486 906 Sulpicii

292 931 408 994 frustra
439 931 661 1016 conparantur)
696 941 728 994 ct
756 949 818 994 non
848 938 934 993 reete
963 929 1005 992 ab
1034 928 1216 991 hominibus
1244 927 1345 990 doctis
1371 947 1489 990 emen-

292 1034 376 1098 data.
422 1035 593 1098 scribimus
622 1036 697 1111 Quos
724 1053 785 1096 aaa
806 1031 946 1118 Aepolico
967 1032 1087 1114 deflevit
1110 1035 1276 1116 Peopomoa
1303 1032 1368 1114 ipae·
1388 1049 1488 1094 ιιιι-

292 1156 365 1200 sm
388 1157 444 1200 ιιι
466 1156 589 1201 rnrsrnu
610 1146 755 1201 weram
778 1137 890 1220 fouere
910 1139 1062 1198 mmrcm?
1091 1137 1124 1198 in
1147 1135 1265 1217 quibus
1294 1142 1348 1198 out
1373 1133 1490 1196 lacobo

292 1240 489 1324 debemus,*)
516 1243 633 1304 tristem
656 1239 882 1320 Wernsdorlio,
913 1242 968 1321 qui
993 1251 1078 1303 reete
1108 1239 1292 1321 conparavit
1313 1237 1400 1320 quod
1422 1239 1491 1300 Ne·

239 1374 244 1384 ·
292 1345 453 1406 mesianus
475 1346 729 1426 cynegeticorum
752 1364 784 1405 v.
805 1345 843 1406 45
867 1343 949 1406 dixit
971 1344 1050 1404 Ναιιι
1072 1343 1139 1424 quis
1161 1361 1222 1404 coa
1244 1341 1357 1405 Niobea
1378 1359 1494 1403 aume-

294 1465 362 1510 roso
381 1446 491 1529 sunem
512 1455 658 1510 maetam
688 1450 755 1510 lom
777 1448 906 1510 cecini?
935 1446 1072 1509 eundem
1094 1456 1218 1527 poetam
1241 1457 1273 1508 ct
1296 1446 1348 1507 bio
1372 1447 1494 1528 Perpa-

293 1569 362 1613 moo
384 1553 449 1634 iqui
469 1551 639 1614 ambustam
661 1561 692 1614 et
714 1550 797 1614 inira
820 1571 851 1612 v.
870 1551 932 1611 588
954 1549 1051 1631 flebile
1072 1548 1168 1612 baalis
1193 1553 1358 1633 Perpomoo
1377 1547 1494 1612 dicere

293 1654 433 1736 potuisse
467 1673 530 1716 non
560 1653 690 1716 videtur
722 1673 792 1716 esse
826 1652 1057 1717 dubitandum:
1097 1672 1288 1734 quamquam
1323 1653 1493 1714 Horatium

294 1768 415 1821 tantum
437 1757 516 1820 banc
530 1757 608 1820 llioa
631 1756 751 1820 dixisse
772 1757 990 1820 Lachmannus
1012 1755 1177 1838 probabile
1202 1753 1355 1832 reddidit,
1380 1775 1494 1838 neque

295 1880 485 1942 magnopere
510 1879 772 1942 repugnaremus,
796 1861 899 1941 siquis
914 1860 1085 1923 ambustum
1101 1861 1273 1940 Pergamon
1295 1857 1493 1940 praeferret.

295 1965 351 2026 sed
374 1975 408 2027 ut
438 1967 471 2026 in
495 1965 577 2026 viam
608 1962 787 2044 redeamus,
818 1973 984 2045 postquam
1014 1973 1106 2045 poeta
1135 1975 1253 2026 terram
1280 1963 1379 2024 victos
1407 1963 1496 2024 lovis

297 2067 428 2130 lulmine
452 2069 531 2129 lilios
552 2068 731 2150 amplexam
750 2086 821 2130 csse
844 2066 938 2146 dixit,
964 2068 1006 2129 ita
1029 2067 1145 2148 pergit,

617 2195 680 2250 tum
698 2207 770 2270 pasc
792 2195 836 2250 est
857 2188 979 2250 reddito
1000 2187 1123 2264 nouom,

424 2299 488 2354 mm
509 2289 599 2354 Liber
620 2291 694 2354 celsi
714 2292 796 2354 venit
813 2309 873 2372 per
894 2289 999 2353 sidero
1021 2291 1099 2353 coeli

425 2395 598 2477 defensioue
619 2395 710 2458 deca
732 2393 841 2456 maadi
862 2413 944 2456 ouoc
965 2393 1107 2456 reducor
1129 2395 1233 2457 astris.

297 2515 352 2597 qui
376 2534 489 2577 versus
510 2513 691 2578 tolerabiles
714 2514 805 2594 liunt,
830 2516 856 2575 si
880 2533 955 2575 rme
979 2531 1106 2575 unnim
1128 2516 1225 2577 ostris
1247 2512 1430 2590 scribimus,
1459 2524 1498 2576 ut

298 2617 449 2680 llolmano
471 2618 690 2699 Peerlkampio
721 2616 838 2700 placuit
867 2617 899 2676 in
924 2614 1135 2679 bibliothecae
1158 2618 1286 2679 criticae
1309 2635 1410 2678 novae
1434 2635 1499 2678 vo-

297 2721 417 2783 lumine
440 2739 474 2782 ιιι
497 2740 530 2803 p.
549 2721 627 2797 25⁴3
661 2729 693 2782 ct
715 2727 786 2783 tuae
808 2719 940 2783 exhibet
961 2718 1062 2783 codex
1077 2719 1329 2801 llebdigeranus.
1369 2737 1500 2782 verun-

297 2835 404 2887 tamen
426 2824 520 2887 valde
548 2823 688 2888 dubitari
719 2833 822 2905 potest
851 2844 892 2886 ne
921 2824 973 2885 hic
1005 2823 1066 2885 alia
1099 2823 1232 2904 lateant,
1269 2842 1350 2904 quae
1384 2823 1500 2903 qualia

300 2927 418 2990 luerint
440 2926 581 2991 nondum
604 2926 696 2989 nobis
717 2927 807 2990 licuit
829 2926 993 3008 indagare.
1040 2945 1113 2988 nam
1143 2938 1175 2989 et
1200 2925 1307 2990 doctas
1335 2926 1501 3007 suspicio-

299 3050 357 3093 nes
379 3030 509 3094 lacobus
536 3031 667 3112 protulit
695 3040 727 3092 et
749 3029 861 3093 mundi
883 3030 934 3092 vel
961 3030 1039 3092 caeli
1069 3048 1183 3091 nomen
1213 3031 1309 3092 nimis
1337 3028 1501 3091 inculcari

299 3134 428 3197 videtur
449 3145 481 3197 et
504 3133 537 3196 in
560 3130 652 3195 libris
681 3134 759 3195 baec
784 3133 878 3196 aliter
899 3135 1018 3215 scripta
1040 3144 1125 3196 sunt.
1173 3133 1291 3195 etenim
1322 3133 1395 3212 quis
1425 3135 1502 3213 pri-

300 3257 386 3301 mum
409 3237 483 3300 celsi
503 3237 670 3318 scripserit
697 3238 854 3299 incertum
884 3236 977 3298 nobis
1002 3247 1065 3299 est:
1100 3234 1372 3317 cantabrigiensis
1394 3245 1503 3299 σκιαί

300 3341 413 3418 habet,
446 3342 477 3403 in
507 3338 752 3403 llelmstadiensi
782 3359 823 3401 ex
851 3357 937 3402 cesso
967 3340 1083 3402 laetum
1112 3349 1161 3403 est
1189 3357 1295 3402 cresso
1324 3350 1356 3400 et
1385 3339 1501 3420 inepta

300 3444 467 3525 explicatio
483 3443 641 3524 adscripta
663 3444 700 3506 de
722 3462 835 3506 coruom
849 3442 990 3521 adauae,
1017 3444 1049 3505 ln
1072 3442 1293 3524 llebdigerano
1308 3442 1391 3505 celso
1413 3441 1504 3523 legi-

300 3557 370 3624 tur;
404 3547 483 3609 coeli
502 3557 608 3609 autem
631 3556 753 3609 tanturn
780 3546 930 3627 inpressi,
962 3547 1073 3628 scripti
1103 3544 1228 3608 codices
1257 3564 1367 3608 omnes
1397 3543 1502 3608 celum

301 3649 431 3712 babent.
482 3649 596 3713 celsum
629 3650 750 3713 eaelum
785 3669 842 3730 pro
870 3650 933 3712 alto
956 3649 1019 3712 dici
1052 3668 1112 3731 per
1139 3669 1173 3712 se
1203 3667 1266 3711 non
1300 3667 1502 3729 magnopere

301 3745 504 3834 miraremur,
535 3754 627 3817 modo
657 3755 689 3817 in
718 3753 859 3834 antiquis
887 3751 979 3814 libris
1008 3753 1067 3814 hoc
1095 3753 1274 3835 legeretur:
1315 3771 1388 3814 nam
1414 3753 1504 3815 celsa

301 3865 390 3920 ostro
411 3859 556 3921 Lucanus
578 3856 660 3920 dixit
680 3876 710 3918 vr
727 3857 800 3936 444,
826 3857 939 3920 celsum
956 3857 1062 3938 polum
1083 3854 1225 3920 Avienus
1250 3856 1501 3939 phaenomenon

302 3980 335 4022 v.
350 3961 424 4041 220,
450 3961 564 4023 celsum
577 3980 655 4024 aero
677 3959 763 4022 idem
785 3979 817 4021 v.
836 3960 910 4040 544,
936 3959 1048 4022 celsum
1063 3960 1220 4023 cardinem
1242 3957 1499 4040 vaesanit,

302 4063 414 4126 celsam
442 4064 550 4126 molem
579 4083 674 4146 quam
702 4063 789 4126 Atlas
811 4063 874 4126 lert
895 4081 927 4124 v.
946 4061 1020 4142 574,
1056 4064 1169 4126 celsum
1197 4061 1322 4126 aetbera
1344 4081 1375 4122 v.
1396 4060 1497 4124 4433.

302 4185 409 4248 neque
431 4165 580 4248 displicet
601 4165 687 4248 quod
709 4165 792 4229 docti
816 4167 849 4228 in
873 4165 937 4229 Ciri
959 4185 991 4228 v.
1007 4167 1069 4229 248
1092 4167 1291 4248 scripserunt
1313 4165 1410 4227 albem
1434 4165 1501 4226 Su-

277 4271 392 4352 ospicio
417 4271 458 4332 od
485 4269 560 4333 celsi
579 4258 731 4334 au'tootio
757 4269 864 4333 sidero
891 4269 1015 4332 moaci.-
1047 4289 1121 4332 nam
1144 4268 1229 4351 quod
1259 4270 1292 4330 in
1314 4269 1502 4330 novissimis

374 4549 398 4614 ⁴⁸)
419 4545 464 4614 [la
482 4549 592 4599 edition
608 4549 637 4598 et
654 4552 787 4599 screatum
804 4545 867 4614 ert.)
