3240 5094
476 313 565 376 luusx
587 331 752 376 tuorronvu
775 330 952 374 rmrrrunvu
980 313 1073 372 tull.
1296 297 1369 382 503

179 503 267 562 ouius
296 502 500 564 cremoruudis
530 501 692 564 otrloubcs
720 499 806 564 ambo
832 501 950 583 fratros
975 501 1131 583 principes
1154 521 1368 578 cornuorum,

182 623 236 668 nco
257 605 377 668 simules
393 605 459 668 eous
481 623 535 668 uec
556 624 719 687 urppores.
758 604 910 685 scriptum
934 614 1000 666 erut
1025 605 1130 686 inopte
1153 603 1368 668 obtrectabant.

180 727 276 772 musa
298 701 418 770 er'roris
440 727 502 770 non
526 707 658 774 obscuro
682 717 742 786 cst,
767 708 794 768 si
817 717 922 770 tamon
946 707 979 768 in
1002 708 1052 770 his
1074 707 1166 770 libris
1188 709 1371 790 turpissime

182 811 364 892 depravatis
392 831 504 876 musac
535 830 675 876 errorem
700 809 863 874 rimandae
885 821 970 874 sunt.
1017 811 1082 874 eius
1105 809 1190 892 quod
1212 820 1282 892 post
1305 813 1373 873 oir-

181 913 295 978 tutibus
325 915 357 976 iu
389 913 470 976 libro
493 914 642 994 Fuldousi
672 915 789 994 legitur
818 913 891 976 olim
922 923 1007 976 recle
1037 913 1177 976 deletum
1208 925 1266 978 ost.
1313 913 1372 975 ob-

181 1020 302 1082 erravit
324 1017 476 1082 librarius
497 1017 539 1080 od
561 1019 626 1080 eius
649 1017 734 1099 quod
756 1036 829 1080 mox
851 1019 1009 1099 sequitur,
1034 1036 1139 1098 nequo
1161 1016 1250 1080 uliud
1271 1036 1372 1098 quac-

184 1120 320 1184 reudum
344 1131 402 1200 cst,
429 1121 547 1184 nodum
571 1122 804 1204 incptiendum.

268 1226 335 1288 Non
351 1235 453 1305 potest
471 1226 610 1306 intellegi
628 1227 754 1288 initium
769 1226 919 1288 orationis
930 1225 1142 1288 Valentiniani
1156 1223 1240 1306 quod
1257 1225 1373 1304 legitur

182 1347 262 1392 usn
285 1331 305 1388 6
322 1330 353 1408 6,
380 1329 524 1392 rausum
546 1347 621 1410 erpo
643 1347 689 1390 ore
711 1329 807 1392 vestri
822 1328 943 1411 favoris
959 1327 1103 1392 iodicium
1118 1328 1198 1391 bunc
1212 1329 1270 1390 loci
1280 1329 1372 1410 priu-

180 1433 291 1514 cipab's
318 1431 536 1512 circumferens
558 1431 693 1494 habituro
713 1451 771 1514 ouo
790 1433 890 1514 potior
912 1433 983 1494 aliis
1007 1432 1157 1494 iudicatus
1180 1418 1248 1494 sum
1270 1431 1372 1494 multis

181 1543 210 1598 et
239 1536 335 1598 claris
363 1535 558 1597 consiliorum
586 1536 675 1598 sociis
706 1543 901 1618 votorumque
930 1535 1104 1616 auspicibus
1136 1534 1218 1598 vobis
1250 1537 1371 1618 pietalis

181 1639 312 1720 officium
346 1637 513 1721 adpredior
546 1640 769 1720 tempestivum,
804 1655 956 1721 prospero
984 1638 1037 1700 lieo
1070 1637 1249 1721 spondente,
1285 1640 1373 1700 ouius

180 1741 374 1824 surpiternis
413 1742 545 1804 comitiis
578 1741 670 1805 stabit
701 1745 838 1806 Roruouc
876 1761 925 1804 ros
959 1743 1149 1806 iucouurssa.
1203 1741 1372 1804 scribimus

185 1848 330 1910 Faustum
352 1863 428 1928 erpa
448 1863 494 1906 me
517 1847 613 1908 vostri
630 1846 751 1928 fauoris
773 1840 929 1933 (surmus)
953 1845 1097 1908 iudicium
1118 1844 1198 1906 buno
1213 1845 1271 1907 loei
1281 1845 1373 1925 priu-

179 1949 290 2031 eipolis
313 1967 530 2012 concurremus
545 1948 680 2012 lubitum
695 1959 755 2012 otc.
797 1950 934 2031 exempli
951 1965 1044 2012 cuusu
1061 1951 1179 2010 intuens
1195 1949 1370 2030 posuimus,

180 2060 304 2116 certum
335 2069 404 2114 csso
436 2061 583 2132 putamus
609 2054 835 2116 cirmmtereos.
881 2051 1025 2115 Tibullus
1049 2071 1057 2114 ι
1081 2051 1156 2114 295
1181 2051 1261 2114 burro
1280 2069 1370 2134 perer,

181 2157 263 2220 burte
285 2156 403 2218 iuvenis
426 2155 516 2218 turbo
538 2156 724 2220 circumterit
746 2164 829 2219 arto.

272 2258 468 2340 Purugrupho
483 2258 627 2322 ciusdem
642 2262 755 2341 cupitis
773 2261 811 2322 lb
828 2261 906 2322 trucc
921 2259 1081 2340 leguntur,
1107 2260 1264 2341 ocoiopere
1280 2259 1374 2340 ipitur

179 2384 240 2448 pro
269 2381 375 2428 rerum
402 2364 574 2444 urpentium
601 2363 736 2444 pondere
764 2369 798 2426 ut
822 2364 925 2444 patric
944 2364 1109 2444 patruique
1130 2361 1243 2446 collepc
1264 2367 1292 2424 et
1314 2361 1373 2424 ao-

182 2486 287 2532 suesce
316 2465 480 2547 urpaoidur
506 2473 670 2547 penetrare
698 2485 766 2530 cunr
795 2464 965 2549 apmrioibru
993 2464 1127 2548 peditum
1154 2465 1224 2548 polu
1249 2466 1372 2546 pervios

181 2572 322 2636 Histrum
344 2576 372 2632 et
387 2568 533 2644 Rbeuum,
556 2571 687 2632 armatis
710 2571 948 2652 nuperrimos
963 2576 1058 2643 stare,
1084 2569 1263 2650 cooperirem
1277 2568 1373 2649 spiri-

181 2684 303 2757 tumque
329 2671 519 2736 cortsidcrute
544 2691 602 2753 pro
631 2671 678 2735 bis
707 2673 870 2754 rupeodcro
897 2691 971 2754 quos
1000 2673 1099 2755 repis,
1134 2671 1211 2733 nibil
1239 2672 1374 2737 alienum

180 2785 293 2862 putare
314 2776 393 2859 quood
415 2775 456 2838 ud
471 2776 599 2838 lloooaoi
619 2777 741 2858 imperii
757 2777 888 2858 pertinet
903 2777 996 2838 lotus.
1036 2775 1155 2838 multus
1170 2784 1219 2838 cst
1234 2773 1373 2836 Ammiu-

183 2901 244 2944 nus
268 2882 301 2942 in
323 2878 506 2960 usurpando
530 2880 639 2942 luteris
663 2879 776 2942 verbo:
803 2878 860 2942 sed
882 2879 934 2942 bic
948 2877 1035 2943 uliud
1052 2878 1186 2959 postulat
1201 2879 1370 2941 sententio.

182 2983 354 3049 scribimus
375 2981 453 3064 pou
475 2981 517 3044 ad
538 2983 666 3046 ltomaui
687 2984 808 3066 imperii
828 2983 957 3064 pertinet
978 3001 1119 3044 susurru.

272 3087 347 3168 Cup.
375 3086 413 3146 lb
430 3087 449 3144 8
471 3087 572 3148 oratio
594 3085 653 3148 hoo
673 3084 763 3148 modo
779 3085 992 3150 videturesse
1008 3084 1195 3166 conplenda,
1217 3093 1286 3167 post
1300 3085 1374 3148 buco

183 3192 297 3256 leuiore
324 3207 434 3274 pressu
460 3190 601 3270 princeps
623 3191 752 3252 ulterius
774 3189 898 3252 tendens
920 3206 988 3252 eum
1009 3207 1103 3270 prope
1125 3188 1222 3251 locum
1244 3189 1374 3250 currisset

183 3297 235 3359 mi
249 3294 390 3358 Solicinio
412 3309 519 3354 nornen
541 3299 596 3369 est,
621 3294 703 3356 velut
724 3293 858 3374 modam
880 3287 1038 3380 (osonum)
1059 3291 1139 3356 obice
1153 3294 1243 3370 stetit,
1268 3292 1372 3356 rocus

179 3397 432 3482 procursantium
453 3395 599 3460 relatione
620 3398 784 3460 cernuum
806 3396 955 3459 barbaros
978 3397 1063 3480 lonpo
1084 3381 1275 3478 corrorpeotos.¹

271 3501 347 3581 Cup.
380 3500 418 3560 li
443 3497 462 3558 7
490 3483 695 3562 scribendum
726 3511 774 3562 cst
801 3501 904 3564 mullis
930 3508 1000 3581 pou
1026 3499 1100 3562 boec
1127 3499 1208 3562 ultro
1239 3499 1413 3580 citropoeu

182 3606 326 3670 dietbalis
359 3602 567 3684 heiulanteque
600 3604 726 3666 muliere
759 3611 859 3666 truces
889 3597 997 3666 mariti
1020 3602 1165 3684 fortunus
1192 3602 1372 3682 proditionis

182 3709 328 3774 mortui
355 3705 550 3787 conpulsores
573 3707 604 3768 iu
626 3705 869 3770 misericordiam
888 3705 967 3788 acor·
988 3713 1144 3768 mutauere
1166 3706 1324 3768 consitium
1346 3712 1377 3766 et

183 3832 236 3895 spe
262 3799 413 3893 potiorum
441 3810 533 3872 erecti
553 3812 677 3873 recretis
699 3810 863 3890 mroloquiis
885 3810 1071 3872 ordinarunt
1092 3807 1170 3872 bora
1188 3810 1374 3889 praestituto

185 3922 336 3980 nocuerim
357 3913 486 3976 reclusis
507 3911 604 3978 subito
623 3913 722 3994 portis
737 3913 874 3976 ualidam
889 3931 1014 3975 manum
1028 3929 1186 3994 enunpere
1201 3911 1374 3992 nullumque

184 4018 290 4084 bostile
311 4014 453 4080 caedibus
476 4016 605 4100 capeat
625 4017 802 4098 repentinis,
826 4023 861 4078 ut
882 4015 997 4080 luteum
1011 4015 1043 4078 iri
1058 4021 1234 4098 temptantes
1246 4016 1376 4096 polliciti

183 4142 217 4188 se
239 4139 427 4186 ruosuruos.
467 4121 621 4202 scriptum
644 4129 712 4182 erut
731 4119 919 4202 prodituros,
945 4118 1030 4200 quod
1051 4117 1285 4200 repudiandum
1302 4137 1373 4182 csse

185 4237 218 4292 et
238 4224 373 4288 obscura
394 4231 491 4303 utque
515 4223 623 4304 iuoptu
645 4225 802 4286 sententio
825 4233 857 4285 ot
879 4231 943 4286 tota
966 4223 1105 4286 narratio
1127 4222 1203 4284 sutis
1226 4220 1327 4284 docet.

271 4325 364 4390 Libro
386 4343 476 4388 mm
502 4331 512 4388 l
536 4327 576 4390 57
599 4325 771 4390 scribimus
792 4346 828 4388 vr
844 4345 920 4390 runs
933 4325 992 4390 buc
1004 4326 1151 4408 {lominus
1164 4332 1369 4406 reuertamur,

183 4430 427 4499 irurbauaruos
448 4450 554 4496 rerum
575 4437 683 4508 status,
708 4437 743 4494 ut
763 4432 807 4494 ita
828 4430 974 4509 (limeum,
997 4429 1068 4514 fui,
1094 4436 1126 4493 ot
1146 4429 1374 4498 Volerotim'oous
