3184 5108
322 363 396 434 288
619 378 707 438 lsnrx
730 396 895 441 inorrorvrr
918 397 1095 442 lrsrrvmrn
1112 379 1206 440 ⁴865.

322 565 453 647 quidem
475 575 668 647 spectatores
691 566 875 648 intellegere
898 577 1071 648 potuerunt
1094 568 1163 630 istis
1185 569 1329 631 numeris
1344 577 1498 647 constare;

322 688 379 732 nos
401 680 509 732 autem
531 669 744 749 intellegimus
766 681 798 733 et
820 668 928 751 digitis
950 681 1169 752 conputamus.
1217 689 1310 752 porro
1333 670 1418 752 quod
1432 673 1501 734 clim

323 771 399 836 lalso
414 771 606 835 credebatur
626 789 772 852 magnam
791 771 889 862 iqisse
904 773 1015 836 Graeci
1037 775 1193 836 sermonis
1216 772 1394 836 libertatem
1417 776 1503 836 miri-

323 877 380 938 fice
407 878 515 939 nocuit
550 875 689 938 libertati
725 877 993 939 coniecturarum:
1027 895 1113 940 nunc
1148 879 1358 958 sapientiores
1389 879 1499 955 sciunt,

322 980 424 1060 siquis
453 989 545 1060 poeta
566 979 618 1041 vel
640 981 775 1060 scriptor
803 978 853 1040 bis
874 980 981 1060 aliquo
1003 979 1094 1042 modo
1124 980 1247 1042 locutus
1268 981 1320 1058 sit,
1351 980 1421 1043 fieri
1450 1000 1503 1042 ne-

323 1101 385 1162 que
408 1080 559 1145 debuisse
589 1100 695 1163 neque
724 1083 864 1162 potuisse
894 1083 972 1163 quin
995 1082 1106 1145 eodem
1136 1082 1231 1164 plane
1261 1081 1352 1145 modo
1379 1084 1503 1145 tertium

323 1186 417 1248 etiam
441 1194 473 1248 et
493 1194 642 1266 quartum
670 1185 866 1266 loqueretur.
912 1194 1000 1266 patet
1020 1195 1125 1248 autem
1147 1196 1298 1267 quantam
1322 1184 1398 1248 inde
1420 1205 1504 1266 spem

323 1287 426 1352 laudis
441 1307 537 1370 opera
559 1307 622 1350 non
645 1289 740 1350 nimis
755 1286 876 1350 difficili
899 1287 1122 1370 adipiscendae
1144 1289 1281 1350 artifices
1302 1289 1405 1350 critici
1427 1291 1505 1350 acci-

323 1393 422 1473 piant.
475 1402 570 1472 atque
600 1392 662 1454 iam
695 1390 841 1472 perducti
870 1410 980 1454 sumus
1009 1391 1154 1473 diligenti
1184 1391 1236 1454 illa
1265 1389 1442 1453 subtilitate
1467 1391 1503 1452 ad

300 1505 441 1556 scertam
465 1495 650 1575 firmamque
671 1494 724 1556 vel
747 1483 948 1558 minu¹tarum
972 1515 1079 1558 rerum
1107 1496 1283 1556 scientiam.
1329 1495 1430 1558 veluti
1453 1514 1505 1556 ex-

322 1597 479 1678 ploratum
512 1596 667 1660 hahemus
704 1607 780 1678 quot
814 1597 946 1680 syllabis
980 1600 1125 1679 personis
1160 1599 1289 1678 tragicis
1325 1595 1504 1660 eiulandum
1590 1611 1591 1632 ¹

322 1699 420 1763 fuerit
442 1718 548 1780 neque
576 1702 715 1781 patimur
737 1703 894 1764 Electram
916 1701 1079 1782 Sophoclis
1108 1701 1165 1762 hos
1193 1710 1325 1781 questus
1352 1700 1502 1780 prolerre,

324 1799 360 1864 ἰώ
384 1799 433 1887 poi
456 1826 507 1886 μοι
529 1796 687 1887 δύστηνος,
711 1803 780 1882 sed,
805 1822 846 1866 ue
866 1813 973 1866 contra
994 1803 1174 1884 tragoediae
1198 1805 1299 1884 legem
1323 1805 1503 1880 committat,

323 1906 467 1969 delemus
490 1904 601 1968 infelix
623 1906 704 1969 illud
726 1901 867 1990 δύστηνος
889 1907 1103 1988 gemitumque
1127 1907 1218 1969 iustis
1240 1904 1358 1969 linibus
1373 1907 1505 1968 circum-

323 2008 504 2088 scribimus,
536 2028 615 2090 quos
637 2010 720 2072 ultra
749 2011 893 2090 citraque
920 2011 1032 2090 nequit
1061 2010 1234 2072 consistere
1261 2019 1396 2071 rectum.
1443 2029 1504 2071 om-

323 2114 398 2175 nino
427 2121 531 2175 autern
561 2131 632 2174 cum
661 2112 735 2174 olim
764 2111 897 2176 studiosi
931 2112 1075 2175 homines
1103 2112 1267 2175 discerent
1294 2111 1505 2174 tantummodo

323 2217 513 2296 tragicorum
535 2216 726 2278 Graecorum
756 2235 947 2296 sermonem,
980 2235 1066 2278 nunc
1088 2216 1187 2277 nostri
1215 2214 1331 2278 saeculi
1354 2217 1505 2296 sapientia

324 2339 361 2382 eo
382 2319 530 2400 pervenit
558 2327 593 2380 ut
615 2318 725 2381 doceat
754 2334 815 2400 quo
838 2317 965 2381 dicendi
989 2336 1107 2399 genere
1138 2318 1201 2379 illis
1222 2316 1377 2380 utendum
1401 2317 1503 2395 luerit,

324 2433 355 2484 ot
383 2420 490 2502 siquid
519 2423 626 2483 minus
654 2423 758 2503 placet
785 2432 840 2485 aut
868 2431 1014 2484 anostro
1043 2441 1140 2484 sensu
1169 2420 1336 2500 abhorret,
1369 2431 1506 2484 mutatur

323 2524 402 2587 illud
424 2535 478 2586 aut
500 2542 630 2605 prorsus
646 2537 836 2587 removetur.
875 2525 974 2587 veluti
997 2543 1059 2586 non
1082 2525 1174 2604 longe
1197 2522 1238 2584 ab
1260 2524 1350 2585 initio
1367 2524 1506 2586 Electrae

322 2629 374 2691 hic
404 2628 519 2708 legitur
540 2628 727 2708 versiculus,
758 2623 825 2713 πρὶν
853 2617 905 2691 οὖν
926 2621 983 2691 τιν’
1009 2621 1127 2712 ἀνδρῶν
1155 2625 1353 2710 ἐξοδοιπορεῖν
1383 2625 1503 2710 στέγης,

322 2749 428 2812 neque
457 2731 625 2810 quisquam
655 2731 729 2792 olim
761 2732 793 2792 in
820 2750 857 2792 eo
880 2731 997 2793 haesit‘.
1029 2729 1201 2792 videbatur
1229 2732 1315 2792 enim
1337 2731 1506 2810 Sophocles

322 2853 408 2897 more
432 2844 463 2896 et
484 2832 546 2896 sibi
576 2843 608 2895 et
636 2834 751 2896 ceteris
773 2835 902 2915 tragicis
924 2843 1074 2896 consueto
1096 2832 1267 2895 orationem
1290 2831 1391 2894 verbo
1421 2834 1505 2896 lucu-

321 2936 455 2999 lentiore
485 2945 580 3017 atque
603 2937 754 3017 ampliore
777 2937 951 2998 creavisse.
998 2937 1092 3000 hodie
1119 2945 1225 2999 autem
1253 2936 1432 2999 subtilioris
1461 2937 1504 2996 iu-

322 3039 397 3102 dicii
420 3039 512 3101 homo
534 3049 629 3118 negat
650 3040 836 3121 Sophoclem
859 3038 967 3102 dicere
989 3041 1128 3121 potuisse
1150 3037 1361 3124 ἐξοδοιπορεῖν,
1388 3041 1502 3120 quippe

321 3141 406 3223 quod
429 3143 573 3222 ineptum
596 3143 637 3204 sit
659 3153 712 3205 aut
734 3152 820 3204 certe
843 3143 939 3205 nimis
959 3145 1149 3223 quaesitum.
1196 3140 1275 3223 quid
1297 3143 1420 3204 multa?
1451 3141 1504 3202 de-

321 3243 451 3308 lendum
474 3255 581 3306 censet
603 3247 697 3308 istum
713 3246 906 3308 versiculum
929 3255 962 3308 et
983 3245 1068 3326 quod
1090 3247 1236 3326 sequitur
1258 3237 1433 3316 ξυνάπτετον
1455 3239 1503 3306 λό-

320 3369 428 3430 γοισιν,
459 3357 495 3410 οι
516 3349 613 3410 oratio
636 3349 810 3428 cohaereat,
843 3348 1030 3411 mutandum
1054 3350 1087 3409 in
1109 3342 1262 3418 ξονάπτετ’
1287 3339 1338 3412 οὖν
1363 3342 1501 3432 λόγοισιν.

321 3459 385 3511 tam
407 3450 522 3532 pusillo
552 3453 686 3530 negotio,
718 3453 818 3532 siquis
847 3470 959 3533 sapere
988 3450 1095 3530 audet,
1126 3452 1289 3531 praeclara
1312 3449 1499 3516 efficiuntur,

321 3563 416 3616 erunt
445 3552 576 3616 fortasse
606 3555 660 3635 qui
683 3573 812 3617 versum
842 3555 930 3618 illum
952 3555 1047 3636 plane
1069 3555 1285 3617 necessarium
1308 3573 1379 3616 esse
1402 3553 1502 3616 dicant

320 3665 498 3738 putentque
528 3657 587 3720 hcc
616 3659 720 3738 ipsum
747 3658 899 3739 postulari
927 3668 963 3720 ut
991 3656 1126 3736 dicatur,
1165 3656 1408 3720 consultandum
1438 3675 1501 3718 esse

320 3761 506 3842 priusquam
536 3760 651 3840 aliquis
682 3759 804 3823 arbiter
829 3762 993 3842 conloquio
1021 3759 1167 3838 accedat,
1205 3761 1315 3840 quales
1342 3771 1501 3841 postquam

319 3862 437 3925 inluxit
465 3882 482 3924 e
506 3864 593 3943 regia
623 3863 714 3926 domo
742 3864 923 3944 prodituros
953 3882 1022 3926 esse
1052 3861 1206 3925 credibile
1232 3864 1284 3942 sit,
1315 3882 1422 3944 neque
1450 3882 1501 3944 po·

320 3967 419 4030 tuisse
449 3976 585 4048 poetam,
619 3966 773 4028 Graecum
795 3968 914 4030 scilicet
936 3975 967 4028 et
989 3967 1180 4044 scaenicum,
1205 3968 1408 4047 praecipuam
1432 3985 1501 4028 seu·

319 4071 450 4132 tentiam
473 4071 629 4132 omittere.
677 4087 732 4131 uos
755 4087 830 4130 vero
859 4080 920 4130 tam
947 4069 1056 4131 tristes
1085 4070 1256 4130 monitores
1278 4070 1384 4132 valere
1414 4067 1500 4132 iuhe-

320 4169 437 4235 bimus.
484 4171 597 4253 quodsi
620 4181 746 4234 veteres
767 4172 853 4232 avias
875 4171 936 4233 sibi
960 4171 1000 4234 de
1030 4173 1180 4254 pulmone
1203 4173 1405 4235 revellissent
1426 4172 1501 4233 luci·

320 4294 383 4356 que
413 4293 495 4355 quae
525 4276 574 4337 his
603 4275 720 4337 litteris
746 4273 876 4336 adfulsit
905 4274 1142 4355 adsuevissent,
1176 4275 1396 4356 intellegerent
1426 4273 1498 4336 nihii

321 4379 353 4440 in
376 4380 577 4459 antiquarum
599 4379 776 4440 litterarum
800 4375 914 4440 studiis
937 4378 1037 4457 magis
1057 4377 1302 4443 consectandum
1318 4396 1387 4440 esse
1410 4393 1496 4458 quam

319 4491 356 4544 ut
377 4491 530 4560 quantum
554 4481 623 4543 lieri
646 4481 744 4561 possit
766 4481 901 4561 plurima
917 4480 1095 4543 deleantur.
1143 4482 1251 4561 itaque
1272 4479 1312 4542 ad
1335 4481 1416 4542 hanc
1437 4497 1496 4540 rem
