3240 5094
406 1227 583 1328 INDEX
614 1227 936 1328 neutrorum
967 1227 1338 1330 Ansttvnnvn
1372 1239 1482 1331 1871.

356 1485 497 1596 Irenaei
527 1532 740 1612 grammatici,
772 1533 829 1613 qui
859 1531 953 1594 etiam
977 1533 1107 1594 Pacatus
1134 1530 1319 1612 dicebatur,
1352 1533 1457 1597 Suidas
1481 1541 1521 1594 ter

358 1637 551 1699 mentionem
574 1634 660 1696 iecit.
706 1653 781 1696 nam
810 1636 842 1696 in
865 1635 955 1697 initio
977 1635 1082 1696 Lexici
1106 1635 1190 1698 inter
1212 1655 1264 1698 eos
1286 1656 1327 1700 ex
1349 1655 1473 1718 quorum
1490 1636 1522 1696 ii-

357 1739 425 1802 bris
448 1757 527 1820 opus
549 1736 727 1800 coniectum
742 1739 784 1798 sit
798 1748 991 1800 memoratur
1007 1734 1147 1810 Πακᾶτος
1161 1733 1227 1822 περί
1242 1737 1403 1823 συνηθείας
1413 1733 1521 1820 Ἀττικῆς

356 1836 434 1906 κατὰ
449 1841 609 1926 στοιχεῖον.
649 1839 768 1903 deinde
791 1841 824 1902 in
842 1849 876 1920 ¹e't
897 1841 976 1902 haec
991 1841 1158 1922 leguntur,
1182 1835 1346 1926 Εἰρηναῖος
1367 1837 1384 1907 ‘o
1405 1837 1451 1906 καί
1465 1837 1522 1904 [ία-

326 1917 333 1944 ’
356 1947 446 2016 κᾶτος
461 1939 585 2028 κληθείς
599 1937 806 2028 τῇῬωμαίων
823 1941 972 2029 διαλέκτῳ
978 1991 989 2020 ,
1014 1938 1152 2027 μαθητὴς
1160 1937 1351 2030 Ἡλιοδώρου
1364 1947 1416 2010 τοῦ
1437 1967 1523 2029 μετρι-

357 2050 430 2125 aod,
461 2040 667 2132 γραμματικὸς
690 2040 911 2132 Ἀλεξανδρεύς.
963 2043 1032 2131 περί
1064 2050 1117 2131 τῆς
1142 2041 1311 2132 Ἀθηναίων
1343 2045 1521 2134 πρσπομτίσς.

356 2145 424 2237 περί
450 2153 503 2235 τῆς
521 2144 736 2235 Ἀλεξανδρέων
761 2148 934 2227 διαλέκτου,
967 2141 1014 2212 δτι
1034 2145 1114 2212 ἔστιν
1136 2149 1171 2213 ἐκ
1192 2153 1245 2235 τῆς
1264 2145 1413 2230 Ἀτδίδος,
1441 2147 1524 2236 βιβλία

359 2249 402 2325 ζ’.
446 2247 581 2317 Ἀττικῶν
604 2244 758 2335 ὀνομάτων
782 2250 884 2338 βιβλία
904 2245 949 2338 γ’.
993 2247 1125 2337 Ἀττικῆς
1155 2253 1316 2338 συνηθείας
1342 2258 1396 2339 τῆς
1416 2253 1445 2317 ἐν
1464 2251 1525 2322 λέξει

357 2351 409 2420 καί
430 2353 583 2442 προσῳδίᾳ
605 2350 683 2419 κατὰ
697 2355 844 2440 στοιχεῖον
864 2353 966 2440 βιβλία
979 2349 1025 2441 γ’.
1066 2351 1194 2429 κανόνας
1209 2357 1410 2442 έλληνισμυῦ,
1432 2353 1525 2442 βιβλίον

359 2454 404 2524 α’.
442 2454 518 2544 ,περί
540 2452 713 2542 ἆττικισμυῦ
743 2456 855 2543 βιβλίαν
885 2451 930 2522 α’.
977 2455 1029 2522 καί
1050 2450 1130 2524 ἄλλα
1151 2453 1260 2525 πολλαί.
1308 2461 1446 2542 deniquo
1466 2461 1526 2520 ine

358 2565 437 2626 haec
458 2563 575 2643 scripta
598 2571 690 2639 sunt,
717 2557 857 2634 Πακᾶτυς
880 2555 1075 2633 δΜινοδκιος
1096 2560 1287 2648 χρηματίσας
1304 2561 1358 2628 καί
1373 2560 1525 2649 Εἰρηναῖος,

353 2657 562 2750 Ἀλεξανδρεὺς
589 2661 806 2750 γραμματικός.
852 2660 921 2750 πυρί
948 2667 1002 2749 τῆς
1019 2659 1235 2751 ’Ἀλεξανδρέων
1259 2665 1417 2731 διαλέκτου
1436 2659 1455 2751 ἢ
1473 2659 1526 2747 περὶ

358 2769 539 2853 έλληνισμσῦ
562 2764 662 2852 βιβλία
686 2761 727 2838 ζ’.
767 2764 830 2831 ἔστι
853 2764 886 2830 δέ
908 2762 986 2832 κατὰ
1008 2767 1167 2854 στοιχεῖον.
1213 2766 1281 2855 περί
1296 2765 1428 2854 Ἀττικῆς
1449 2791 1526 2848 συνη-

358 2869 445 2943 δσίας
466 2873 520 2954 τῆς
542 2869 574 2934 έν
597 2869 676 2941 λέξει
697 2867 749 2934 καί
770 2867 926 2956 προσιρδίηι
948 2869 1050 2956 βιβλία
1070 2865 1116 2955 γ’.
1156 2869 1219 2936 ἔστι
1242 2871 1276 2936 δὲ
1294 2868 1374 2938 κατὰ
1388 2871 1526 2958 στοιχεῖον.

356 2970 425 3060 περί
448 2970 625 3066 ἰδιωμάτων
647 2975 699 3057 τῆς
723 2968 854 3056 Ἀττικῆς
882 2970 934 3037 καί
955 2977 1008 3058 τῆς
1031 2973 1164 3061 Δωρίδος
1187 2975 1357 3041 διαλέκτου.
1403 2971 1465 3060 ττρί
1484 2969 1527 3036 dr-

356 3078 523 3160 τικισμσῦ.-
551 3071 603 3140 καί
624 3067 704 3140 ἄλλα
724 3069 833 3141 πολλοί.

445 3179 535 3254 Quod
559 3181 687 3243 Pacatus
716 3178 939 3243 nominabatur
961 3181 1112 3245 irenaeus
1141 3201 1204 3245 non
1226 3181 1358 3245 videtur
1378 3183 1466 3244 aliter
1485 3199 1529 3242 ex-

358 3283 540 3366 plicandum
571 3302 641 3345 esse
671 3301 765 3363 quam
799 3293 835 3345 ut
862 3281 1004 3346 dicamus
1033 3293 1200 3366 postquam
1228 3287 1404 3348 Romanum
1432 3301 1529 3346 nomen

358 3387 485 3450 Minucii
515 3387 637 3467 accepit
664 3385 810 3449 additum
840 3405 910 3449 esse
937 3387 967 3448 ei
991 3388 1110 3448 nomini
1133 3406 1306 3468 cognomen
1330 3387 1415 3469 quod
1437 3387 1529 3448 Graeci

358 3491 495 3553 nominis
518 3488 641 3551 irenaei
672 3489 934 3569 significationem
958 3488 1106 3552 referret.
1153 3491 1230 3552 satis
1252 3489 1287 3552 id
1308 3501 1455 3571 putamus
1475 3507 1530 3552 esse

358 3591 579 3656 memorabile:
602 3602 687 3654 corte
703 3591 844 3655 nondum
861 3593 1041 3654 invenimus
1057 3591 1143 3674 quod
1157 3593 1252 3674 plane
1268 3594 1418 3657 similiter
1432 3592 1530 3654 iactum

359 3715 430 3758 esse
450 3693 630 3758 videretur.
676 3695 844 3757 attendant
866 3695 964 3776 igitur
986 3694 1025 3758 ad
1048 3695 1131 3758 hanc
1153 3715 1221 3758 rem
1244 3696 1390 3759 homines
1411 3695 1531 3775 diligen-

357 3799 473 3860 tissimi
496 3799 552 3878 qui
574 3799 607 3860 in
631 3798 875 3880 inscriptionum
896 3799 1100 3879 antiquarum
1122 3799 1222 3880 copiis
1243 3797 1360 3862 cotidie
1383 3807 1533 3862 versantur

359 3901 546 3982 ingentique
569 3901 626 3963 sed
649 3901 815 3963 utilissimo
837 3899 945 3962 labore
960 3901 1059 3962 multe
1074 3902 1237 3965 nominum
1261 3902 1349 3964 milia
1370 3907 1530 3964 recensent.

446 4006 513 4079 Quo
535 4015 677 4086 tempore
701 4004 851 4066 Irenaeus
874 4004 991 4065 vixerit
1013 4005 1133 4066 nullam
1163 4003 1295 4067 haberet
1317 4003 1531 4068 dubitationem

359 4107 387 4170 si
410 4117 496 4170 corto
519 4117 675 4170 constaret
704 4105 744 4168 de
773 4117 876 4170 aetate
899 4099 1065 4169 Heliodori¹
1089 4107 1229 4188 metrici,
1262 4109 1355 4170 cuius
1377 4108 1431 4171 ille
1451 4105 1532 4168 disci·

359 4212 455 4292 puius
478 4210 553 4273 fuit:
580 4227 772 4291 quamquam
795 4208 887 4272 nobis
909 4208 1042 4290 quidem
1063 4210 1105 4273 de
1124 4209 1284 4272 Heliodori
1308 4219 1412 4274 aetate
1432 4205 1532 4291 proba·

360 4313 470 4376 biliter
483 4311 612 4376 videtur
627 4311 805 4393 disputasse
821 4313 976 4374 Henrious
992 4314 1113 4376 Keilius
1128 4314 1161 4375 in
1177 4314 1424 4387 Quaestionibus
1444 4329 1532 4393 gram-

361 4417 484 4478 maticis
512 4434 592 4497 ques
620 4417 744 4497 Lipsiae
773 4433 855 4476 enno
884 4433 1020 4478 nncccnx
1048 4414 1160 4478 edidit.
1214 4435 1322 4498 neque
1352 4419 1456 4499 inepta
1481 4421 1529 4485 est

360 4537 553 4600 quamquam
569 4519 667 4580 certis
680 4519 878 4598 argumentis
893 4537 955 4580 non
970 4529 1075 4600 potest
1090 4519 1287 4599 confirmari,
1314 4539 1423 4584 eorum
1442 4515 1532 4598 opinio
