3204 5104
397 379 486 440 lnonx
508 397 673 440 inermum
696 399 875 442 arsrrvxnvx
901 381 994 441 ⁴866.
1217 367 1291 440 325

112 563 320 626 delationibus
342 569 515 630 menstruis
530 566 719 630 Academiae
735 569 950 630 Berolinensis
972 589 1001 631 a.
1020 588 1156 632 unoeem
1176 591 1208 651 p.
1229 569 1290 632 427

116 666 146 747 [0-
160 679 177 722 1.
191 680 214 720 t·
229 681 260 722 ΙΙ.
273 669 397 752 587i.])
418 670 498 731 unde
514 679 545 731 et
561 672 752 733 vicensumus
768 681 884 752 puncto
899 683 1100 752 separantur.
1136 682 1172 734 ut
1186 683 1290 735 autem

113 769 141 829 in
156 771 291 832 Senecae
314 771 407 834 libris
429 775 636 836 instrumentis
659 774 702 834 ita
724 775 871 837 similiter
893 775 978 856 apud
1001 777 1123 838 Livium
1138 795 1198 836 xxn
1215 777 1288 837 484

113 872 141 932 iu
163 871 242 934 libro
264 875 394 937 Puteani
421 878 534 938 istrutu
555 877 708 956 seriptum
732 886 790 938 est.
838 879 871 938 in
899 877 981 940 libro
1011 878 1051 940 de
1074 877 1239 940 benefieiis
1261 897 1290 938 ιν

113 975 143 1034 lt
163 977 181 1036 3
199 976 366 1040 ridiculum
390 988 437 1040 est
453 980 537 1059 quod
553 998 658 1060 nuper
673 981 873 1060 repetierunt
896 983 992 1063 ipnoto
1014 980 1167 1064 nuusrupo
1182 1000 1292 1043 novem

111 1095 167 1158 quo
188 1080 350 1142 revehatur
372 1089 401 1143 et
422 1082 530 1144 dumus
554 1090 582 1144 et
602 1085 766 1145 struimus:
791 1084 864 1144 olim
888 1084 1084 1146 intellectum
1108 1095 1155 1147 est
1177 1103 1293 1146 neees-

110 1183 186 1242 sario
215 1182 421 1246 scribendum
450 1203 520 1246 esse
550 1187 743 1247 instruimus.
790 1185 876 1248 haud
900 1205 970 1248 rara
994 1197 1041 1249 est
1063 1188 1122 1250 ista
1145 1187 1292 1250 struendi

110 1285 349 1367 instruendique
371 1286 543 1350 verborum
571 1286 729 1367 eonmsio,
761 1290 851 1351 euius
881 1307 1006 1350 causam
1030 1309 1092 1351 non
1115 1291 1192 1352 satis
1214 1309 1292 1372 per-

109 1389 247 1466 spexisse
274 1389 404 1452 videtur
425 1391 601 1470 Madvigius
623 1391 757 1452 Emend.
784 1393 849 1452 niv.
875 1412 908 1472 p.
934 1391 1012 1472 274,
1044 1411 1234 1473 quamquam
1258 1394 1291 1455 in

110 1491 184 1552 Livii
206 1491 316 1554 verbis
339 1491 379 1555 de
402 1491 520 1574 quibus
543 1493 588 1554 ibi
611 1492 752 1575 disputat
774 1495 966 1573 rectissimo,
997 1505 1033 1556 ut
1055 1495 1148 1574 solet,
1174 1495 1291 1558 iudicio

108 1595 215 1656 utitur.
262 1596 294 1657 in
318 1595 400 1658 libro
423 1597 618 1659 Naturalium
645 1599 866 1677 quaestionum
887 1617 899 1659 1
922 1599 940 1658 5
963 1599 982 1659 3
1015 1617 1125 1660 verum
1148 1617 1211 1660 non
1233 1617 1291 1678 po-

107 1707 166 1758 test
180 1717 250 1760 esse
274 1697 360 1778 quod
376 1699 528 1779 legimus,
553 1702 607 1780 qui
626 1702 770 1762 montium
793 1719 913 1762 summu
934 1701 1137 1763 conscendunt
1157 1708 1293 1782 spectent

108 1799 211 1862 nubem
243 1819 297 1864 nec
331 1809 430 1864 tumen
464 1804 624 1884 imupinem
657 1805 690 1864 in
723 1802 779 1864 itta
808 1821 896 1864 suum
926 1803 1115 1883 adspiciunt:
1151 1822 1225 1864 nam
1257 1814 1293 1865 ut

107 1914 284 1983 spectemus
298 1903 418 1966 nubem
433 1923 496 1966 non
512 1923 590 1985 opus
606 1914 653 1967 est
675 1915 710 1967 ut
733 1925 871 1967 summos
891 1915 1012 1992 montes
1028 1905 1288 1969 conscendamus.

107 2005 232 2068 videtur
247 2008 368 2070 Seneca
391 2008 557 2088 scripsisse
581 2025 775 2086 merneram,
802 2006 906 2070 idest
929 2010 1169 2090 introspiciunt,
1195 2028 1289 2090 quem
1346 2059 1347 2062 ,

106 2108 293 2172 admodum
316 2111 466 2190 inspicere
488 2129 551 2171 non
574 2129 747 2191 numquam
770 2111 904 2190 dicitur,
930 2112 1029 2173 veluti
1053 2113 1086 2172 in
1103 2114 1291 2174 Terentiano

106 2212 156 2274 illo
177 2216 326 2294 inspicere
349 2220 502 2293 tamquam
524 2215 556 2274 in
578 2213 732 2293 specuium
754 2215 787 2274 in
809 2216 889 2275 vitus
911 2215 1054 2276 omnium.

188 2318 225 2377 ln
248 2316 382 2398 epistula
407 2318 446 2378 lo
470 2317 488 2378 2
510 2317 630 2378 Seneca
652 2327 819 2396 postquam
842 2315 923 2378 dixit
946 2317 1124 2398 philosophi
1147 2337 1291 2398 pronun-

105 2419 264 2480 tiationem
281 2437 407 2500 quoque
424 2420 506 2481 sicut
521 2419 618 2480 vitam
634 2418 753 2481 debere
769 2437 839 2481 esse
856 2422 1061 2499 conpositam,
1089 2421 1169 2481 nihil
1185 2429 1292 2482 autem

106 2521 284 2584 ordinatum
314 2541 383 2584 esse
415 2521 499 2602 quod
528 2523 757 2602 praecipitetur
780 2531 812 2582 et
834 2533 1002 2602 properet,
1036 2525 1079 2584 ita
1108 2524 1230 2604 pergit,
1263 2526 1290 2585 si

107 2624 196 2687 libris
218 2625 398 2703 credimus,
424 2627 523 2705 itaque
545 2627 642 2687 oratio
664 2625 720 2686 illu
741 2625 825 2706 opud
838 2627 1002 2687 Homerum
1018 2630 1166 2688 concitato
1180 2634 1208 2687 et
1225 2628 1290 2689 sine

104 2729 324 2790 intermissione
347 2729 378 2788 in
400 2745 514 2788 omrem
534 2730 616 2789 niuis
638 2730 856 2808 superveniens
879 2731 997 2790 oratori
1016 2729 1091 2790 doto
1119 2737 1181 2806 est,
1214 2730 1291 2792 tenir

105 2839 132 2892 et
158 2831 246 2893 melle
273 2830 392 2892 dulcior
419 2831 486 2891 seni
510 2830 646 2910 profluit.
698 2832 861 2892 notissima
891 2841 965 2893 sunt
988 2833 1150 2893 Homerica
1174 2832 1227 2892 illa
1250 2831 1291 2893 de

105 2935 209 3012 Vlixe,
236 2927 302 2996 ἀλλ’
329 2925 379 2995 ‘o're
402 2927 440 3015 δὴ
463 2923 523 2994 ὄπα
545 2955 577 2996 τε
601 2930 734 3016 μεγάλην
757 2934 791 2995 ἐκ
809 2928 936 3017 στήθεος
958 2930 998 2996 ἵει
1014 2929 1076 2996 Καὶ
1099 2931 1173 2996 ἔπεα
1196 2927 1290 3018 νιφά-

107 3037 186 3100 δεσσι
209 3029 329 3099 ἐοικότα
350 3033 552 3120 χειμερίῃσιν,
578 3030 642 3098 Οὐκ
664 3029 700 3098 ἂν
722 3031 814 3098 ἔπειτ’
833 3032 956 3120 'Oderit
977 3031 1004 3120 γ’
1029 3033 1171 3120 ἑρίυυειεν
1188 3030 1290 3122 βρὸτυς

105 3132 194 3212 ἄλλος
202 3189 211 3217 ,
237 3143 313 3202 item
337 3140 377 3202 de
393 3141 539 3218 Nestore,
564 3139 640 3201 τοῖσι
663 3136 696 3200 δὲ
713 3135 836 3223 Νέστωρ
846 3134 998 3223 Ἡδυεπὴς
1021 3133 1182 3223 ἀνόρουσε,
1208 3135 1290 3222 λιγὺς

106 3241 224 3308 Πυλίων
248 3238 415 3328 ἀγορητής,
441 3239 501 3304 Tou
516 3236 567 3304 nul
589 3235 647 3304 ἀπὸ
670 3235 809 3324 γλώσσης
825 3241 941 3324 μέλιτος
956 3240 1085 3324 γλυκίων
1109 3241 1173 3326 ῥέεν
1197 3236 1287 3325 αὐδή.

105 3347 158 3408 sed
188 3365 295 3426 neque
317 3347 424 3406 Vlixes
453 3345 585 3406 oratoris
613 3345 740 3406 nomine
770 3344 812 3406 ab
837 3346 924 3424 aliis,
957 3345 1075 3408 nedum
1105 3365 1122 3407 a
1146 3347 1287 3424 Nestore,

103 3452 178 3512 satis
202 3459 288 3510 recte
310 3448 518 3528 distinguitur
533 3466 637 3527 neque
654 3448 767 3509 oratori
783 3466 883 3509 senex
898 3449 1012 3528 opponi
1028 3457 1142 3528 potest.
1183 3449 1291 3528 itaque

105 3563 171 3632 post
194 3553 412 3632 superueniens
434 3551 488 3610 vix
511 3549 724 3612 dubitandum
755 3561 802 3611 est
831 3551 908 3630 quin
933 3551 1087 3612 exciderit
1110 3569 1173 3612 non
1195 3551 1291 3612 dissi-

104 3656 177 3717 mile
199 3655 320 3734 aliquot
342 3653 411 3715 eius
433 3653 549 3714 litteris
571 3652 758 3740 uocabulum
782 3663 812 3714 et
835 3653 877 3714 ite
894 3653 962 3714 lere
977 3654 1141 3734 scripserit
1156 3655 1287 3732 Seneca,

104 3759 202 3838 itaque
225 3758 321 3818 oratio
347 3791 392 3801 -
420 3757 453 3816 in
476 3773 588 3816 morem
611 3757 692 3817 nivis
719 3759 936 3836 superveniens
960 3775 1057 3817 rreum
1079 3759 1196 3818 oratori
1217 3755 1290 3818 dato

104 3869 162 3940 est,
189 3862 266 3923 lenis
289 3867 317 3920 et
338 3859 423 3920 melle
445 3859 564 3920 dulcior
586 3861 653 3921 seni
670 3859 806 3940 profluit.
847 3869 876 3920 et
893 3861 998 3921 iuueni
1016 3859 1144 3939 quidem
1168 3867 1289 3919 eertum

103 3973 251 4043 putamus
274 3961 447 4036 excidisse,
473 3960 553 4024 illud
575 3971 680 4024 autem
705 3961 856 4024 dirimere
879 3981 942 4023 non
965 3981 1149 4043 possumus,
1175 3964 1293 4022 oratori

103 4077 208 4128 utrum
233 4066 353 4126 Seneca
376 4063 537 4126 addiderit
568 4066 636 4144 ipse
658 4084 698 4125 an
720 4065 801 4126 alius
827 4075 992 4145 postquam
1017 4065 1120 4126 iuveni
1139 4064 1290 4124 omissum

104 4179 171 4230 erat
194 4168 367 4230 orationem
391 4168 443 4228 illo
465 4165 617 4229 vocabulo
640 4187 703 4228 non
734 4177 819 4228 recte
842 4167 1030 4246 expleverit.
1078 4165 1162 4246 quod
1184 4176 1289 4228 autem

104 4275 207 4333 iuveni
227 4279 299 4351 post
321 4273 537 4350 superveniens
559 4280 691 4350 propter
713 4271 890 4332 litterarum
907 4269 1027 4349 aliquot
1049 4268 1290 4331 similitudinem

103 4373 259 4436 excidisse
275 4375 484 4454 sumpsimus,
509 4375 661 4435 nimimm
685 4373 769 4436 haud
791 4393 890 4454 pauca
907 4373 1016 4434 eodem
1033 4373 1151 4434 erroris
1172 4389 1291 4452 genere

101 4475 226 4540 detecto
257 4475 421 4538 emendari
449 4486 592 4557 possunt.
639 4495 735 4557 supra
766 4475 929 4539 docuimus
952 4477 985 4537 in
1009 4474 1130 4555 dialogo
1153 4493 1183 4535 ιν
1208 4475 1240 4534 lt
1272 4475 1290 4534 l
