3240 5094
395 839 570 942 INDEX
601 839 920 940 LEGTIONVM
951 839 1320 940 Htsssuuasvm
1358 843 1477 938 1874.

546 1158 953 1238 VNIVERSITATIS
973 1159 1332 1236 'LITTERARIAE

722 1304 1161 1364 mmmmmmmamam

544 1405 547 1412 ’
661 1415 862 1501 ateste
888 1429 932 1488 us
959 1415 1214 1500 SENATVS.

346 1565 447 1670 Eius
477 1610 539 1670 viri
549 1655 557 1685 ,
589 1611 641 1690 qui
665 1628 723 1690 per
745 1613 904 1673 semestria
925 1629 1020 1674 ursstm
1042 1617 1069 1672 et
1091 1608 1299 1691 quadraginta
1319 1608 1455 1670 somam
1473 1605 1522 1666 tao
1562 1615 1571 1630 ¹

345 1713 499 1774 occasione
520 1712 693 1776 scholarum
716 1715 870 1777 semestris
890 1713 994 1795 tutari·
1015 1712 1252 1792 iudicandarum
1275 1715 1317 1774 ito
1336 1709 1458 1792 functus
1472 1716 1519 1780 est,

346 1822 379 1876 ut
407 1833 500 1897 neque
522 1816 584 1877 ulto
614 1824 744 1897 tempore
768 1818 841 1899 fidei
861 1818 951 1880 datae
972 1817 1088 1879 deesset
1108 1823 1136 1878 et
1154 1813 1383 1897 protna'oatoas
1404 1815 1465 1876 mers
1485 1831 1521 1872 ea

344 1919 440 1980 omnis
469 1920 590 2002 poneris
619 1920 792 1982 litterarum
817 1940 900 2003 peras
929 1929 1083 2002 tamquam
1102 1919 1182 2001 sorte
1200 1919 1328 2001 fortiam
1351 1916 1520 1999 depromptis

299 2089 302 2098 ,
344 2041 412 2084 cosm
441 2020 540 2098 uobm,
574 2023 696 2087 iuvenes
718 2025 890 2100 carissimi,
921 2045 981 2086 aaa
1003 2025 1104 2086 minus
1127 2024 1235 2084 variae
1256 2039 1347 2104 qoam
1371 2027 1522 2083 accuratae

344 2125 522 2188 eruditionis
552 2129 703 2210 eqreqium
734 2130 907 2211 eeemptum
931 2133 1115 2210 proponeret
1145 2134 1208 2188 tum
1235 2125 1295 2189 sibi
1322 2127 1523 2188 dilectissimae

345 2230 554 2292 uniuersitatis
583 2232 790 2294 Beroiiaeasis
819 2251 926 2296 nomen
956 2231 1178 2305 cohonestaret,
1211 2232 1272 2292 iam
1302 2249 1366 2292 oooe
1391 2228 1525 2290 mamus

345 2331 586 2414 desideriumque
605 2334 722 2416 sactum
737 2341 781 2397 est
802 2344 863 2398 tam
878 2335 963 2398 nobis
978 2335 1083 2416 optimi
1096 2333 1225 2416 cotieqae
1239 2351 1329 2414 msam
1345 2332 1429 2394 vobis
1440 2349 1526 2416 prae-

344 2437 426 2499 clari
443 2439 650 2519 praeceptoris
673 2439 819 2502 Mauricii
839 2441 975 2521 Hauptii.
1022 2456 1130 2500 nomen
1152 2425 1246 2516 enim,
1276 2435 1356 2518 quod
1377 2437 1441 2518 ipse
1461 2435 1526 2496 dum

346 2539 470 2601 adviteit
491 2559 655 2622 numquam
671 2544 892 2605 commentariis
909 2543 970 2606 iilis
987 2540 1115 2604 inscribi
1124 2559 1239 2623 passus
1255 2547 1309 2616 est.
1335 2539 1374 2601 ab
1389 2539 1443 2601 iioc
1456 2545 1528 2601 certe

345 2642 450 2705 abesse
479 2662 538 2704 uon
568 2644 668 2721 debet,
701 2653 772 2709 teste
797 2648 919 2728 pariter
947 2653 1036 2729 atque
1057 2645 1178 2726 reliquo
1199 2651 1271 2707 sunt
1292 2644 1403 2706 eaimii
1422 2641 1529 2725 inqenii

345 2745 579 2828 splendidoeque
609 2748 782 2824 doctrinae,
813 2749 867 2812 sed
893 2749 977 2813 testis
1001 2755 1165 2830 praeterea
1187 2747 1300 2809 dolorm
1322 2753 1351 2809 et
1372 2747 1528 2808 amorosii

344 2849 492 2912 desiderii
519 2853 626 2912 nostri.
674 2871 745 2914 uam
774 2854 881 2915 sintii
907 2854 958 2915 asi
983 2849 1026 2915 ex
1055 2857 1158 2914 nostro
1188 2869 1313 2932 corpore
1340 2849 1394 2912 hoc
1425 2867 1525 2910 munus

346 2952 626 3031 mandassemus,
652 2955 799 3038 quidquid
821 2958 847 3019 is
864 2957 1051 3038 protulisset,
1076 2955 1271 3020 nihilomiuus
1286 2961 1383 3016 etuas
1399 2961 1427 3016 et
1443 2972 1492 3014 vos
1505 2959 1528 3012 et

346 3059 522 3139 quicumque
544 3059 585 3119 ad
599 3058 652 3120 isos
668 3059 780 3122 iudices
796 3061 964 3137 attendunt,
983 3061 1215 3142 requisissemus
1230 3059 1360 3138 Hauptii
1377 3057 1526 3120 adsuetam

346 3160 430 3224 nobis
444 3165 692 3224 commentarium
709 3172 736 3225 et
752 3165 863 3226 iustum
878 3163 1011 3225 dotorem
1026 3183 1138 3224 amoro
1152 3160 1321 3224 recordatio
1333 3159 1525 3241 resricuisset.

347 3266 452 3346 ltaque
474 3267 571 3348 maqis
590 3266 709 3347 placuit
731 3267 905 3330 lectionibus
920 3267 1073 3330 semestris
1085 3266 1190 3349 futuri
1202 3264 1397 3346 praemittere
1413 3265 1529 3344 Hmeptii

347 3369 443 3448 ipsius
464 3367 518 3431 troc
540 3370 672 3431 omnium
691 3379 877 3451 postremum
899 3378 927 3434 et
948 3369 1183 3452 quoddammodo
1200 3381 1374 3451 postumum
1388 3387 1528 3430 commem

346 3471 499 3547 tacidum,
525 3472 604 3554 quod
626 3473 791 3556 aliquando
813 3495 834 3535 a
856 3493 888 3536 se
910 3473 1022 3536 eduam
1044 3475 1087 3536 iri
1100 3475 1132 3536 in
1149 3472 1246 3535 iudice
1262 3473 1420 3534 medanum
1435 3471 1526 3534 omr-

346 3591 459 3635 norum
482 3593 512 3636 a.
540 3573 663 3660 tstttt
684 3575 804 3659 [supra
822 3597 856 3658 p.
881 3575 967 3660 tte]
996 3578 1177 3661 siqru‘ficooit
1205 3575 1340 3658 quodque
1367 3575 1526 3639 absolutioni
1609 3623 1610 3634 2

343 3695 440 3757 paene
464 3679 494 3738 in
518 3678 636 3741 scama
658 3681 723 3742 eius
746 3682 899 3742 inventum
922 3689 976 3744 est.
1016 3679 1052 3741 de
1073 3679 1171 3760 tibris,
1197 3679 1340 3762 equidm
1361 3679 1435 3742 haec
1449 3679 1526 3740 editio
1609 3707 1610 3778 j

343 3781 463 3861 pendet,
489 3784 601 3863 scripto
626 3784 803 3860 Parisiensi,
828 3785 882 3866 qui
902 3791 946 3847 est
962 3786 1099 3847 Graecia
1121 3803 1152 3845 a.
1170 3785 1257 3846 3049
1279 3791 1433 3846 emoratus
1454 3801 1523 3845 saec.
1609 3803 1610 3810 ¹

345 3885 417 3945 XVI
428 3885 461 3946 iu
476 3886 570 3948 Italia
584 3884 711 3970 [mamm
736 3894 769 3948 ut
790 3887 967 3951 Wesciterus
983 3895 1121 3964 testatur,
1139 3888 1337 3968 Hmnmnqmi
1351 3885 1521 3969 Spartauij,
1609 3945 1610 3958 ,

347 3987 423 4050 edito
450 3997 548 4052 numm
573 3991 662 4051 Beati
682 3989 821 4052 Rhenani
840 3991 981 4054 Basilcae
1010 4013 1040 4054 a.
1068 3993 1151 4054 idid
1173 4009 1206 4052 eo
1229 3991 1291 4054 loco
1313 4009 1401 4072 quem
1423 3991 1524 4074 siqruffih

347 4092 484 4156 cauimus
507 4094 659 4174 Hauptius
682 4095 747 4175 ipse
768 4083 968 4178 eapomtt.*)'

416 4263 439 4324 ’t
460 4261 568 4330 [Editus
586 4271 645 4318 erat
662 4268 703 4317 tic
721 4267 822 4319 mittas
840 4283 874 4319 sao
892 4271 946 4320 soto
965 4271 1049 4320 codice
1062 4270 1191 4328 Parisino,
1210 4269 1290 4320 mdia
1308 4270 1413 4332 ρυόὼω
1424 4269 1523 4318 mmm-

348 4352 399 4400 tius
417 4349 561 4414 descripto,
586 4354 618 4402 ot
636 4353 666 4403 d.
688 4354 853 4406 Bouctsrisio
870 4358 924 4406 iam
940 4369 1011 4406 anuo
1030 4357 1096 4409 1872
1114 4355 1230 4418 (Noticss
1248 4360 1273 4407 st
1290 4359 1406 4406 aureus
1423 4361 1442 4406 t.
1461 4357 1524 4402 11111

345 4448 372 4497 Ρ·
388 4437 557 4496 478-Ᾰ9Μ·
584 4441 670 4502 ΜΝ
681 4453 747 4502 ΨΜ
759 4451 824 4502 opus
836 4446 913 4493 eraut
925 4445 1038 4501 cursui,
1059 4444 1135 4493 tacite
1144 4443 1298 4506 pierumque
1306 4442 1448 4506 pannoque
1458 4443 1531 4492 taa-

348 4523 400 4572 tius
417 4527 446 4572 ut
463 4524 491 4572 iu
508 4526 631 4586 opusculo
646 4523 792 4592 postuma]
