3184 5108
415 373 506 436 horr
527 392 694 438 nsorrom
717 393 901 439 οικικκκονι
920 376 1014 438 taes.
1235 363 1312 436 215

125 569 241 626 usu
263 579 334 626 osee
361 561 532 628 vocabula:
563 563 592 626 si
613 572 720 630 eutem
748 565 917 646 cogitarim
943 583 1007 628 nno
1029 564 1129 628 verbo
1158 565 1244 646 qnod
1266 575 1315 630 est

125 656 211 734 ίίύτω
233 665 267 728 in
290 656 397 734 νιζύτω
425 663 599 748 depravato
627 685 729 748 paene
757 685 821 730 non
844 667 984 749 potuisse
1014 667 1083 730 fieri
1107 669 1186 750 quin
1209 677 1315 732 cetera

122 775 421 848 corrumperentur,
452 767 494 832 ab
517 769 574 832 hac
597 780 683 833 certe
705 779 795 852 perte
818 769 1072 836 emendationem
1096 771 1229 834 tortasse
1252 789 1315 836 non

122 869 358 952 inpugnabant.
404 870 464 936 sed
485 871 658 936 dicendum
680 881 730 936 est
759 871 800 937 de
830 873 975 954 singulis.
1021 893 1058 938 eo
1078 877 1219 954 primum
1242 877 1316 956 qui-

121 971 196 1036 dem
212 972 299 1054 quod
313 975 500 1056 scripsimus
520 978 635 1062 χροοοίι
658 973 748 1056 δῖνον,
774 977 922 1040 similiter
937 975 1018 1038 dixit
1034 976 1189 1042 Pindarus
1203 978 1313 1042 lethm.

122 1071 484 1164 retrotardasse
512 1073 685 1162 ἐκόσμησαν
714 1073 805 1162 δόμον
832 1074 884 1144 καλ
912 1072 1086 1164 λεβήτεσσιν
1115 1073 1258 1165 φιάλαισί
1284 1103 1317 1144 τε

120 1182 256 1264 χρυσοῖν,
288 1181 372 1244 Plato
401 1181 463 1261 leg.
488 1199 528 1244 vu
551 1201 584 1263 p.
603 1179 681 1244 stat
700 1178 753 1246 καλ
782 1177 820 1266 δὴ
843 1176 895 1246 καὶ
914 1180 1089 1260 παίζοντες,
1118 1176 1230 1267 φιάλας
1253 1175 1317 1266 ἀρα

120 1285 238 1366 χροσσδ
260 1276 311 1346 καί
332 1285 450 1368 χαλκοῖν
471 1279 523 1348 καλ
544 1277 686 1348 τοιούτων
709 1289 796 1350 τινοῖν
819 1276 919 1350 ἀλλων
941 1278 1147 1370 κεραννύντες,
1173 1283 1203 1350 οἳ
1217 1284 1251 1350 δὲ
1265 1283 1317 1351 καί

120 1377 194 1456 όλας
217 1408 282 1456 κως
305 1377 508 1464 διαδιδόντος,
541 1378 636 1471 ‘irrep
658 1384 761 1464 εἶπον,
792 1388 835 1459 εἰς
864 1383 987 1452 παιδιὰν
1010 1383 1238 1473 ἐναρμόττοντες
1264 1385 1318 1462 τάς

119 1491 178 1552 τῶν
204 1483 378 1571 ἀναγκαίων
401 1483 540 1572 ἀριθμῶν
561 1486 687 1575 χρήσεις
709 1485 860 1576 ὠφελοῦσι
881 1485 949 1562 τούς
966 1483 1183 1574 μανθάνοντας,
1208 1486 1315 1578 (Hom.

119 1592 192 1654 λλν
218 1591 281 1654 726
303 1593 439 1674 πλῆμναι
460 1585 484 1656 δ’
510 1586 642 1678 ἀργύρου
663 1589 721 1658 εἰσί
735 1591 912 1680 περίδρομοι
925 1587 1166 1682 ἀμφοτέρωθεν).
1200 1593 1318 1658 deinde

119 1693 209 1776 quod
232 1697 347 1780 χρυσοῦ
369 1705 402 1757 et
417 1694 503 1775 quod
526 1694 602 1758 inde
625 1695 744 1776 pendet
766 1695 846 1760 δῖνον
870 1697 954 1760 inter
969 1717 1081 1760 versus
1099 1699 1318 1764 hexametrum

119 1807 151 1860 et
174 1797 534 1879 pentametramdivisa
557 1807 641 1878 sunt,
666 1798 817 1864 dividunt
838 1800 986 1862 similiter
1007 1800 1164 1864 adiectiva
1187 1811 1218 1862 el
1240 1800 1319 1864 sab-

119 1901 261 1964 stantiva
289 1903 415 1964 nomine
443 1919 554 1966 omnes
576 1911 686 1982 poetae
715 1903 845 1983 elegiaci
876 1903 1008 1983 ipseque
1037 1905 1090 1966 lon
1120 1923 1217 1966 carm.
1242 1924 1275 1966 ιιι
1298 1906 1316 1966 3

118 2005 239 2086 hcrgk.
265 1996 550 2088 τόντεςἜλληνις,
575 2025 604 2066 ιν
626 2005 645 2066 3
669 2001 788 2071 πάντων
806 1999 997 2090 Ἄνθρωπον,
1022 2005 1256 2068 substantivum
1279 2006 1320 2068 eb

117 2109 203 2172 alias
226 2123 364 2188 quocum
387 2107 534 2170 cohaeret
556 2107 746 2172 substantivi
770 2110 918 2190 genetivo
941 2111 984 2174 ita
1006 2109 1136 2173 diremit
1155 2127 1165 2172 1
1190 2110 1209 2170 5
1232 2109 1263 2180 ἐξ
1285 2101 1320 2174 οὗ

118 2205 294 2296 βατροόεεο’
321 2205 403 2282 οίνάς
432 2203 612 2297 ὑποχθόνιον
642 2207 780 2296 Πτύρθον
810 2206 1005 2296 ἀνασχομένη
1034 2212 1157 2298 θαλερῷ
1179 2205 1321 2283 laedium

117 2309 216 2400 πήχει
239 2310 385 2398 Atace,
408 2315 460 2377 vel
484 2315 589 2396 potius
611 2312 746 2398 σίγίροο,
772 2333 854 2394 quae
877 2316 1005 2395 egregie
1028 2325 1075 2378 eet
1094 2316 1221 2395 Berghii
1245 2335 1321 2380 con-

119 2419 258 2482 iectare.
306 2416 347 2480 de
376 2415 449 2503 δίνῳ
471 2417 655 2482 Athenaeus
684 2427 792 2498 postca
819 2419 951 2499 exponit
980 2439 1012 2499 ρ.
1040 2417 1112 2482 tet.
1161 2418 1246 2499 quod
1275 2418 1319 2482 ibi

118 2523 204 2586 lonis
227 2521 372 2584 carmine
395 2539 457 2584 non
480 2522 582 2586 utitur
604 2521 734 2586 minime
757 2519 849 2584 docet
877 2519 957 2586 δῖνον
981 2521 1070 2586 illum
1096 2539 1158 2582 non
1182 2537 1321 2584 comme-

119 2639 280 2690 morasse:
308 2634 429 2688 constat
451 2625 538 2690 enirn
560 2621 759 2688 Athenaeum
783 2623 829 2686 eis
851 2642 933 2704 quae
957 2645 997 2688 ex
1020 2624 1127 2686 maltis
1148 2623 1241 2686 libris
1263 2641 1321 2686 ex-

117 2737 290 2810 cerpserat
312 2747 407 2809 saepe
424 2727 630 2809 indiligenter
652 2745 745 2794 nsum
768 2746 850 2806 esse,
875 2737 911 2790 ut
925 2726 1045 2790 ibidem
1062 2723 1209 2804 δεινιάδα,
1235 2726 1320 2807 quod

117 2832 332 2898 odecsmenti
359 2849 461 2912 genus
489 2842 555 2910 est,
586 2849 657 2894 cum
680 2827 769 2914 δείνρ
799 2830 879 2892 male
908 2829 1067 2894 confudit:
1101 2840 1133 2892 ct
1163 2839 1266 2911 potest
1289 2831 1321 2892 in

117 2934 337 3016 depravatum
359 2935 421 2998 inm
443 2935 594 2998 carminis
616 2934 780 3014 exemplar
795 2933 958 2998 incidisse.
999 2933 1078 2997 δῖνον
1094 2944 1212 3012 autem,
1236 2931 1322 3012 quod

118 3037 161 3102 ab
184 3034 272 3104 οἶνον
296 3055 360 3100 uua
380 3037 522 3100 litterada
537 3034 700 3101 diversum
716 3045 776 3114 est,
802 3037 999 3117 scripsimus,
1025 3053 1087 3100 non
1112 3036 1221 3112 δεῖνον,
1243 3054 1322 3117 quo-

117 3143 210 3206 niam
234 3138 482 3208 adsentiendum
506 3150 554 3202 est
576 3139 731 3202 Guilelmo
753 3138 914 3203 Dindoriio
942 3141 973 3202 in
996 3140 1150 3220 Stephani
1174 3140 1322 3202 thesauro

117 3255 143 3310 t.
169 3263 194 3310 u
227 3263 263 3324 ρ.
292 3243 372 3304 4507
403 3243 489 3306 illam
518 3241 663 3306 vocabuli
697 3240 828 3306 iormam
863 3243 1019 3307 veriorem
1047 3261 1118 3306 esse
1148 3241 1319 3306 iudicanti:

116 3366 232 3430 aeque
264 3345 368 3410 ohstnt
387 3345 558 3410 Archediei
589 3365 701 3408 versus
729 3343 770 3408 ab
798 3344 961 3410 athenaeo
988 3345 1113 3408 adlatus
1141 3347 1182 3408 in.
1197 3365 1260 3425 qno
1283 3364 1324 3408 ex

118 3450 203 3522 δῖνος
234 3459 270 3514 et
298 3443 393 3521 δεινός
422 3449 647 3517 vocabulorum
668 3448 879 3514 similitudine
908 3447 1003 3514 ludus
1031 3449 1208 3529 quaeritur.
1256 3449 1323 3528 regi

119 3555 225 3634 igitur
248 3556 363 3640 χρυσοῦ
385 3552 465 3618 δῖνον
488 3554 660 3616 convenire
684 3569 775 3614 nomo
799 3551 890 3614 iecile
913 3551 1058 3634 negabit,
1083 3550 1142 3614 sed
1161 3550 1325 3614 videbitur

118 3657 262 3725 tortasse
285 3675 348 3720 non
370 3656 543 3720 convenire
573 3657 606 3718 in
630 3655 820 3720 Graecorum
843 3657 926 3718 lonis
948 3655 1129 3737 aequalium
1153 3665 1324 3718 consuetu-

118 3760 237 3826 dinem
262 3757 348 3839 quod
369 3759 556 3838 scripsimus
579 3756 666 3828 ἱζέτω
689 3757 732 3828 είς
754 3757 891 3843 ἕδρανον.
939 3777 1000 3820 non
1027 3767 1155 3820 utemur
1178 3777 1216 3818 eo
1238 3755 1324 3837 qaod

118 3863 312 3928 Athenaeus
333 3871 442 3924 narrat
465 3881 482 3924 κ
506 3883 537 3942 p.
557 3863 630 3940 tae,
656 3854 672 3924 ‘o
696 3857 730 3924 δὲ
754 3859 933 3944 Φωκυλίδης
954 3857 1014 3945 ἔφη
1037 3855 1106 3944 Χρὴ
1131 3855 1160 3922 δ’
1188 3859 1219 3922 ἐν
1244 3883 1324 3944 σομ-

119 3964 223 4052 ποσθρ
254 3961 383 4031 κυλίκων
405 3961 678 4050 περινισσομενάων
701 3958 798 4028 Ἥδέα
826 3962 1009 4028 κωτίλλοντα
1039 3956 1210 4046 καθήμενον
1239 3961 1324 4028 σίνο-

119 4065 281 4139 οοτιόζιιν.
320 4064 366 4132 ἔτι
388 4063 488 4132 δόκαί
510 4071 661 4132 νῦντοῦτο
684 4066 851 4151 παραμένει
869 4062 934 4152 παρ’
962 4065 1051 4138 ἐνίοις
1074 4069 1132 4130 τῶν
1149 4059 1322 4148 Ἑλλήνων.

120 4168 191 4238 ἀστοί
216 4167 253 4236 δδ
274 4173 388 4258 τροιρῖιν
411 4161 537 4257 ἤρξαντο
559 4167 611 4236 καί
633 4171 780 4256 χλιδῶσι,
812 4167 1018 4256 κατερρύησαν
1050 4165 1106 4234 ἀπὸ
1129 4170 1188 4232 τῶν
1212 4166 1324 4256 δίφρων

121 4273 172 4340 ἀτί
196 4269 255 4346 κάς
276 4271 391 4366 κλίνας,
416 4271 468 4338 καί
491 4267 631 4358 λαβόντες
654 4269 813 4359 σύμμαχον
836 4268 889 4356 τήν
913 4265 1079 4336 ἀνάπαυσιν
1096 4268 1147 4335 καὶ
1171 4268 1325 4354 ῥαστώνην

120 4371 294 4462 &rodose
316 4367 376 4460 ἤδη
398 4373 451 4444 καλ
473 4371 609 4448 ἀτάκτως
629 4376 764 4461 ἐχρῶντο
786 4380 822 4459 τῇ
848 4369 942 4458 μέθη,
958 4369 1150 4459 χορηγούσης
1173 4371 1259 4457 οἶμαι
1272 4377 1325 4458 τῆς

122 4483 325 4568 καρασκωῗς
346 4479 389 4552 εἰς
410 4475 463 4554 τὰς
485 4473 606 4564 ἡδονάς.
653 4499 759 4562 nequo
782 4479 829 4542 cis
850 4487 978 4542 numus
1008 4496 1090 4560 quae
1113 4477 1246 4542 Servius
1267 4475 1325 4542 ad-
