3240 5094
453 432 541 496 lrmsx
564 441 727 496 thermum
750 451 927 496 ιιιτιιιιιιι
949 433 1043 496 isit.
1271 417 1345 494 499

156 623 276 704 mimi
301 621 406 686 docent
427 640 542 704 noemia
561 621 704 699 vidimus,
730 624 866 686 ioannes
885 623 1005 705 proelia
1026 624 1090 686 oiri
1109 642 1258 688 summu
1280 624 1350 687 oebi
1410 618 1414 626 “

157 726 331 790 mamam
354 726 459 801 soleat,
485 743 557 808 quos
578 728 709 790 Nesaeos
731 727 896 807 appellant.
938 725 1021 790 liber
1036 727 1201 790 Fuldensis
1223 729 1295 794 dent
1316 740 1348 790 et

156 831 224 892 utri
244 847 364 892 summa
386 828 456 890 aelii
475 827 582 892 babel.
630 829 781 892 Gelenius
803 849 874 894 cum
897 829 968 892 dent
989 831 1021 892 in
1045 839 1117 894 sunt
1136 834 1269 896 mutavit
1284 851 1346 898 uon

157 931 384 996 animadvertit
406 931 591 994 dissolutam
607 951 641 994 sa
660 932 844 1013 relinquere
860 933 1045 996 orationem.
1083 933 1168 998 idem
1184 937 1248 998 oiri
1262 947 1347 998 recte

157 1035 305 1116 scripsit,
336 1035 393 1098 sed
422 1036 527 1098 minus
557 1035 640 1098 bene
668 1053 789 1101 samum
815 1038 848 1096 vi
869 1036 946 1098 cett.
994 1037 1079 1118 quod
1102 1041 1265 1119 posuimus
1287 1041 1352 1102 oiri

157 1146 321 1212 nummatas
351 1139 468 1219 optime
491 1139 638 1218 congruit
661 1158 732 1202 cum
755 1139 882 1219 vulgata
906 1140 951 1201 rei
976 1143 1137 1204 memoria.
1185 1141 1348 1206 Straboni

74 1286 76 1291 ·
159 1262 192 1324 p.
216 1243 280 1306 525
303 1234 372 1312 τοὺς
394 1237 428 1304 δὲ
451 1237 605 1325 Nuculae<
626 1237 752 1318 ἵππους,
784 1238 829 1314 οἷς
851 1241 984 1328 ἐχρῶντο
1007 1242 1036 1307 οἱ
1062 1244 1194 1330 βασιλεῖς
1217 1238 1349 1329 ἀρίστοις

157 1335 227 1410 οὖσι
255 1340 306 1408 καὶ
335 1341 482 1429 μεγίστοις
511 1343 594 1408 idem
626 1365 655 1426 p.
683 1345 744 1408 530
775 1345 804 1408 el
834 1342 966 1430 Νησαῖοι
991 1342 1077 1412 ἵπποι
1101 1383 1159 1424 -‚
1190 1345 1294 1434 οἷσπερ
1322 1347 1349 1414 οἱ

160 1445 282 1533 Περσῶν
312 1447 446 1533 βασιλεῖς
474 1447 621 1533 ἐχρῶντο.
668 1457 846 1514 summatem
868 1451 970 1512 airum
991 1449 1075 1514 dixit
1095 1451 1280 1516 Ammianus
1302 1471 1350 1516 ιιι

161 1553 180 1614 6
207 1553 257 1616 tu.
305 1549 390 1632 quod
420 1551 541 1616 torrdmt
571 1552 775 1632 scripsimus,
808 1571 871 1616 non
895 1550 1029 1616 dedecet
1050 1553 1250 1618 ammianum
1274 1575 1351 1637 poe-

161 1656 258 1718 ticum
282 1653 409 1718 dicendi
435 1673 546 1734 genus.
595 1655 694 1735 magis
717 1656 811 1718 etiam
834 1667 981 1738 poetatur
994 1657 1150 1738 Apuleius
1172 1654 1243 1722 uel.
1262 1679 1280 1720 r
1296 1660 1348 1738 25,

158 1761 303 1840 promente
318 1761 420 1839 ripam
435 1776 512 1840 vaqo
525 1766 620 1838 pastu
631 1758 796 1822 lasciviunt
807 1777 921 1822 matam
933 1761 1024 1841 [lanii
1038 1761 1190 1824 tondentes
1202 1763 1348 1843 capellae.

159 1881 266 1942 nuper
288 1861 386 1924 luisse
409 1862 464 1942 qui
479 1861 581 1922 ‘edum
601 1861 743 1924 scribare
771 1863 866 1924 vellet
889 1874 1057 1944 propterea
1081 1883 1351 1928 conmemoramus

160 1974 195 2028 ut
211 1965 387 2030 recentium
404 1965 597 2045 ineptiarum
610 1965 790 2045 exemplum
804 1963 918 2030 demus
932 1967 1042 2030 saltem
1060 1986 1158 2030 uuum
1172 1965 1212 2028 de
1229 1967 1348 2030 multis.

247 2069 336 2142 Quae
369 2069 511 2148 proxima
545 2069 742 2149 paragrapho
771 2080 922 2132 secuntur
954 2070 985 2132 in
1018 2068 1099 2132 libro
1130 2069 1279 2132 Fuldensi
1310 2070 1350 2132 ita

156 2172 278 2253 scripta
308 2181 401 2250 sunt,
434 2170 682 2254 abundantiaque
711 2171 882 2236 ciebatibas
911 2171 1019 2254 quibes
1042 2172 1144 2238 Media
1172 2175 1297 2236 etaiam
1320 2193 1351 2236 m

160 2275 282 2336 modum
303 2275 482 2356 oppidorum
505 2277 671 2338 exstructos
694 2283 722 2338 et
743 2275 935 2338 multitudine
958 2277 1126 2338 incolarum
1149 2293 1227 2357 qaae
1248 2277 1353 2359 (atque

162 2395 240 2442 vere
254 2377 417 2460 Gelenius]
438 2377 572 2440 obsolute
594 2377 715 2442 deutur
736 2377 926 2452 abequimam
947 2387 992 2442 est
1012 2377 1218 2442 babitaculum·
1233 2397 1350 2462 roqam.

160 2481 248 2562 quod
281 2481 427 2544 lecerunt
455 2480 614 2544 οὸιιιιιιοοι
641 2499 734 2562 aeque
764 2481 935 2545 civitatibus
963 2481 1071 2564 quibus
1101 2483 1203 2546 aeda
1232 2481 1351 2546 dudum

161 2586 300 2666 oportuit
330 2583 506 2666 repudiari.
553 2603 626 2646 nam
649 2604 713 2648 uon
736 2585 836 2648 solum
860 2585 967 2666 quobus
991 2587 1133 2667 ineptum
1157 2597 1207 2648 est
1233 2584 1355 2667 (diceu-

163 2687 240 2752 dum
270 2689 356 2752 euim
378 2698 447 2752 erat
468 2687 593 2770 φιοιιι),
625 2687 682 2750 sed
704 2689 810 2752 omnia
832 2707 983 2770 perversa
1007 2699 1091 2752 sunt.
1139 2707 1245 2769 neque
1267 2690 1353 2754 enirn

132 2867 135 2871 ¹
161 2791 263 2855 Media
293 2811 400 2854 secum
430 2790 595 2872 conparari
625 2800 730 2871 petest
759 2791 844 2872 ipsa:
878 2810 940 2852 non
964 2801 1013 2854 est
1034 2801 1140 2854 autem
1162 2811 1267 2854 sermo
1289 2792 1351 2854 nisi

161 2894 204 2960 de
226 2894 340 2958 bledia.
387 2904 505 2976 potest,
537 2903 572 2956 ut
595 2892 739 2972 videtur,
765 2895 950 2958 Ammianus
972 2895 1139 2974 scripsisse
1162 2913 1353 2968 ιιιιοιτοιι

162 2998 336 3064 ciuitatibus
357 3015 472 3062 nrrrnrs
496 2997 608 3062 netu.

251 3100 403 3166 Eiusdem
421 3101 535 3183 capitis
550 3099 747 3182 paragrapho
764 3101 804 3160 66
820 3100 1026 3164 scribendum
1042 3111 1091 3162 est
1106 3101 1241 3164 incolunt
1254 3107 1354 3164 autem

161 3207 412 3288 fecundissimum
440 3203 577 3288 qlaebom
600 3205 709 3266 norme
729 3211 848 3286 qenai,
881 3203 1027 3286 equibus
1049 3203 1303 3268 Aurauororaisr
1327 3211 1355 3268 et

163 3307 278 3374 Annibi
304 3316 334 3372 et
363 3309 489 3391 sappes
519 3315 547 3370 et
569 3305 686 3372 citandi
713 3305 905 3389 aquilonibus
934 3307 1038 3372 obiecti
1067 3316 1138 3369 sunit
1164 3317 1193 3370 et
1217 3309 1351 3390 macinii.

162 3412 447 3494 Anthropophagos
470 3411 502 3474 in
526 3411 668 3490 illisqui
691 3409 919 3474 deseribuntur
941 3411 1096 3474 tractibus
1118 3421 1354 3474 conmemorant

164 3535 226 3580 nou
249 3525 373 3580 tantum
386 3515 464 3578 Mela
486 3515 539 3576 ul
563 3514 600 3574 43
626 3513 745 3576 Plinius
768 3511 888 3596 rr§88
911 3533 939 3576 ιι
955 3515 996 3576 63
1021 3533 1062 3576 ru
1081 3515 1113 3575 ll
1136 3515 1351 3578 Solinuslbl

164 3630 197 3684 et
220 3621 272 3700 ⁴3,
297 3619 337 3680 50
365 3619 375 3678 l
400 3618 593 3680 Ptolemaeus
616 3635 645 3678 ιι
670 3617 709 3676 te
733 3619 763 3695 t,
789 3616 847 3680 sed
871 3618 938 3698 ipse
962 3618 1058 3680 etiam
1081 3617 1266 3685 Ammianus
1288 3635 1353 3680 ιιιι

164 3725 184 3788 2
210 3723 261 3784 lb.
309 3719 394 3803 quod
417 3719 583 3784 Fuldeusis
611 3718 694 3780 liber
725 3718 822 3782 babet
849 3719 1008 3802 alitrosoqi
1029 3720 1107 3782 nibil
1131 3719 1219 3785 aliud
1242 3739 1355 3783 remn-

163 3824 243 3890 derc
277 3843 372 3906 quam
405 3822 562 3906 antrasoqi
589 3820 686 3902 idque
717 3841 759 3884 ex
788 3821 1030 3905 anmropoptoqi
1058 3831 1161 3886 ortum
1192 3843 1261 3886 esse
1292 3843 1353 3886 nou

164 3926 328 3992 dubitabit
356 3928 412 4008 qui
434 3925 693 4008 depravationem
717 3926 787 3988 eius
809 3923 882 3988 libri
906 3925 983 3986 satis
1007 3929 1105 3988 novit.
1152 3945 1352 4006 perversum,

166 4041 200 4094 ut
215 4049 324 4112 saepe,
338 4029 398 4094 luit
413 4029 567 4094 iudicium
583 4030 678 4092 lsauci
691 4027 791 4092 Vossii
808 4047 880 4090 cum
892 4026 1091 4112 Andropbaqi
1105 4029 1204 4091 latere
1219 4031 1352 4111 putavit.

253 4133 451 4214 Paregrapho
474 4131 617 4198 eiusdem
641 4133 753 4213 capitis
768 4133 809 4194 80
826 4131 903 4193 baec
926 4131 1077 4212 leguntur
1098 4151 1153 4194 nec
1167 4133 1357 4196 ministranti

164 4237 248 4320 apud
263 4255 312 4302 eos
324 4236 442 4318 famulo
457 4254 634 4318 massaeque
649 4233 786 4298 adstanti
798 4233 914 4296 hiscere
930 4235 978 4298 ool
993 4236 1074 4317 loqui
1088 4235 1155 4298 licet
1168 4235 1215 4296 oel
1226 4253 1352 4316 spuere:

166 4343 210 4404 ita
228 4341 394 4424 prostratis
414 4339 544 4422 petiae
566 4337 658 4402 labra
679 4340 812 4400 omnium
835 4339 1023 4400 vinciuntur.
1064 4357 1169 4418 neque
1189 4341 1356 4419 prostratis

166 4445 362 4524 intellegitur
396 4461 501 4523 neque
535 4443 686 4505 Gelenius
721 4443 862 4503 consulto
892 4439 1019 4503 dedisse
1043 4439 1172 4502 videtur
1192 4444 1351 4523 prostrati.

166 4549 294 4629 scripsit
316 4545 500 4608 Ammianus
523 4544 654 4608 fortasse
677 4533 900 4608 renuerimus*

1096 4664 1148 4714 32*
