3186 5108
383 423 470 482 isaar
493 439 658 484 sturiones
681 437 860 484 tssrrmm
887 421 980 482 isti.
1205 403 1276 478 lid

102 621 175 673 esset
196 609 277 692 quod
301 612 332 673 in
355 613 579 674 immmentario
603 622 805 694 reppererat:
839 610 897 673 sed
921 605 1006 674 idem
1029 611 1126 673 nimia
1150 607 1278 673 subtili-

102 721 156 775 tate
178 715 275 777 utitur
296 732 367 778 anm
398 724 507 796 poetas
539 725 636 797 atque
669 717 774 797 ipsum
802 713 882 778 adeo
904 716 1072 777 llomerum
1102 712 1277 777 earundem

101 817 240 880 vomitum
274 835 462 881 eonerrsum
496 827 528 880 et
557 819 678 882 blatum
707 816 849 881 studiose
878 817 1075 899 quaesivisse
1104 815 1274 880 existimat.

100 929 229 983 ceterum
251 922 387 984 strietim
409 920 558 984 addimus
581 922 613 984 in
636 922 743 1003 priore
767 921 911 1002 exemplo
935 920 1097 983 llomeriea
1126 917 1278 982 adsidua·

100 1041 161 1084 rum
182 1043 292 1086 vooum
315 1043 450 1105 querum
473 1025 596 1088 sonitus
615 1023 735 1088 Gellius
758 1025 847 1088 hiare
869 1024 948 1088 dioit
969 1039 1139 1086 numerum
1163 1023 1276 1102 minut,

99 1128 122 1187 si
143 1127 319 1190 bekkerum
341 1129 507 1208 sequimur
530 1127 683 1192 stirmis
705 1127 893 1206 scribimus,
930 1127 962 1190 id
985 1125 1069 1209 quod
1097 1143 1174 1190 sane
1208 1127 1277 1189 fleri

97 1240 334 1296 eonsentaneum
356 1241 415 1294 est.

173 1333 235 1396 Sed
253 1354 335 1416 quae
351 1333 469 1400 deiude
485 1335 525 1398 de
541 1334 653 1398 Catulli
670 1332 818 1398 versibus
834 1353 874 1396 ex
890 1337 1030 1398 carmine
1046 1323 1123 1396 mit
1142 1333 1279 1412 sumptis

96 1437 248 1517 dieantur,
279 1457 317 1500 ea
346 1455 409 1501 non
431 1457 496 1501 uuo
518 1439 646 1502 nomine
668 1439 748 1500 mira
771 1439 942 1518 samuel,
976 1445 1013 1499 ut
1042 1437 1161 1500 reetius
1190 1433 1279 1498 diea-

96 1559 169 1620 mus,
198 1539 351 1604 absurde.
398 1544 458 1604 etsi
493 1543 579 1604 enim
598 1513 809 1605 ¹verissimum
838 1551 889 1603 est
916 1540 1153 1621 eormptissima
1180 1539 1278 1601 inisse
1306 1557 1310 1566 ·

96 1646 334 1708 Catullianorum
357 1647 533 1708 carminum
556 1643 767 1726 exemplaria,
803 1645 915 1725 siquae
945 1641 1044 1705 obsim
1070 1651 1127 1704 eut
1146 1641 1278 1704 ebriosos

96 1749 205 1812 inillis
228 1747 377 1810 versibus
401 1747 579 1823 habehant,
616 1757 722 1810 tamen
757 1745 789 1809 id
823 1751 927 1829 ipsum
961 1745 1112 1808 adnotare
1134 1747 1277 1827 ineptum

95 1861 172 1931 erat,
203 1869 277 1914 cum
299 1861 450 1914 neutrum
471 1849 660 1916 vooabulum
682 1861 737 1914 eut
758 1851 902 1931 intellegi
933 1849 997 1912 uilo
1019 1848 1111 1911 mado
1133 1857 1188 1912 eut
1209 1850 1280 1911 eui-

95 1974 182 2036 quem
204 1973 317 2018 verum
339 1953 443 2018 videri
467 1963 584 2036 posset.
631 1953 750 2016 deinde
773 1953 858 2036 quod
882 1952 1024 2016 (intubus
1052 1961 1184 2034 propter
1209 1951 1280 2013 hia-

98 2069 143 2120 tus
165 2059 249 2121 illius
272 2059 429 2120 llomeriei
452 2059 640 2120 suavitatem
663 2058 807 2139 posuisse
829 2056 948 2119 dieitur
969 2055 1090 2118 dabra
1111 2055 1211 2128 acina,
1245 2056 1277 2116 ia

95 2181 127 2222 eo
147 2180 209 2224 nou
233 2162 338 2224 bintus
361 2169 420 2240 est,
446 2177 558 2223 verum
580 2161 784 2243 synaloephe,
809 2170 846 2223 ut
865 2158 906 2222 od
920 2159 1014 2222 Gellii
1031 2157 1277 2240 disputationem

95 2265 182 2344 plane
203 2282 265 2326 non
289 2264 460 2346 pertineat.
507 2262 634 2346 deque
657 2283 691 2326 re
715 2263 793 2345 quid
816 2263 870 2326 elii
893 2261 1106 2326 iudiesverint
1134 2279 1198 2322 non
1221 2277 1280 2342 pu-

92 2369 206 2430 tuimus
235 2369 425 2449 exquirere3
462 2367 616 2430 Neekium
646 2367 678 2431 iu
708 2366 988 2430 dissertationibus
1017 2365 1136 2447 quibus
1161 2364 1278 2427 Valerii

93 2471 213 2546 Catenis
235 2489 332 2552 quem
362 2469 475 2534 dieunt
503 2471 644 2534 earmina
674 2471 836 2534 illustrare
865 2467 987 2534 studuit
1009 2467 1142 2551 adparet
1164 2487 1196 2550 p.
1214 2469 1273 2529 sit

94 2593 150 2637 uon
173 2577 249 2636 satis
271 2575 406 2655 eogitete
428 2575 596 2656 scripsisse
618 2575 738 2638 hiatum
762 2575 863 2639 Gellio
885 2589 1071 2654 essequam
1093 2589 1150 2635 nos
1171 2569 1279 2633 dioere

92 2665 354 2742 consueuerimus¹
378 2678 553 2741 elisionem.
601 2678 695 2740 immo
718 2676 920 2742 manilestum
939 2685 988 2738 est
1002 2674 1138 2737 Gellium
1162 2672 1203 2736 de
1219 2673 1304 2738 eli-t

47 2814 51 2824 =
91 2781 175 2842 sione
198 2799 304 2862 neque
326 2781 480 2862 rogitasse
513 2799 619 2862 neque
649 2783 787 2863 eogitare
810 2780 968 2863 potuisse,
1004 2778 1062 2841 sed
1096 2777 1211 2858 legisse
1245 2778 1292 2840 ia*

92 2884 228 2945 carmine
242 2883 417 2946 Catulliano
438 2883 526 2946 ebrie
547 2885 639 2946 aeine
661 2885 856 2974 ebriostiub:
888 2885 946 2945 hoe
961 2883 1046 2946 enim
1070 2881 1159 2944 illum
1183 2899 1279 2962 quem

93 2986 244 3050 Catullum
266 2987 465 3068 quaesivisse
493 2987 617 3069 putavit
639 2988 759 3052 hiatum
791 2987 874 3050 inter
902 2994 1129 3050 eouourreutes
1151 2983 1279 3047 easdem

91 3091 210 3154 vocales
245 3089 393 3172 praebet,
429 3108 534 3170 neque
568 3090 672 3155 obstet
700 3089 785 3173 quod
818 3090 918 3152 altera
948 3088 1065 3152 voeells
1094 3089 1186 3168 longa
1218 3096 1277 3166 est,

92 3191 195 3258 brevis
217 3194 328 3258 ultera.
375 3192 488 3274 quodsi
518 3195 562 3256 itu
590 3193 772 3274 seribimas,
806 3191 928 3274 reliqua
950 3191 1043 3256 Gellii
1072 3194 1171 3254 oratio
1193 3191 1280 3254 nullo

93 3297 150 3358 iarn
182 3297 309 3378 negotio
343 3295 507 3359 emendari
541 3307 655 3379 potest.
708 3297 741 3359 ni
770 3298 886 3360 mirum
916 3297 958 3358 ita
986 3293 1187 3377 pergendum
1218 3303 1277 3372 est,

96 3399 173 3462 ‘eum
188 3400 296 3463 dieere
318 3399 401 3463 ebrio
423 3411 530 3481 posset
552 3409 594 3479 et,
620 3400 790 3482 quoderat
811 3401 970 3480 usitatius,
994 3399 1121 3462 asinum
1144 3399 1177 3460 in
1199 3415 1280 3460 neu-

93 3513 138 3564 tro
160 3520 278 3582 genere
294 3503 470 3586 appellare,
496 3521 605 3566 emens
626 3514 732 3567 tamen
755 3504 861 3568 hiatus
883 3503 969 3566 illius
992 3501 1147 3566 llomerioi
1171 3503 1279 3565 suevi·

91 3613 183 3668 tatem
210 3605 329 3670 ebriam
363 3605 446 3669 dixit
478 3617 609 3689 prepter
643 3607 842 3688 insequentis
874 3625 896 3668 a
924 3605 1049 3670 litterae
1078 3613 1276 3668 eonsentum.
1335 3599 1338 3604 “

94 3711 144 3788 qui
167 3709 287 3773 ebriosa
307 3720 413 3773 autem
437 3710 595 3774 Catullum
625 3709 745 3774 dixisse
773 3719 887 3792 putaui
914 3718 969 3772 eut
997 3707 1113 3771 ebrioso
1140 3707 1223 3790 inem
1247 3707 1279 3770 id

93 3831 214 3894 qaoque
237 3821 360 3876 temere
379 3817 532 3896 seriptum
549 3813 737 3897 iuvenitur),
763 3814 796 3875 in
811 3813 911 3876 libros
926 3811 1047 3875 soiiieet
1065 3810 1106 3875 de
1122 3813 1282 3892 eorruptis

93 3915 325 3998 exemplaribus
356 3914 452 3980 laetus
474 3915 678 3980 inuiderunt.¹
725 3915 809 3998 quod
839 3917 872 3978 in
902 3925 1042 3980 extreme
1065 3913 1281 3997 disputatione

92 4017 208 4082 Gellius
237 4039 299 4083 aaa
331 4019 415 4083 dixit
437 4019 558 4084 ebnbso
580 4022 672 4084 aeeon
704 4030 737 4083 et
757 4019 874 4082 misso
896 4022 999 4098 oeteo,
1036 4017 1094 4081 sed
1123 4017 1281 4082 adieetivt

93 4121 237 4186 voeabula
260 4141 381 4206 ponere
403 4125 481 4186 setis
508 4123 638 4202 babuit,
676 4123 750 4188 ieeit
779 4121 864 4205 qued
892 4123 980 4185 nulia
1003 4121 1206 4185 exortatione
1230 4121 1282 4184 in-

95 4222 189 4306 diget.

175 4327 260 4392 idem
284 4329 472 4394 voeubaium
495 4331 692 4414 quinquiens
720 4329 929 4407 mutavimus,
966 4328 1023 4391 sed
1057 4339 1122 4392 tam
1150 4337 1280 4412 apertae

94 4433 284 4497 necessitatis
317 4435 551 4498 continuatione
586 4443 622 4496 ut
654 4433 694 4497 de
722 4433 856 4495 veritate
885 4431 1117 4497 emendationis
1149 4433 1280 4494 minime

94 4531 281 4600 dubitemus.
329 4545 452 4600 eertum
475 4547 525 4600 est
547 4538 644 4620 igitur
660 4535 772 4600 Cmalli
793 4535 971 4600 saratinum
987 4537 1183 4618 exemplaria
1198 4549 1280 4619 quae
