<?xml version="1.0" encoding="UTF-8"?>
<!DOCTYPE html PUBLIC "-//W3C//DTD XHTML 1.0 Transitional//EN"
    "http://www.w3.org/TR/xhtml1/DTD/xhtml1-transitional.dtd">
<html xmlns="http://www.w3.org/1999/xhtml" xml:lang="en" lang="en">
 <head>
  <title>
</title>
<meta http-equiv="Content-Type" content="text/html;charset=utf-8" />
  <meta name='ocr-system' content='tesseract 3.04.00' />
  <meta name='ocr-capabilities' content='ocr_page ocr_carea ocr_par ocr_line ocrx_word'/>
</head>
<body>
  <div class='ocr_page' id='page_1' title='image "./mavriciihavptii00haupgoog/mavriciihavptii00haupgoog_0290.png"; bbox 0 0 3184 5108; ppageno 0'>
   <div class='ocr_carea' id='block_1_1' title="bbox 366 387 1259 460">
    <p class='ocr_par' dir='ltr' id='par_1_1' title="bbox 366 387 1259 460">
     <span class='ocr_line' id='line_1_1' title="bbox 366 387 1259 460; baseline -0.002 -2"><span class='ocrx_word' id='word_1_1' title='bbox 366 399 454 458; x_wconf 82' lang='lat' dir='ltr'>lnoax</span> <span class='ocrx_word' id='word_1_2' title='bbox 477 416 643 460; x_wconf 77' lang='lat' dir='ltr'>ascalonus</span> <span class='ocrx_word' id='word_1_3' title='bbox 665 417 850 460; x_wconf 75' lang='lat' dir='ltr'>praeamara</span> <span class='ocrx_word' id='word_1_4' title='bbox 871 399 963 458; x_wconf 75' lang='lat' dir='ltr'>lsai.</span> <span class='ocrx_word' id='word_1_5' title='bbox 1185 387 1259 456; x_wconf 78' lang='grc'>277</span> 
     </span>
    </p>
   </div>
   <div class='ocr_carea' id='block_1_2' title="bbox 82 586 1302 4168">
    <p class='ocr_par' dir='ltr' id='par_1_2' title="bbox 85 586 1261 1183">
     <span class='ocr_line' id='line_1_2' title="bbox 87 586 1256 669; baseline -0.001 -20"><span class='ocrx_word' id='word_1_6' title='bbox 87 587 134 649; x_wconf 85' lang='lat' dir='ltr'>sed</span> <span class='ocrx_word' id='word_1_7' title='bbox 153 606 225 669; x_wconf 76' lang='lat' dir='ltr'>anae</span> <span class='ocrx_word' id='word_1_8' title='bbox 253 586 312 650; x_wconf 82' lang='lat' dir='ltr'>sibi</span> <span class='ocrx_word' id='word_1_9' title='bbox 337 586 456 664; x_wconf 78' lang='lat' dir='ltr'><em>desunt,</em></span> <span class='ocrx_word' id='word_1_10' title='bbox 488 607 548 649; x_wconf 94' lang='lat' dir='ltr'>non</span> <span class='ocrx_word' id='word_1_11' title='bbox 578 587 732 650; x_wconf 80' lang='lat' dir='ltr'><strong><em>desiderat</em></strong></span> <span class='ocrx_word' id='word_1_12' title='bbox 759 587 890 650; x_wconf 78' lang='lat' dir='ltr'>deesse:</span> <span class='ocrx_word' id='word_1_13' title='bbox 923 587 1108 650; x_wconf 86' lang='lat' dir='ltr'>nondeesse</span> <span class='ocrx_word' id='word_1_14' title='bbox 1130 589 1256 650; x_wconf 84' lang='lat' dir='ltr'>mauult.</span> 
     </span>
     <span class='ocr_line' id='line_1_3' title="bbox 90 689 1260 770; baseline 0.002 -20"><span class='ocrx_word' id='word_1_15' title='bbox 90 709 152 750; x_wconf 87' lang='lat' dir='ltr'>nam</span> <span class='ocrx_word' id='word_1_16' title='bbox 175 708 276 770; x_wconf 90' lang='lat' dir='ltr'>neque</span> <span class='ocrx_word' id='word_1_17' title='bbox 298 690 352 752; x_wconf 89' lang='lat' dir='ltr'>sed</span> <span class='ocrx_word' id='word_1_18' title='bbox 380 693 457 753; x_wconf 90' lang='lat' dir='ltr'>satis</span> <span class='ocrx_word' id='word_1_19' title='bbox 478 690 561 754; x_wconf 88' lang='lat' dir='ltr'>bene</span> <span class='ocrx_word' id='word_1_20' title='bbox 591 689 746 752; x_wconf 92' lang='lat' dir='ltr'>sehabet</span> <span class='ocrx_word' id='word_1_21' title='bbox 774 709 880 770; x_wconf 87' lang='lat' dir='ltr'>neque</span> <span class='ocrx_word' id='word_1_22' title='bbox 910 708 992 770; x_wconf 88' lang='lat' dir='ltr'>quae</span> <span class='ocrx_word' id='word_1_23' title='bbox 1022 689 1114 752; x_wconf 90' lang='lat' dir='ltr'>nobis</span> <span class='ocrx_word' id='word_1_24' title='bbox 1143 690 1260 754; x_wconf 91' lang='lat' dir='ltr'>desunt</span> 
     </span>
     <span class='ocr_line' id='line_1_4' title="bbox 87 792 1260 875; baseline 0 -20"><span class='ocrx_word' id='word_1_25' title='bbox 87 792 257 855; x_wconf 84' lang='lat' dir='ltr'>desiderare</span> <span class='ocrx_word' id='word_1_26' title='bbox 279 813 447 875; x_wconf 88' lang='lat' dir='ltr'>possumus</span> <span class='ocrx_word' id='word_1_27' title='bbox 470 793 600 856; x_wconf 79' lang='lat' dir='ltr'>deesse:</span> <span class='ocrx_word' id='word_1_28' title='bbox 634 792 750 856; x_wconf 90' lang='lat' dir='ltr'>desunt</span> <span class='ocrx_word' id='word_1_29' title='bbox 779 794 864 870; x_wconf 86' lang='lat' dir='ltr'>enim</span> <span class='ocrx_word' id='word_1_30' title='bbox 894 810 1000 873; x_wconf 89' lang='lat' dir='ltr'>neque</span> <span class='ocrx_word' id='word_1_31' title='bbox 1023 811 1102 874; x_wconf 91' lang='lat' dir='ltr'>opus</span> <span class='ocrx_word' id='word_1_32' title='bbox 1131 805 1178 856; x_wconf 97' lang='grc' dir='ltr'>εει</span> <span class='ocrx_word' id='word_1_33' title='bbox 1206 803 1260 857; x_wconf 88' lang='lat' dir='ltr'>aut</span> 
     </span>
     <span class='ocr_line' id='line_1_5' title="bbox 89 895 1261 977; baseline 0.002 -21"><span class='ocrx_word' id='word_1_34' title='bbox 89 897 148 958; x_wconf 87' lang='lat' dir='ltr'>lieri</span> <span class='ocrx_word' id='word_1_35' title='bbox 169 905 269 976; x_wconf 89' lang='lat' dir='ltr'>potest</span> <span class='ocrx_word' id='word_1_36' title='bbox 290 906 326 958; x_wconf 90' lang='lat' dir='ltr'>ut</span> <span class='ocrx_word' id='word_1_37' title='bbox 347 895 524 959; x_wconf 73' lang='lat' dir='ltr'>absentiam</span> <span class='ocrx_word' id='word_1_38' title='bbox 547 915 668 976; x_wconf 90' lang='lat' dir='ltr'>eorum,</span> <span class='ocrx_word' id='word_1_39' title='bbox 693 905 858 977; x_wconf 89' lang='lat' dir='ltr'>postquam</span> <span class='ocrx_word' id='word_1_40' title='bbox 881 895 1012 976; x_wconf 80' lang='lat' dir='ltr'>contigit</span> <span class='ocrx_word' id='word_1_41' title='bbox 1037 895 1140 974; x_wconf 92' lang='lat' dir='ltr'>nobis,</span> <span class='ocrx_word' id='word_1_42' title='bbox 1173 897 1261 959; x_wconf 90' lang='lat' dir='ltr'>desi·</span> 
     </span>
     <span class='ocr_line' id='line_1_6' title="bbox 87 997 1260 1080; baseline 0.002 -20"><span class='ocrx_word' id='word_1_43' title='bbox 87 997 233 1062; x_wconf 80' lang='lat' dir='ltr'>daremus.</span> <span class='ocrx_word' id='word_1_44' title='bbox 295 997 442 1060; x_wconf 81' lang='lat' dir='ltr'>facillima</span> <span class='ocrx_word' id='word_1_45' title='bbox 477 998 698 1062; x_wconf 78' lang='lat' dir='ltr'>emendatione</span> <span class='ocrx_word' id='word_1_46' title='bbox 735 1000 858 1061; x_wconf 89' lang='lat' dir='ltr'>restitui</span> <span class='ocrx_word' id='word_1_47' title='bbox 893 1008 995 1080; x_wconf 92' lang='lat' dir='ltr'>potest</span> <span class='ocrx_word' id='word_1_48' title='bbox 1026 999 1111 1079; x_wconf 90' lang='lat' dir='ltr'>quod</span> <span class='ocrx_word' id='word_1_49' title='bbox 1141 1001 1260 1062; x_wconf 86' lang='lat' dir='ltr'>Seneca</span> 
     </span>
     <span class='ocr_line' id='line_1_7' title="bbox 85 1101 1226 1183; baseline 0.001 -21"><span class='ocrx_word' id='word_1_50' title='bbox 85 1103 209 1182; x_wconf 75' lang='lat' dir='ltr'>scripsit,</span> <span class='ocrx_word' id='word_1_51' title='bbox 234 1102 288 1165; x_wconf 84' lang='lat' dir='ltr'>sed</span> <span class='ocrx_word' id='word_1_52' title='bbox 310 1120 397 1183; x_wconf 83' lang='lat' dir='ltr'>qaae,</span> <span class='ocrx_word' id='word_1_53' title='bbox 422 1120 468 1164; x_wconf 78' lang='lat' dir='ltr'>aar</span> <span class='ocrx_word' id='word_1_54' title='bbox 491 1101 610 1178; x_wconf 86' lang='lat' dir='ltr'>desunt,</span> <span class='ocrx_word' id='word_1_55' title='bbox 634 1121 695 1163; x_wconf 92' lang='lat' dir='ltr'>non</span> <span class='ocrx_word' id='word_1_56' title='bbox 711 1101 874 1178; x_wconf 89' lang='lat' dir='ltr'>desiderat,</span> <span class='ocrx_word' id='word_1_57' title='bbox 899 1121 960 1164; x_wconf 92' lang='lat' dir='ltr'>non</span> <span class='ocrx_word' id='word_1_58' title='bbox 975 1101 1078 1164; x_wconf 82' lang='lat' dir='ltr'>deesse</span> <span class='ocrx_word' id='word_1_59' title='bbox 1099 1104 1226 1165; x_wconf 84' lang='lat' dir='ltr'>mavult.</span> 
     </span>
    </p>

    <p class='ocr_par' dir='ltr' id='par_1_3' title="bbox 84 1203 1263 2503">
     <span class='ocr_line' id='line_1_8' title="bbox 161 1203 1261 1286; baseline 0.002 -22"><span class='ocrx_word' id='word_1_60' title='bbox 161 1205 193 1265; x_wconf 91' lang='lat' dir='ltr'>ln</span> <span class='ocrx_word' id='word_1_61' title='bbox 224 1205 360 1286; x_wconf 89' lang='lat' dir='ltr'>epistula</span> <span class='ocrx_word' id='word_1_62' title='bbox 385 1204 466 1266; x_wconf 80' lang='lat' dir='ltr'>trs</span> <span class='ocrx_word' id='word_1_63' title='bbox 502 1205 658 1268; x_wconf 89' lang='lat' dir='ltr'>vellemus</span> <span class='ocrx_word' id='word_1_64' title='bbox 690 1206 773 1266; x_wconf 88' lang='lat' dir='ltr'>scire</span> <span class='ocrx_word' id='word_1_65' title='bbox 806 1204 962 1286; x_wconf 90' lang='lat' dir='ltr'>quomodo</span> <span class='ocrx_word' id='word_1_66' title='bbox 998 1203 1080 1267; x_wconf 93' lang='lat' dir='ltr'>docti</span> <span class='ocrx_word' id='word_1_67' title='bbox 1118 1205 1261 1267; x_wconf 89' lang='lat' dir='ltr'>homines</span> 
     </span>
     <span class='ocr_line' id='line_1_9' title="bbox 87 1307 1261 1388; baseline 0.001 -19"><span class='ocrx_word' id='word_1_68' title='bbox 87 1309 211 1388; x_wconf 90' lang='lat' dir='ltr'>quaein</span> <span class='ocrx_word' id='word_1_69' title='bbox 235 1307 326 1370; x_wconf 89' lang='lat' dir='ltr'>libris</span> <span class='ocrx_word' id='word_1_70' title='bbox 348 1308 465 1387; x_wconf 89' lang='lat' dir='ltr'>scripta</span> <span class='ocrx_word' id='word_1_71' title='bbox 487 1319 562 1370; x_wconf 89' lang='lat' dir='ltr'>sunt</span> <span class='ocrx_word' id='word_1_72' title='bbox 585 1307 818 1370; x_wconf 83' lang='lat' dir='ltr'>intellexerint:</span> <span class='ocrx_word' id='word_1_73' title='bbox 851 1326 909 1369; x_wconf 92' lang='lat' dir='ltr'>nos</span> <span class='ocrx_word' id='word_1_74' title='bbox 932 1310 1030 1370; x_wconf 89' lang='lat' dir='ltr'>enim.</span> <span class='ocrx_word' id='word_1_75' title='bbox 1046 1327 1109 1370; x_wconf 91' lang='lat' dir='ltr'>non</span> <span class='ocrx_word' id='word_1_76' title='bbox 1133 1309 1261 1370; x_wconf 90' lang='lat' dir='ltr'>intelle-</span> 
     </span>
     <span class='ocr_line' id='line_1_10' title="bbox 86 1409 1261 1492; baseline 0.002 -22"><span class='ocrx_word' id='word_1_77' title='bbox 86 1412 187 1490; x_wconf 78' lang='lat' dir='ltr'>gimus.</span> <span class='ocrx_word' id='word_1_78' title='bbox 240 1409 298 1482; x_wconf 90' lang='lat' dir='ltr'>sed</span> <span class='ocrx_word' id='word_1_79' title='bbox 327 1409 455 1472; x_wconf 90' lang='lat' dir='ltr'>adsensi</span> <span class='ocrx_word' id='word_1_80' title='bbox 484 1429 553 1474; x_wconf 89' lang='lat' dir='ltr'>esse</span> <span class='ocrx_word' id='word_1_81' title='bbox 582 1409 734 1473; x_wconf 86' lang='lat' dir='ltr'>videntur</span> <span class='ocrx_word' id='word_1_82' title='bbox 761 1411 880 1492; x_wconf 92' lang='lat' dir='ltr'>Lipsio,</span> <span class='ocrx_word' id='word_1_83' title='bbox 912 1410 953 1473; x_wconf 91' lang='lat' dir='ltr'>de</span> <span class='ocrx_word' id='word_1_84' title='bbox 983 1430 1046 1491; x_wconf 92' lang='lat' dir='ltr'>quo</span> <span class='ocrx_word' id='word_1_85' title='bbox 1074 1430 1147 1472; x_wconf 84' lang='lat' dir='ltr'>mox</span> <span class='ocrx_word' id='word_1_86' title='bbox 1175 1411 1261 1473; x_wconf 90' lang='lat' dir='ltr'>dioe-</span> 
     </span>
     <span class='ocr_line' id='line_1_11' title="bbox 86 1512 1261 1595; baseline 0.004 -23"><span class='ocrx_word' id='word_1_87' title='bbox 86 1522 139 1575; x_wconf 91' lang='lat' dir='ltr'>tur.</span> <span class='ocrx_word' id='word_1_88' title='bbox 184 1514 301 1594; x_wconf 88' lang='lat' dir='ltr'>scripta</span> <span class='ocrx_word' id='word_1_89' title='bbox 323 1513 422 1593; x_wconf 79' lang='lat' dir='ltr'>igitur</span> <span class='ocrx_word' id='word_1_90' title='bbox 442 1515 521 1576; x_wconf 91' lang='lat' dir='ltr'>haec</span> <span class='ocrx_word' id='word_1_91' title='bbox 543 1523 627 1592; x_wconf 92' lang='lat' dir='ltr'>sunt,</span> <span class='ocrx_word' id='word_1_92' title='bbox 656 1512 790 1595; x_wconf 85' lang='lat' dir='ltr'>‘parare&#39;</span> <span class='ocrx_word' id='word_1_93' title='bbox 813 1514 914 1595; x_wconf 75' lang='lat' dir='ltr'>inparis</span> <span class='ocrx_word' id='word_1_94' title='bbox 938 1513 1029 1575; x_wconf 82' lang='lat' dir='ltr'>‘ande</span> <span class='ocrx_word' id='word_1_95' title='bbox 1050 1515 1153 1577; x_wconf 84' lang='lat' dir='ltr'>nicam</span> <span class='ocrx_word' id='word_1_96' title='bbox 1171 1515 1261 1577; x_wconf 63' lang='lat' dir='ltr'>vota!</span> 
     </span>
     <span class='ocr_line' id='line_1_12' title="bbox 86 1614 1263 1698; baseline 0.002 -22"><span class='ocrx_word' id='word_1_97' title='bbox 86 1617 167 1678; x_wconf 84' lang='lat' dir='ltr'>sinai</span> <span class='ocrx_word' id='word_1_98' title='bbox 193 1625 222 1678; x_wconf 91' lang='lat' dir='ltr'>et</span> <span class='ocrx_word' id='word_1_99' title='bbox 245 1635 366 1698; x_wconf 84' lang='lat' dir='ltr'>parare</span> <span class='ocrx_word' id='word_1_100' title='bbox 387 1616 487 1678; x_wconf 83' lang='lat' dir='ltr'>disce:</span> <span class='ocrx_word' id='word_1_101' title='bbox 518 1617 548 1678; x_wconf 89' lang='lat' dir='ltr'>si</span> <span class='ocrx_word' id='word_1_102' title='bbox 575 1616 647 1697; x_wconf 78' lang='lat' dir='ltr'>quid</span> <span class='ocrx_word' id='word_1_103' title='bbox 676 1623 703 1677; x_wconf 88' lang='lat' dir='ltr'>te</span> <span class='ocrx_word' id='word_1_104' title='bbox 732 1623 813 1678; x_wconf 89' lang='lat' dir='ltr'>vetat</span> <span class='ocrx_word' id='word_1_105' title='bbox 840 1614 912 1677; x_wconf 87' lang='lat' dir='ltr'>bene</span> <span class='ocrx_word' id='word_1_106' title='bbox 940 1617 1053 1694; x_wconf 74' lang='lat' dir='ltr'>civem,</span> <span class='ocrx_word' id='word_1_107' title='bbox 1085 1616 1157 1678; x_wconf 88' lang='lat' dir='ltr'>bene</span> <span class='ocrx_word' id='word_1_108' title='bbox 1184 1619 1263 1678; x_wconf 88' lang='lat' dir='ltr'>mori</span> 
     </span>
     <span class='ocr_line' id='line_1_13' title="bbox 84 1718 1258 1801; baseline 0.002 -22"><span class='ocrx_word' id='word_1_109' title='bbox 84 1738 136 1780; x_wconf 88' lang='lat' dir='ltr'>aon</span> <span class='ocrx_word' id='word_1_110' title='bbox 157 1727 246 1781; x_wconf 86' lang='lat' dir='ltr'>velot.</span> <span class='ocrx_word' id='word_1_111' title='bbox 294 1720 401 1800; x_wconf 88' lang='lat' dir='ltr'>itaque</span> <span class='ocrx_word' id='word_1_112' title='bbox 417 1719 541 1800; x_wconf 87' lang='lat' dir='ltr'>Lipsius</span> <span class='ocrx_word' id='word_1_113' title='bbox 562 1719 640 1780; x_wconf 87' lang='lat' dir='ltr'>baec</span> <span class='ocrx_word' id='word_1_114' title='bbox 656 1718 836 1800; x_wconf 80' lang='lat' dir='ltr'>adscripsit,</span> <span class='ocrx_word' id='word_1_115' title='bbox 863 1720 966 1781; x_wconf 87' lang='lat' dir='ltr'>‘simul</span> <span class='ocrx_word' id='word_1_116' title='bbox 988 1727 1017 1782; x_wconf 89' lang='lat' dir='ltr'>et</span> <span class='ocrx_word' id='word_1_117' title='bbox 1034 1739 1153 1801; x_wconf 84' lang='lat' dir='ltr'>parare</span> <span class='ocrx_word' id='word_1_118' title='bbox 1167 1720 1258 1783; x_wconf 85' lang='lat' dir='ltr'>disce.</span> 
     </span>
     <span class='ocr_line' id='line_1_14' title="bbox 87 1820 1262 1903; baseline 0.003 -22"><span class='ocrx_word' id='word_1_119' title='bbox 87 1823 128 1883; x_wconf 82' lang='lat' dir='ltr'>ris</span> <span class='ocrx_word' id='word_1_120' title='bbox 164 1824 300 1903; x_wconf 78' lang='lat' dir='ltr'>parare‘.l</span> <span class='ocrx_word' id='word_1_121' title='bbox 348 1823 501 1884; x_wconf 84' lang='lat' dir='ltr'>rationem</span> <span class='ocrx_word' id='word_1_122' title='bbox 537 1820 673 1902; x_wconf 87' lang='lat' dir='ltr'>parandi</span> <span class='ocrx_word' id='word_1_123' title='bbox 707 1823 802 1884; x_wconf 88' lang='lat' dir='ltr'>etiam</span> <span class='ocrx_word' id='word_1_124' title='bbox 837 1820 937 1883; x_wconf 88' lang='lat' dir='ltr'>disce.</span> <span class='ocrx_word' id='word_1_125' title='bbox 999 1840 1081 1903; x_wconf 88' lang='lat' dir='ltr'>quae</span> <span class='ocrx_word' id='word_1_126' title='bbox 1112 1825 1184 1884; x_wconf 77' lang='lat' dir='ltr'>esti</span> <span class='ocrx_word' id='word_1_127' title='bbox 1227 1831 1262 1884; x_wconf 89' lang='lat' dir='ltr'>ut</span> 
     </span>
     <span class='ocr_line' id='line_1_15' title="bbox 86 1925 1262 2007; baseline 0.003 -23"><span class='ocrx_word' id='word_1_128' title='bbox 86 1925 184 1987; x_wconf 84' lang='lat' dir='ltr'>vivere</span> <span class='ocrx_word' id='word_1_129' title='bbox 205 1935 371 2007; x_wconf 88' lang='lat' dir='ltr'>promptus</span> <span class='ocrx_word' id='word_1_130' title='bbox 393 1925 436 1987; x_wconf 88' lang='lat' dir='ltr'>sis</span> <span class='ocrx_word' id='word_1_131' title='bbox 458 1933 490 1986; x_wconf 89' lang='lat' dir='ltr'>ct</span> <span class='ocrx_word' id='word_1_132' title='bbox 511 1925 614 1987; x_wconf 65' lang='lat' dir='ltr'>mori!</span> <span class='ocrx_word' id='word_1_133' title='bbox 660 1935 692 1987; x_wconf 91' lang='lat' dir='ltr'>at</span> <span class='ocrx_word' id='word_1_134' title='bbox 714 1926 773 1986; x_wconf 92' lang='lat' dir='ltr'>hoc</span> <span class='ocrx_word' id='word_1_135' title='bbox 794 1942 858 1987; x_wconf 92' lang='lat' dir='ltr'>non</span> <span class='ocrx_word' id='word_1_136' title='bbox 881 1935 928 1986; x_wconf 90' lang='lat' dir='ltr'>est</span> <span class='ocrx_word' id='word_1_137' title='bbox 951 1926 1158 2006; x_wconf 87' lang='lat' dir='ltr'>interpretari</span> <span class='ocrx_word' id='word_1_138' title='bbox 1180 1944 1262 2005; x_wconf 90' lang='lat' dir='ltr'>quae</span> 
     </span>
     <span class='ocr_line' id='line_1_16' title="bbox 84 2026 1259 2110; baseline 0.001 -22"><span class='ocrx_word' id='word_1_139' title='bbox 84 2030 192 2110; x_wconf 79' lang='lat' dir='ltr'>scripta</span> <span class='ocrx_word' id='word_1_140' title='bbox 218 2037 310 2106; x_wconf 87' lang='lat' dir='ltr'>sunt,</span> <span class='ocrx_word' id='word_1_141' title='bbox 342 2047 455 2090; x_wconf 88' lang='lat' dir='ltr'>verum</span> <span class='ocrx_word' id='word_1_142' title='bbox 483 2046 564 2108; x_wconf 90' lang='lat' dir='ltr'>quae</span> <span class='ocrx_word' id='word_1_143' title='bbox 594 2046 656 2089; x_wconf 92' lang='lat' dir='ltr'>non</span> <span class='ocrx_word' id='word_1_144' title='bbox 686 2029 803 2108; x_wconf 88' lang='lat' dir='ltr'>scripta</span> <span class='ocrx_word' id='word_1_145' title='bbox 832 2037 906 2090; x_wconf 91' lang='lat' dir='ltr'>sunt</span> <span class='ocrx_word' id='word_1_146' title='bbox 935 2026 1044 2090; x_wconf 88' lang='lat' dir='ltr'>iurtim</span> <span class='ocrx_word' id='word_1_147' title='bbox 1071 2027 1259 2090; x_wconf 85' lang='lat' dir='ltr'>admiscere.</span> 
     </span>
     <span class='ocr_line' id='line_1_17' title="bbox 85 2130 1262 2212; baseline 0.002 -20"><span class='ocrx_word' id='word_1_148' title='bbox 85 2149 120 2192; x_wconf 89' lang='lat' dir='ltr'>ne</span> <span class='ocrx_word' id='word_1_149' title='bbox 146 2133 196 2192; x_wconf 93' lang='lat' dir='ltr'>hic</span> <span class='ocrx_word' id='word_1_150' title='bbox 223 2131 355 2211; x_wconf 89' lang='lat' dir='ltr'>quidem</span> <span class='ocrx_word' id='word_1_151' title='bbox 391 2131 459 2212; x_wconf 86' lang='lat' dir='ltr'>ipsa</span> <span class='ocrx_word' id='word_1_152' title='bbox 488 2132 628 2192; x_wconf 88' lang='lat' dir='ltr'>Senecae</span> <span class='ocrx_word' id='word_1_153' title='bbox 657 2130 756 2192; x_wconf 87' lang='lat' dir='ltr'>verba</span> <span class='ocrx_word' id='word_1_154' title='bbox 789 2149 956 2211; x_wconf 89' lang='lat' dir='ltr'>possumus</span> <span class='ocrx_word' id='word_1_155' title='bbox 985 2141 1167 2212; x_wconf 88' lang='lat' dir='ltr'>praestare,</span> <span class='ocrx_word' id='word_1_156' title='bbox 1205 2131 1262 2194; x_wconf 92' lang='lat' dir='ltr'>sed</span> 
     </span>
     <span class='ocr_line' id='line_1_18' title="bbox 86 2232 1262 2316; baseline 0.002 -23"><span class='ocrx_word' id='word_1_157' title='bbox 86 2234 155 2297; x_wconf 92' lang='lat' dir='ltr'>illud</span> <span class='ocrx_word' id='word_1_158' title='bbox 175 2253 365 2316; x_wconf 88' lang='lat' dir='ltr'>persuasum</span> <span class='ocrx_word' id='word_1_159' title='bbox 386 2232 478 2295; x_wconf 91' lang='lat' dir='ltr'>nobis</span> <span class='ocrx_word' id='word_1_160' title='bbox 501 2242 559 2312; x_wconf 90' lang='lat' dir='ltr'>est,</span> <span class='ocrx_word' id='word_1_161' title='bbox 592 2233 714 2314; x_wconf 84' lang='lat' dir='ltr'>aliquid</span> <span class='ocrx_word' id='word_1_162' title='bbox 736 2233 892 2296; x_wconf 86' lang='lat' dir='ltr'>excidisse</span> <span class='ocrx_word' id='word_1_163' title='bbox 917 2243 947 2296; x_wconf 87' lang='lat' dir='ltr'>et</span> <span class='ocrx_word' id='word_1_164' title='bbox 969 2235 1051 2297; x_wconf 89' lang='lat' dir='ltr'>banc</span> <span class='ocrx_word' id='word_1_165' title='bbox 1073 2233 1141 2296; x_wconf 85' lang='lat' dir='ltr'>iere</span> <span class='ocrx_word' id='word_1_166' title='bbox 1164 2233 1262 2296; x_wconf 82' lang='lat' dir='ltr'>luisse</span> 
     </span>
     <span class='ocr_line' id='line_1_19' title="bbox 84 2335 1263 2419; baseline 0 -21"><span class='ocrx_word' id='word_1_167' title='bbox 84 2339 275 2415; x_wconf 79' lang='lat' dir='ltr'>sententiam,</span> <span class='ocrx_word' id='word_1_168' title='bbox 311 2335 447 2418; x_wconf 84' lang='lat' dir='ltr'>‘parare&#39;</span> <span class='ocrx_word' id='word_1_169' title='bbox 468 2336 570 2418; x_wconf 82' lang='lat' dir='ltr'>inquis</span> <span class='ocrx_word' id='word_1_170' title='bbox 600 2336 692 2398; x_wconf 89' lang='lat' dir='ltr'>‘ande</span> <span class='ocrx_word' id='word_1_171' title='bbox 713 2339 816 2398; x_wconf 87' lang='lat' dir='ltr'>vivam</span> <span class='ocrx_word' id='word_1_172' title='bbox 837 2336 928 2399; x_wconf 61' lang='lat' dir='ltr'>votos</span> <span class='ocrx_word' id='word_1_173' title='bbox 971 2338 1063 2400; x_wconf 86' lang='lat' dir='ltr'>simul</span> <span class='ocrx_word' id='word_1_174' title='bbox 1091 2345 1120 2400; x_wconf 89' lang='lat' dir='ltr'>et</span> <span class='ocrx_word' id='word_1_175' title='bbox 1144 2355 1263 2419; x_wconf 87' lang='lat' dir='ltr'>parare</span> 
     </span>
     <span class='ocr_line' id='line_1_20' title="bbox 84 2439 431 2503; baseline 0 -3"><span class='ocrx_word' id='word_1_176' title='bbox 84 2439 160 2503; x_wconf 89' lang='lat' dir='ltr'>ande</span> <span class='ocrx_word' id='word_1_177' title='bbox 182 2441 317 2501; x_wconf 88' lang='lat' dir='ltr'>moriare</span> <span class='ocrx_word' id='word_1_178' title='bbox 340 2439 431 2502; x_wconf 83' lang='lat' dir='ltr'>disce.</span> 
     </span>
    </p>

    <p class='ocr_par' dir='ltr' id='par_1_4' title="bbox 83 2539 1302 3653">
     <span class='ocr_line' id='line_1_21' title="bbox 161 2539 1263 2624; baseline 0 -20"><span class='ocrx_word' id='word_1_179' title='bbox 161 2543 323 2624; x_wconf 87' lang='lat' dir='ltr'>Epistulae</span> <span class='ocrx_word' id='word_1_180' title='bbox 348 2543 386 2602; x_wconf 89' lang='lat' dir='ltr'>l8</span> <span class='ocrx_word' id='word_1_181' title='bbox 411 2540 430 2602; x_wconf 87' lang='grc'><strong>7</strong></span> <span class='ocrx_word' id='word_1_182' title='bbox 457 2539 497 2624; x_wconf 83' lang='lat'>(5)</span> <span class='ocrx_word' id='word_1_183' title='bbox 526 2541 603 2604; x_wconf 91' lang='lat' dir='ltr'>baec</span> <span class='ocrx_word' id='word_1_184' title='bbox 625 2551 699 2604; x_wconf 92' lang='lat' dir='ltr'>sunt</span> <span class='ocrx_word' id='word_1_185' title='bbox 719 2541 832 2620; x_wconf 87' lang='lat' dir='ltr'>verba,</span> <span class='ocrx_word' id='word_1_186' title='bbox 864 2550 944 2621; x_wconf 86' lang='lat' dir='ltr'>tanc,</span> <span class='ocrx_word' id='word_1_187' title='bbox 976 2543 1051 2606; x_wconf 76' lang='lat' dir='ltr'>milri</span> <span class='ocrx_word' id='word_1_188' title='bbox 1070 2543 1169 2621; x_wconf 89' lang='lat' dir='ltr'>crede,</span> <span class='ocrx_word' id='word_1_189' title='bbox 1201 2545 1263 2604; x_wconf 80' lang='lat' dir='ltr'>Ln-</span> 
     </span>
     <span class='ocr_line' id='line_1_22' title="bbox 83 2643 1262 2727; baseline 0.001 -20"><span class='ocrx_word' id='word_1_190' title='bbox 83 2647 138 2724; x_wconf 87' lang='lat' dir='ltr'>citi,</span> <span class='ocrx_word' id='word_1_191' title='bbox 162 2643 316 2708; x_wconf 81' lang='lat' dir='ltr'>eanltabis</span> <span class='ocrx_word' id='word_1_192' title='bbox 338 2643 479 2726; x_wconf 75' lang='lat' dir='ltr'>depondio</span> <span class='ocrx_word' id='word_1_193' title='bbox 502 2652 591 2708; x_wconf 82' lang='lat' dir='ltr'>satur</span> <span class='ocrx_word' id='word_1_194' title='bbox 612 2651 641 2707; x_wconf 91' lang='lat' dir='ltr'>et</span> <span class='ocrx_word' id='word_1_195' title='bbox 661 2644 813 2726; x_wconf 73' lang='lat' dir='ltr'>intellepes</span> <span class='ocrx_word' id='word_1_196' title='bbox 835 2645 877 2707; x_wconf 89' lang='lat' dir='ltr'>ad</span> <span class='ocrx_word' id='word_1_197' title='bbox 898 2647 1089 2708; x_wconf 84' lang='lat' dir='ltr'>securitatem</span> <span class='ocrx_word' id='word_1_198' title='bbox 1110 2666 1171 2708; x_wconf 89' lang='lat' dir='ltr'>non</span> <span class='ocrx_word' id='word_1_199' title='bbox 1187 2664 1262 2727; x_wconf 86' lang='lat' dir='ltr'>opus</span> 
     </span>
     <span class='ocr_line' id='line_1_23' title="bbox 83 2745 1259 2830; baseline 0 -20"><span class='ocrx_word' id='word_1_200' title='bbox 83 2767 142 2810; x_wconf 84' lang='lat' dir='ltr'>esse</span> <span class='ocrx_word' id='word_1_201' title='bbox 162 2751 316 2811; x_wconf 81' lang='lat' dir='ltr'>Fortuna:</span> <span class='ocrx_word' id='word_1_202' title='bbox 352 2745 406 2810; x_wconf 81' lang='lat' dir='ltr'>troc</span> <span class='ocrx_word' id='word_1_203' title='bbox 434 2749 514 2810; x_wconf 87' lang='lat' dir='ltr'>enirn</span> <span class='ocrx_word' id='word_1_204' title='bbox 543 2748 621 2830; x_wconf 76' lang='lat' dir='ltr'>prod</span> <span class='ocrx_word' id='word_1_205' title='bbox 649 2749 821 2810; x_wconf 83' lang='lat' dir='ltr'>necessitati</span> <span class='ocrx_word' id='word_1_206' title='bbox 848 2755 899 2811; x_wconf 89' lang='lat' dir='ltr'>sat</span> <span class='ocrx_word' id='word_1_207' title='bbox 926 2757 971 2811; x_wconf 90' lang='lat' dir='ltr'>est</span> <span class='ocrx_word' id='word_1_208' title='bbox 998 2748 1082 2811; x_wconf 88' lang='lat' dir='ltr'>debet</span> <span class='ocrx_word' id='word_1_209' title='bbox 1108 2757 1137 2812; x_wconf 90' lang='lat' dir='ltr'>et</span> <span class='ocrx_word' id='word_1_210' title='bbox 1165 2751 1259 2812; x_wconf 86' lang='lat' dir='ltr'>irata.</span> 
     </span>
     <span class='ocr_line' id='line_1_24' title="bbox 83 2849 1262 2932; baseline 0.001 -20"><span class='ocrx_word' id='word_1_211' title='bbox 83 2853 409 2932; x_wconf 76' lang='lat' dir='ltr'>Schweighaeuserus,</span> <span class='ocrx_word' id='word_1_212' title='bbox 439 2851 531 2911; x_wconf 90' lang='lat' dir='ltr'>homo</span> <span class='ocrx_word' id='word_1_213' title='bbox 561 2849 670 2913; x_wconf 93' lang='lat' dir='ltr'>iudicii</span> <span class='ocrx_word' id='word_1_214' title='bbox 693 2850 847 2932; x_wconf 88' lang='lat' dir='ltr'>simplicis</span> <span class='ocrx_word' id='word_1_215' title='bbox 875 2860 907 2912; x_wconf 91' lang='lat' dir='ltr'>et</span> <span class='ocrx_word' id='word_1_216' title='bbox 929 2852 1019 2930; x_wconf 91' lang='lat' dir='ltr'>recti,</span> <span class='ocrx_word' id='word_1_217' title='bbox 1051 2851 1143 2926; x_wconf 88' lang='lat' dir='ltr'>debet,</span> <span class='ocrx_word' id='word_1_218' title='bbox 1176 2850 1262 2932; x_wconf 91' lang='lat' dir='ltr'>quod</span> 
     </span>
     <span class='ocr_line' id='line_1_25' title="bbox 84 2952 1262 3035; baseline 0.003 -21"><span class='ocrx_word' id='word_1_219' title='bbox 84 2955 216 3035; x_wconf 88' lang='lat' dir='ltr'>ineptum</span> <span class='ocrx_word' id='word_1_220' title='bbox 240 2964 299 3030; x_wconf 88' lang='grc' dir='ltr'><strong>εει,</strong></span> <span class='ocrx_word' id='word_1_221' title='bbox 336 2955 368 3015; x_wconf 94' lang='lat' dir='ltr'>in</span> <span class='ocrx_word' id='word_1_222' title='bbox 392 2954 445 3016; x_wconf 91' lang='lat' dir='ltr'>dat</span> <span class='ocrx_word' id='word_1_223' title='bbox 472 2952 661 3015; x_wconf 89' lang='lat' dir='ltr'>mutandum</span> <span class='ocrx_word' id='word_1_224' title='bbox 688 2972 758 3015; x_wconf 91' lang='lat' dir='ltr'>esse</span> <span class='ocrx_word' id='word_1_225' title='bbox 786 2953 920 3016; x_wconf 90' lang='lat' dir='ltr'>censuit.</span> <span class='ocrx_word' id='word_1_226' title='bbox 966 2953 1024 3016; x_wconf 89' lang='lat' dir='ltr'>sed</span> <span class='ocrx_word' id='word_1_227' title='bbox 1053 2955 1158 3017; x_wconf 92' lang='lat' dir='ltr'>lenius</span> <span class='ocrx_word' id='word_1_228' title='bbox 1187 2954 1262 3017; x_wconf 89' lang='lat' dir='ltr'>inde</span> 
     </span>
     <span class='ocr_line' id='line_1_26' title="bbox 85 3055 1263 3138; baseline 0.002 -22"><span class='ocrx_word' id='word_1_229' title='bbox 85 3055 226 3121; x_wconf 88' lang='lat' dir='ltr'>iaciemus</span> <span class='ocrx_word' id='word_1_230' title='bbox 254 3075 354 3119; x_wconf 77' lang='lat' dir='ltr'>nasta.</span> <span class='ocrx_word' id='word_1_231' title='bbox 401 3055 512 3118; x_wconf 90' lang='lat' dir='ltr'>eadem</span> <span class='ocrx_word' id='word_1_232' title='bbox 542 3055 762 3118; x_wconf 86' lang='lat' dir='ltr'>emendatione</span> <span class='ocrx_word' id='word_1_233' title='bbox 792 3057 915 3137; x_wconf 90' lang='lat' dir='ltr'>Lipsius</span> <span class='ocrx_word' id='word_1_234' title='bbox 946 3075 1025 3119; x_wconf 88' lang='lat' dir='ltr'>usus</span> <span class='ocrx_word' id='word_1_235' title='bbox 1054 3067 1102 3120; x_wconf 88' lang='lat' dir='ltr'>est</span> <span class='ocrx_word' id='word_1_236' title='bbox 1130 3060 1164 3119; x_wconf 89' lang='lat' dir='ltr'>in</span> <span class='ocrx_word' id='word_1_237' title='bbox 1194 3059 1263 3138; x_wconf 92' lang='lat' dir='ltr'>epi-</span> 
     </span>
     <span class='ocr_line' id='line_1_27' title="bbox 84 3158 1262 3242; baseline 0.001 -23"><span class='ocrx_word' id='word_1_238' title='bbox 84 3161 157 3222; x_wconf 89' lang='lat' dir='ltr'>stula</span> <span class='ocrx_word' id='word_1_239' title='bbox 180 3162 240 3222; x_wconf 74' lang='lat'>⁴00</span> <span class='ocrx_word' id='word_1_240' title='bbox 266 3161 297 3238; x_wconf 89' lang='grc'>8,</span> <span class='ocrx_word' id='word_1_241' title='bbox 329 3179 389 3220; x_wconf 91' lang='lat' dir='ltr'>non</span> <span class='ocrx_word' id='word_1_242' title='bbox 417 3158 506 3221; x_wconf 80' lang='lat' dir='ltr'>tabet</span> <span class='ocrx_word' id='word_1_243' title='bbox 531 3161 627 3220; x_wconf 87' lang='lat' dir='ltr'>oratio</span> <span class='ocrx_word' id='word_1_244' title='bbox 655 3160 730 3237; x_wconf 88' lang='lat' dir='ltr'>eins,</span> <span class='ocrx_word' id='word_1_245' title='bbox 761 3159 815 3221; x_wconf 88' lang='lat' dir='ltr'>sed</span> <span class='ocrx_word' id='word_1_246' title='bbox 843 3158 927 3222; x_wconf 90' lang='lat' dir='ltr'>dabit</span> <span class='ocrx_word' id='word_1_247' title='bbox 954 3159 1140 3242; x_wconf 79' lang='lat' dir='ltr'>dipnitatem.</span> <span class='ocrx_word' id='word_1_248' title='bbox 1188 3159 1262 3221; x_wconf 87' lang='lat' dir='ltr'>libri</span> 
     </span>
     <span class='ocr_line' id='line_1_28' title="bbox 84 3252 1262 3344; baseline 0.001 -20"><span class='ocrx_word' id='word_1_249' title='bbox 84 3262 175 3326; x_wconf 85' lang='lat' dir='ltr'>debet:</span> <span class='ocrx_word' id='word_1_250' title='bbox 211 3262 415 3325; x_wconf 89' lang='lat' dir='ltr'>verissimum</span> <span class='ocrx_word' id='word_1_251' title='bbox 443 3262 540 3344; x_wconf 92' lang='lat' dir='ltr'>Lipsii</span> <span class='ocrx_word' id='word_1_252' title='bbox 569 3263 750 3339; x_wconf 85' lang='lat' dir='ltr'>inventum,</span> <span class='ocrx_word' id='word_1_253' title='bbox 788 3271 825 3324; x_wconf 94' lang='lat' dir='ltr'>ut</span> <span class='ocrx_word' id='word_1_254' title='bbox 857 3262 917 3323; x_wconf 89' lang='lat' dir='ltr'>alia</span> <span class='ocrx_word' id='word_1_255' title='bbox 945 3281 1009 3325; x_wconf 92' lang='lat' dir='ltr'>non</span> <span class='ocrx_word' id='word_1_256' title='bbox 1039 3265 1144 3326; x_wconf 90' lang='lat' dir='ltr'>minus</span> <span class='ocrx_word' id='word_1_257' title='bbox 1170 3252 1262 3325; x_wconf 84' lang='lat' dir='ltr'>certa¹</span> 
     </span>
     <span class='ocr_line' id='line_1_29' title="bbox 83 3363 1302 3448; baseline 0.003 -24"><span class='ocrx_word' id='word_1_258' title='bbox 83 3365 169 3445; x_wconf 85' lang='lat' dir='ltr'>alibi,</span> <span class='ocrx_word' id='word_1_259' title='bbox 200 3385 243 3428; x_wconf 89' lang='lat' dir='ltr'>ne</span> <span class='ocrx_word' id='word_1_260' title='bbox 273 3366 376 3427; x_wconf 91' lang='lat' dir='ltr'>locum</span> <span class='ocrx_word' id='word_1_261' title='bbox 406 3363 535 3444; x_wconf 89' lang='lat' dir='ltr'>quidem</span> <span class='ocrx_word' id='word_1_262' title='bbox 564 3364 687 3426; x_wconf 89' lang='lat' dir='ltr'>invenit</span> <span class='ocrx_word' id='word_1_263' title='bbox 716 3365 749 3425; x_wconf 89' lang='lat' dir='ltr'>in</span> <span class='ocrx_word' id='word_1_264' title='bbox 778 3365 903 3445; x_wconf 90' lang='lat' dir='ltr'>copioso</span> <span class='ocrx_word' id='word_1_265' title='bbox 931 3385 1039 3428; x_wconf 89' lang='lat' dir='ltr'>rerum</span> <span class='ocrx_word' id='word_1_266' title='bbox 1067 3368 1183 3448; x_wconf 86' lang='lat' dir='ltr'>partim</span> <span class='ocrx_word' id='word_1_267' title='bbox 1211 3368 1302 3429; x_wconf 77' lang='lat' dir='ltr'>in-st</span> 
     </span>
     <span class='ocr_line' id='line_1_30' title="bbox 85 3466 1264 3549; baseline 0.001 -20"><span class='ocrx_word' id='word_1_268' title='bbox 85 3469 201 3532; x_wconf 89' lang='lat' dir='ltr'>utilium</span> <span class='ocrx_word' id='word_1_269' title='bbox 231 3466 403 3549; x_wconf 75' lang='lat' dir='ltr'>adparatu3</span> <span class='ocrx_word' id='word_1_270' title='bbox 437 3467 518 3530; x_wconf 88' lang='lat' dir='ltr'>decet</span> <span class='ocrx_word' id='word_1_271' title='bbox 546 3477 652 3530; x_wconf 87' lang='lat' dir='ltr'>autem</span> <span class='ocrx_word' id='word_1_272' title='bbox 683 3466 768 3547; x_wconf 88' lang='lat' dir='ltr'>quod</span> <span class='ocrx_word' id='word_1_273' title='bbox 795 3467 925 3530; x_wconf 88' lang='lat' dir='ltr'>llaasius</span> <span class='ocrx_word' id='word_1_274' title='bbox 955 3469 1096 3549; x_wconf 83' lang='lat' dir='ltr'>scripsit,</span> <span class='ocrx_word' id='word_1_275' title='bbox 1128 3469 1183 3532; x_wconf 82' lang='lat' dir='ltr'>vix</span> <span class='ocrx_word' id='word_1_276' title='bbox 1212 3471 1264 3530; x_wconf 90' lang='lat' dir='ltr'>in-</span> 
     </span>
     <span class='ocr_line' id='line_1_31' title="bbox 85 3571 901 3653; baseline 0.006 -23"><span class='ocrx_word' id='word_1_277' title='bbox 85 3571 183 3653; x_wconf 76' lang='lat' dir='ltr'>tellegi</span> <span class='ocrx_word' id='word_1_278' title='bbox 205 3580 321 3653; x_wconf 89' lang='lat' dir='ltr'>potest.</span> <span class='ocrx_word' id='word_1_279' title='bbox 897 3573 901 3582; x_wconf 87' lang='lat'>&#39;</span> 
     </span>
    </p>

    <p class='ocr_par' dir='ltr' id='par_1_5' title="bbox 82 3671 1266 4168">
     <span class='ocr_line' id='line_1_32' title="bbox 161 3671 1264 3754; baseline 0.001 -18"><span class='ocrx_word' id='word_1_280' title='bbox 161 3676 229 3737; x_wconf 88' lang='lat' dir='ltr'>Non</span> <span class='ocrx_word' id='word_1_281' title='bbox 252 3674 368 3736; x_wconf 90' lang='lat' dir='ltr'>malum</span> <span class='ocrx_word' id='word_1_282' title='bbox 392 3682 459 3736; x_wconf 89' lang='lat' dir='ltr'>erat</span> <span class='ocrx_word' id='word_1_283' title='bbox 481 3671 566 3754; x_wconf 90' lang='lat' dir='ltr'>quod</span> <span class='ocrx_word' id='word_1_284' title='bbox 588 3674 621 3733; x_wconf 92' lang='lat' dir='ltr'>in</span> <span class='ocrx_word' id='word_1_285' title='bbox 645 3673 780 3754; x_wconf 83' lang='lat' dir='ltr'>epistula</span> <span class='ocrx_word' id='word_1_286' title='bbox 802 3673 841 3735; x_wconf 75' lang='lat'>20</span> <span class='ocrx_word' id='word_1_287' title='bbox 866 3675 884 3735; x_wconf 78' lang='lat'>2</span> <span class='ocrx_word' id='word_1_288' title='bbox 908 3675 982 3736; x_wconf 92' lang='lat' dir='ltr'>olim</span> <span class='ocrx_word' id='word_1_289' title='bbox 1006 3674 1082 3737; x_wconf 89' lang='lat' dir='ltr'>inde</span> <span class='ocrx_word' id='word_1_290' title='bbox 1104 3693 1122 3737; x_wconf 91' lang='lat' dir='ltr'>a</span> <span class='ocrx_word' id='word_1_291' title='bbox 1144 3677 1264 3738; x_wconf 86' lang='lat' dir='ltr'>llureto</span> 
     </span>
     <span class='ocr_line' id='line_1_33' title="bbox 82 3775 1266 3863; baseline 0.003 -27"><span class='ocrx_word' id='word_1_292' title='bbox 82 3776 289 3856; x_wconf 84' lang='lat' dir='ltr'>scribebatur,</span> <span class='ocrx_word' id='word_1_293' title='bbox 318 3776 424 3858; x_wconf 77' lang='lat' dir='ltr'>[acne</span> <span class='ocrx_word' id='word_1_294' title='bbox 445 3775 528 3838; x_wconf 91' lang='lat' dir='ltr'>docet</span> <span class='ocrx_word' id='word_1_295' title='bbox 545 3775 745 3858; x_wconf 77' lang='lat' dir='ltr'>philosophia,</span> <span class='ocrx_word' id='word_1_296' title='bbox 769 3795 830 3838; x_wconf 90' lang='lat' dir='ltr'>non</span> <span class='ocrx_word' id='word_1_297' title='bbox 852 3777 961 3857; x_wconf 89' lang='lat' dir='ltr'>dicere,</span> <span class='ocrx_word' id='word_1_298' title='bbox 991 3778 1093 3841; x_wconf 78' lang='lat' dir='ltr'>etiae</span> <span class='ocrx_word' id='word_1_299' title='bbox 1115 3780 1212 3863; x_wconf 79' lang='lat' dir='ltr'>eaipit</span> <span class='ocrx_word' id='word_1_300' title='bbox 1232 3787 1266 3840; x_wconf 90' lang='lat' dir='ltr'>nt</span> 
     </span>
     <span class='ocr_line' id='line_1_34' title="bbox 84 3879 1265 3963; baseline 0.002 -23"><span class='ocrx_word' id='word_1_301' title='bbox 84 3879 122 3940; x_wconf 88' lang='lat' dir='ltr'>ad</span> <span class='ocrx_word' id='word_1_302' title='bbox 142 3881 233 3963; x_wconf 76' lang='lat' dir='ltr'>lepern</span> <span class='ocrx_word' id='word_1_303' title='bbox 255 3897 345 3943; x_wconf 86' lang='lat' dir='ltr'>saara</span> <span class='ocrx_word' id='word_1_304' title='bbox 366 3880 489 3961; x_wconf 79' lang='lat' dir='ltr'>quisque</span> <span class='ocrx_word' id='word_1_305' title='bbox 511 3881 605 3957; x_wconf 68' lang='lat' dir='ltr'>vivat</span> <span class='ocrx_word' id='word_1_306' title='bbox 637 3897 675 3940; x_wconf 91' lang='lat' dir='ltr'>ne</span> <span class='ocrx_word' id='word_1_307' title='bbox 697 3881 828 3941; x_wconf 76' lang='lat' dir='ltr'>oratiam</span> <span class='ocrx_word' id='word_1_308' title='bbox 848 3881 912 3942; x_wconf 86' lang='lat' dir='ltr'>nita</span> <span class='ocrx_word' id='word_1_309' title='bbox 934 3879 1110 3958; x_wconf 81' lang='lat' dir='ltr'>dissentiat,</span> <span class='ocrx_word' id='word_1_310' title='bbox 1136 3887 1172 3943; x_wconf 86' lang='lat' dir='ltr'>nt</span> <span class='ocrx_word' id='word_1_311' title='bbox 1197 3883 1265 3963; x_wconf 88' lang='lat' dir='ltr'>ipsa</span> 
     </span>
     <span class='ocr_line' id='line_1_35' title="bbox 86 3979 1264 4062; baseline 0.003 -20"><span class='ocrx_word' id='word_1_312' title='bbox 86 3982 157 4044; x_wconf 83' lang='lat' dir='ltr'>inter</span> <span class='ocrx_word' id='word_1_313' title='bbox 178 4003 210 4046; x_wconf 89' lang='lat' dir='ltr'>se</span> <span class='ocrx_word' id='word_1_314' title='bbox 232 3985 298 4045; x_wconf 89' lang='lat' dir='ltr'>vita</span> <span class='ocrx_word' id='word_1_315' title='bbox 318 3981 443 4058; x_wconf 80' lang='lat' dir='ltr'>anias,¹</span> <span class='ocrx_word' id='word_1_316' title='bbox 460 3983 525 4043; x_wconf 85' lang='lat' dir='ltr'>sine</span> <span class='ocrx_word' id='word_1_317' title='bbox 554 3983 705 4044; x_wconf 84' lang='lat' dir='ltr'>actionum</span> <span class='ocrx_word' id='word_1_318' title='bbox 732 3979 928 4062; x_wconf 87' lang='lat' dir='ltr'>dissensione,</span> <span class='ocrx_word' id='word_1_319' title='bbox 959 3984 1068 4046; x_wconf 88' lang='lat' dir='ltr'>eoloris</span> <span class='ocrx_word' id='word_1_320' title='bbox 1094 3985 1145 4046; x_wconf 86' lang='lat' dir='ltr'>sit.</span> <span class='ocrx_word' id='word_1_321' title='bbox 1191 4003 1264 4046; x_wconf 88' lang='lat' dir='ltr'>nam</span> 
     </span>
     <span class='ocr_line' id='line_1_36' title="bbox 86 4083 1266 4168; baseline 0.002 -22"><span class='ocrx_word' id='word_1_322' title='bbox 86 4095 303 4167; x_wconf 87' lang='lat' dir='ltr'>praeterquam</span> <span class='ocrx_word' id='word_1_323' title='bbox 338 4084 423 4166; x_wconf 90' lang='lat' dir='ltr'>quod</span> <span class='ocrx_word' id='word_1_324' title='bbox 457 4086 537 4146; x_wconf 90' lang='lat' dir='ltr'>inter</span> <span class='ocrx_word' id='word_1_325' title='bbox 565 4101 598 4147; x_wconf 89' lang='lat' dir='ltr'>se</span> <span class='ocrx_word' id='word_1_326' title='bbox 634 4101 696 4146; x_wconf 91' lang='lat' dir='ltr'>non</span> <span class='ocrx_word' id='word_1_327' title='bbox 732 4094 818 4146; x_wconf 90' lang='lat' dir='ltr'>recte</span> <span class='ocrx_word' id='word_1_328' title='bbox 848 4083 969 4148; x_wconf 91' lang='lat' dir='ltr'>dictum</span> <span class='ocrx_word' id='word_1_329' title='bbox 997 4096 1045 4148; x_wconf 90' lang='lat' dir='ltr'>est</span> <span class='ocrx_word' id='word_1_330' title='bbox 1079 4085 1266 4168; x_wconf 84' lang='lat' dir='ltr'>(requiritur</span> 
     </span>
    </p>
   </div>
   <div class='ocr_carea' id='block_1_3' title="bbox 85 4185 1266 4584">
    <p class='ocr_par' dir='ltr' id='par_1_6' title="bbox 85 4185 1266 4584">
     <span class='ocr_line' id='line_1_37' title="bbox 86 4185 1265 4271; baseline 0.005 -25"><span class='ocrx_word' id='word_1_331' title='bbox 86 4189 164 4250; x_wconf 87' lang='lat' dir='ltr'>euim</span> <span class='ocrx_word' id='word_1_332' title='bbox 186 4192 271 4252; x_wconf 84' lang='lat' dir='ltr'>intra</span> <span class='ocrx_word' id='word_1_333' title='bbox 292 4187 333 4270; x_wconf 80' lang='lat' dir='ltr'>se)</span> <span class='ocrx_word' id='word_1_334' title='bbox 361 4188 443 4249; x_wconf 93' lang='lat' dir='ltr'>nihil</span> <span class='ocrx_word' id='word_1_335' title='bbox 472 4188 550 4250; x_wconf 91' lang='lat' dir='ltr'>baec</span> <span class='ocrx_word' id='word_1_336' title='bbox 576 4188 676 4250; x_wconf 89' lang='lat' dir='ltr'>oratio</span> <span class='ocrx_word' id='word_1_337' title='bbox 704 4185 802 4249; x_wconf 89' lang='lat' dir='ltr'>habet</span> <span class='ocrx_word' id='word_1_338' title='bbox 830 4187 915 4268; x_wconf 90' lang='lat' dir='ltr'>quod</span> <span class='ocrx_word' id='word_1_339' title='bbox 945 4189 1058 4251; x_wconf 90' lang='lat' dir='ltr'>merito</span> <span class='ocrx_word' id='word_1_340' title='bbox 1087 4191 1265 4271; x_wconf 90' lang='lat' dir='ltr'>reprehen-</span> 
     </span>
     <span class='ocr_line' id='line_1_38' title="bbox 86 4287 1266 4372; baseline 0.007 -23"><span class='ocrx_word' id='word_1_341' title='bbox 86 4287 148 4352; x_wconf 90' lang='lat' dir='ltr'>das.</span> <span class='ocrx_word' id='word_1_342' title='bbox 193 4292 250 4355; x_wconf 91' lang='lat' dir='ltr'>sed</span> <span class='ocrx_word' id='word_1_343' title='bbox 277 4291 339 4353; x_wconf 90' lang='lat' dir='ltr'>alio</span> <span class='ocrx_word' id='word_1_344' title='bbox 368 4289 490 4353; x_wconf 88' lang='lat' dir='ltr'>ducunt</span> <span class='ocrx_word' id='word_1_345' title='bbox 514 4289 633 4352; x_wconf 87' lang='lat' dir='ltr'>veteris</span> <span class='ocrx_word' id='word_1_346' title='bbox 661 4291 836 4370; x_wconf 89' lang='lat' dir='ltr'>scripturae</span> <span class='ocrx_word' id='word_1_347' title='bbox 864 4291 1008 4372; x_wconf 82' lang='lat' dir='ltr'>vestigia.</span> <span class='ocrx_word' id='word_1_348' title='bbox 1060 4295 1180 4355; x_wconf 88' lang='lat' dir='ltr'>veteris</span> <span class='ocrx_word' id='word_1_349' title='bbox 1207 4313 1266 4357; x_wconf 91' lang='lat' dir='ltr'>au-</span> 
     </span>
     <span class='ocr_line' id='line_1_39' title="bbox 88 4391 1266 4477; baseline 0.007 -26"><span class='ocrx_word' id='word_1_350' title='bbox 88 4401 144 4454; x_wconf 82' lang='lat' dir='ltr'>lem</span> <span class='ocrx_word' id='word_1_351' title='bbox 173 4396 350 4477; x_wconf 88' lang='lat' dir='ltr'>scripturae</span> <span class='ocrx_word' id='word_1_352' title='bbox 379 4395 555 4456; x_wconf 84' lang='lat' dir='ltr'>certissima</span> <span class='ocrx_word' id='word_1_353' title='bbox 584 4391 707 4473; x_wconf 88' lang='lat' dir='ltr'>speeies</span> <span class='ocrx_word' id='word_1_354' title='bbox 740 4393 772 4454; x_wconf 91' lang='lat' dir='ltr'>in</span> <span class='ocrx_word' id='word_1_355' title='bbox 800 4391 892 4455; x_wconf 91' lang='lat' dir='ltr'>libris</span> <span class='ocrx_word' id='word_1_356' title='bbox 920 4394 1128 4476; x_wconf 90' lang='lat' dir='ltr'>epistularum</span> <span class='ocrx_word' id='word_1_357' title='bbox 1156 4396 1266 4459; x_wconf 89' lang='lat' dir='ltr'>trede-</span> 
     </span>
     <span class='ocr_line' id='line_1_40' title="bbox 85 4495 1266 4584; baseline 0.008 -32"><span class='ocrx_word' id='word_1_358' title='bbox 85 4496 143 4556; x_wconf 89' lang='lat' dir='ltr'>cim</span> <span class='ocrx_word' id='word_1_359' title='bbox 164 4496 334 4577; x_wconf 89' lang='lat' dir='ltr'>prioribus,</span> <span class='ocrx_word' id='word_1_360' title='bbox 367 4497 422 4577; x_wconf 90' lang='lat' dir='ltr'>qui</span> <span class='ocrx_word' id='word_1_361' title='bbox 445 4495 596 4584; x_wconf 84' lang='lat' dir='ltr'>epistulas</span> <span class='ocrx_word' id='word_1_362' title='bbox 619 4495 781 4557; x_wconf 91' lang='lat' dir='ltr'>continent</span> <span class='ocrx_word' id='word_1_363' title='bbox 802 4498 958 4576; x_wconf 76' lang='lat' dir='ltr'>octoginta</span> <span class='ocrx_word' id='word_1_364' title='bbox 980 4507 1059 4578; x_wconf 92' lang='lat' dir='ltr'>octo,</span> <span class='ocrx_word' id='word_1_365' title='bbox 1093 4498 1266 4579; x_wconf 87' lang='lat' dir='ltr'>repetenda</span> 
     </span>
    </p>
   </div>
   <div class='ocr_carea' id='block_1_4' title="bbox 0 0 1596 5108">
    <p class='ocr_par' dir='ltr' id='par_1_7' title="bbox 0 0 1596 5108">
     <span class='ocr_line' id='line_1_41' title="bbox 0 0 1596 5108; baseline 0 0"><span class='ocrx_word' id='word_1_366' title='bbox 0 0 1596 5108; x_wconf 95' lang='lat' dir='ltr'> </span> 
     </span>
    </p>
   </div>
  </div>
 </body>
</html>
