3204 5104
317 318 391 390 344
612 333 701 394 lunen
724 348 889 394 ιιαιιοιιιιι
913 347 1096 392 ιιιιιιιιιιιιιι
1116 328 1208 389 tuto.

316 540 430 600 versu,
455 521 512 584 ubi
535 530 659 584 vetusta
675 519 868 602 exemplaria
883 537 946 580 non
962 518 1136 598 motis-ripis
1152 515 1286 594 habent,
1312 515 1368 580 sed
1386 516 1488 597 portie-
1580 569 1581 586 ,

318 625 413 706 ripis,
439 625 571 706 pulchre
589 624 717 706 scripsit
736 622 953 704 promis-rivis.
1000 629 1067 684 tum
1090 639 1186 683 versu
1209 629 1300 682 sexto
1323 627 1408 682 vasto
1427 617 1489 680 ritc-
1580 603 1581 640 ³

318 725 421 808 rybdis
450 747 490 788 ex
511 723 630 789 'codice
663 726 813 790 vossiano
848 733 933 786 recte
964 725 1095 805 recepit.
1149 742 1244 805 porro
1272 732 1380 785 octavo
1407 739 1490 784 versu

318 829 432 911 campis
455 849 495 892 ex
517 832 652 893 vetustis
674 829 776 892 libris.
823 827 934 890 ultimo
956 836 1062 889 autem
1085 846 1181 890 versu
1204 829 1341 890 auertite
1364 825 1489 906 scripsit,

319 945 400 995 raro·
413 933 567 996 consortio
590 935 724 996 sociatus
747 952 818 995 cum
842 931 978 1012 Caspare
1001 931 1144 1010 Barthio,
1176 949 1271 1012 quem
1302 931 1377 992 alias
1401 927 1493 990 iaecte
1580 921 1581 926 ’

319 1025 450 1118 quidem
480 1035 538 1098 sed
568 1035 770 1098 meritissimo
798 1034 878 1097 dixit
907 1032 999 1096 brevi
1030 1033 1219 1115 plerumque
1253 1053 1330 1096 arcu
1363 1031 1490 1094 iaculari.

319 1138 513 1202 difficiliores
543 1149 617 1201 sunt
645 1157 757 1201 versus
787 1146 919 1218 quartus
947 1146 980 1199 ct
1008 1138 1151 1217 quintus.
1205 1155 1341 1218 quorum
1369 1135 1491 1198 alterum

319 1242 498 1321 Bentleius,
531 1262 602 1305 cum
626 1244 742 1305 vetusti
765 1239 840 1301 libri
863 1241 892 1301 ei
915 1239 1012 1303 subito
1035 1239 1275 1321 praebuissent,
1302 1241 1345 1302 ita
1365 1237 1490 1319 scripsit,

294 1361 355 1408 aec
383 1344 479 1408 subito
504 1347 629 1426 perimit
646 1363 762 1426 porcos
791 1342 967 1406 discrimine
989 1343 1082 1424 fetus.
1130 1331 1285 1424 egregie:'
1315 1359 1491 1423 quamquam

320 1447 451 1512 fortasse
481 1449 603 1510 servari
632 1458 735 1528 potest
762 1447 892 1528 rumpit,
929 1445 963 1508 id
992 1457 1040 1508 est
1068 1449 1217 1510 vulnerat
1246 1457 1278 1510 et
1309 1445 1415 1508 laedit.
1464 1444 1491 1504 in

319 1552 425 1633 priore
447 1552 604 1614 versiculo
619 1551 793 1633 Lipsiensis
813 1548 896 1613 liber
911 1556 997 1612 terre
1012 1549 1125 1628 habet,
1151 1551 1261 1631 scripti
1276 1559 1382 1613 autem
1396 1565 1492 1610 omnes

319 1655 424 1730 ervis,
449 1673 511 1716 non
527 1673 639 1718 comus.
679 1653 841 1715 Bentleius
866 1653 910 1714 ‘si
932 1651 1078 1715 divinare
1093 1655 1181 1715 licet'
1205 1655 1328 1734 inquit,
1357 1653 1490 1733 ‘legerim

318 1759 362 1819 sie
391 1758 504 1820 sterilis
533 1758 620 1820 laetis
649 1755 754 1838 rubipo
783 1757 944 1818 intervenit
966 1757 1076 1818 arvis!
1119 1756 1248 1819 videtur
1270 1756 1363 1819 nobis
1384 1757 1489 1817 minore

238 1871 254 1884 “
318 1879 398 1940 opus
421 1879 489 1922 esse
512 1859 660 1923 audacia:
687 1877 787 1940 paene
811 1859 896 1920 enim
919 1877 982 1921 non
998 1858 1182 1922 dubitamus
1196 1869 1323 1941 poetam
1341 1859 1488 1939 scripsisse

473 1965 517 2025 sie
538 1964 651 2026 sterilis
674 1981 786 2025 romss
809 1962 896 2024 luetis
919 1963 1081 2024 intervenit
1102 1966 1200 2026 ervis.

318 2067 453 2147 legimus
476 2067 508 2127 in
527 2066 677 2146 glossario
694 2065 802 2146 cyrilli
826 2059 989 2148 ἀπόκαυμα
1010 2066 1161 2145 restitutio,
1186 2075 1295 2128 torres.
1344 2065 1424 2128 idem
1443 2084 1487 2125 vo-

318 2168 466 2232 cabulum
489 2169 707 2232 Lachmannus
730 2169 873 2230 Lucretio
896 2187 929 2229 ιιι
953 2169 1014 2230 att
1037 2169 1200 2250 praeclare
1224 2170 1379 2232 restituit:
1411 2167 1488 2229 habet

317 2282 423 2336 autem
438 2272 583 2334 Manilius
598 2271 696 2334 multa
712 2271 908 2334 Lucretiana.
956 2274 1105 2334 torrentia
1128 2291 1219 2355 apros
1242 2273 1347 2334 sidera
1361 2273 1486 2334 lloratius

317 2375 399 2437 dixit
422 2375 525 2436 Carm.
544 2393 577 2436 ιιι
602 2376 613 2436 l
635 2375 689 2453 dl,
714 2371 868 2438 ἐπίκαυαιι
892 2375 1027 2456 scriptor
1047 2373 1179 2438 Aniochi
1202 2395 1233 2455 p.
1253 2376 1346 2455 368⁰,
1371 2367 1484 2459 φλαγμόι

316 2478 493 2560 Aeschylus
514 2478 605 2539 Eum.
631 2497 662 2538 v.
681 2477 742 2540 925
759 2496 816 2556 ss,
843 2471 1055 2562 δενδροπήμων
1078 2475 1111 2541 δὲ
1134 2473 1175 2563 μὴ
1197 2477 1282 2542 πνέοι
1304 2473 1416 2564 βλάβα,
1436 2471 1484 2539 Τὰι

316 2575 505 2674 ἐμάιχάριν
528 2579 625 2664 λέγω,
657 2574 799 2664 Φλαγμός
830 2575 854 2644 τ’
881 2575 1106 2666 ὀμματοστερὴς
1135 2585 1254 2667 φυτῶν,
1285 2577 1319 2645 τὸ
1350 2576 1389 2670 μὴ
1409 2581 1483 2663 περᾶν

316 2677 386 2770 ‘o'pov
408 2677 526 2761 τόπων,
556 2678 641 2767 Μηδ’
674 2673 807 2769 ἄκαρπος
834 2679 942 2768 αἰανὴς
964 2683 1117 2770 ἐφερπέτω
1139 2680 1236 2758 νόσος.
1284 2684 1423 2748 uredinis
1441 2701 1484 2743 vo-

317 2787 428 2850 cabulo
451 2787 492 2850 de
515 2788 608 2850 noxio
631 2787 748 2867 frigore
770 2788 822 2850 vel
845 2789 960 2868 pruina
981 2797 1116 2852 utuntur
1141 2790 1250 2852 Cicero
1273 2789 1392 2852 Plinius
1410 2787 1483 2848 Colu-

318 2892 428 2970 mella,
455 2910 534 2973 quos
557 2891 658 2953 loxica
673 2900 934 2953 commemorant:
961 2891 1036 2954 addi
1060 2901 1163 2973 potest
1178 2893 1333 2974 leianus
1355 2891 1429 2954 libro
1440 2908 1482 2950 ιιι
1580 2931 1581 2936 1

316 2994 357 3058 ad
380 2993 526 3057 Edictum
549 2995 582 3055 in
604 2994 741 3073 Digestis
756 3013 805 3056 ιιι
825 2997 843 3058 2
863 2995 901 3054 li>
919 2995 954 3073 2,
980 2995 1033 3056 sed
1055 3003 1083 3057 et
1104 2997 1133 3057 si
1152 2995 1247 3058 uredo
1266 2994 1401 3076 fructum
1420 2993 1483 3055 elme

317 3098 490 3179 corruperit
511 3105 564 3159 cut
585 3097 657 3160 solis
677 3095 801 3178 fervore
823 3117 883 3160 noo
905 3097 1028 3160 adsumo
1052 3097 1083 3160 id
1097 3097 1259 3176 acciderit,
1284 3099 1420 3160 ἀααιαααι
1439 3095 1482 3158 de

317 3201 393 3263 mini
410 3200 561 3281 futurum.

402 3301 471 3366 Alia
488 3305 581 3366 etiam
598 3303 836 3365 Manilianorum
853 3322 1002 3366 versuum
1020 3303 1135 3366 menda
1150 3304 1314 3367 Bentleius
1329 3303 1480 3366 rectissime

317 3406 476 3469 intellecta
498 3406 665 3469 audaciore
689 3407 869 3469 molimento
887 3409 1030 3469 removit.
1078 3409 1124 3470 sic
1143 3405 1224 3468 libro
1240 3425 1261 3467 v
1276 3408 1316 3470 il
1340 3405 1480 3470 verissime

317 3509 469 3572 iudicavit
491 3510 567 3572 ferri
591 3528 653 3571 non
676 3527 768 3590 posse
798 3527 915 3592 mmmm
937 3511 1019 3572 volat
1047 3511 1185 3574 stellatus
1214 3529 1327 3592 moue:
1356 3512 1386 3572 in
1406 3508 1480 3585 longa

316 3614 401 3674 onim
431 3615 594 3694 signorum
626 3612 864 3675 enumeratione
894 3615 1042 3676 continua
1073 3623 1121 3676 est
1154 3614 1411 3676 nominativorum
1439 3627 1481 3670 ce-

315 3736 407 3779 suum
430 3719 549 3796 series,
579 3716 633 3797 qui
658 3733 766 3777 omnes
787 3717 936 3796 suspensi
959 3727 1034 3780 suut
1056 3737 1096 3780 ex
1118 3737 1154 3780 eo
1176 3717 1277 3780 verbo
1299 3737 1317 3779 a
1338 3737 1395 3798 quo
1415 3731 1480 3776 enu-

316 3821 446 3882 meratio
477 3820 529 3882 ille
560 3819 673 3900 incipit
694 3838 726 3880 v.
755 3818 810 3897 li,
842 3817 912 3882 ltimc
934 3828 1021 3883 vocet
1044 3821 1149 3882 Orion.
1175 3821 1303 3902 scripsit
1325 3824 1406 3902 ioque
1424 3815 1480 3878 clus

315 3924 453 3986 stellatus
477 3941 581 4004 equam
628 3921 879 4004 pulcherrimum
903 3923 961 3984 hoe
983 3933 1033 3986 est
1048 3924 1252 4004 Bentleioque
1272 3922 1411 4006 dignum:
1434 3915 1479 3980 sed

315 4046 371 4088 nos
395 4025 568 4088 modestius
591 4023 769 4088 scribemus
791 4042 899 4097 οιιοιιι
922 4026 1005 4090 volut
1025 4026 1164 4090 stellatus
1186 4045 1291 4110 eques.

400 4126 494 4212 Apud
518 4131 677 4192 Lucanum
699 4127 729 4192 tit
753 4129 813 4192 263
838 4147 881 4190 ss.
907 4131 986 4191 haee
1008 4131 1124 4212 scripta
1147 4139 1232 4210 sunt,

468 4251 522 4294 mec
544 4233 642 4315 mopis
664 4230 722 4294 lice
743 4233 874 4315 Μάρτιαι
897 4240 1069 4296 castrorum
1087 4241 1178 4314 porte
1201 4234 1341 4316 repulsus

470 4337 553 4398 intra
574 4335 713 4398 elaustro
731 4339 819 4418 piper
842 4334 934 4398 dilato
957 4337 1056 4399 Μανία
1079 4336 1190 4418 quieuit
1353 4408 1355 4413 ,

469 4456 559 4522 quom
581 4457 667 4502 omre
689 4438 826 4502 lassatur
848 4457 916 4501 cum
937 4457 974 4502 se
991 4439 1160 4504 tollentibus
1183 4441 1276 4506 Euris
