3186 5108
359 413 447 474 lanes
470 431 636 476 66666666
657 433 836 477 uersurum
862 408 955 476 1866.
1179 400 1247 473 181

92 602 119 662 16
155 603 315 683 eapitines,
346 601 453 665 surdis
475 604 644 685 auriculas,
676 603 844 667 causidicis
873 614 905 666 et
926 604 1071 667 verbosis
1098 607 1249 685 linguam,

156 703 315 767 botulariis
339 707 499 785 intestina,
531 708 684 769 esiciariis
708 705 836 785 femora,
868 706 1057 770 mulieribus
1080 707 1249 788 lumbuloS,

155 809 258 888 pueris
279 809 431 889 vesicam,
462 810 578 890 puellis
601 809 744 889 caudam,
776 811 918 872 cinaedis
940 813 1114 891 musculos,
1144 831 1253 874 curso-

155 911 239 974 ribus
261 921 294 974 el
314 911 520 974 venatoribus
542 913 635 994 talos,
661 913 836 975 latronibus
858 903 1014 994 6666166.Ι
1059 924 1090 976 61
1112 934 1172 977 666
1194 929 1276 976 no-s

154 1015 299 1078 minando
322 1035 394 1078 coco
416 1017 518 1098 legato
540 1014 663 1079 dimitto
685 1019 811 1098 papiam
835 1026 866 1078 et
887 1019 1054 1098 pistillum,
1081 1037 1161 1098 quae
1185 1038 1253 1080 me-

90 1115 119 1176 ib
154 1137 221 1180 aum
250 1121 418 1182 attuleram
448 1119 489 1183 de
519 1117 654 1182 ‘sebaste
684 1139 786 1200 usque
815 1118 856 1181 ad
885 1122 1052 1201 Tergeste:
1086 1122 1163 1202 liget
1191 1121 1252 1183 sibi

155 1223 226 1285 calla
250 1221 291 1286 da
314 1233 410 1286 reste.
458 1232 490 1285 el
511 1224 582 1284 volo
604 1223 681 1284 mihi
710 1223 779 1284 fieri
806 1233 1045 1287 monumentum
1076 1245 1116 1286 ex
1138 1224 1253 1286 litteris

88 1457 131 1494 ren
144 1459 188 1509 psa
203 1448 323 1499 rixatore
341 1461 358 1498 6
373 1448 447 1510 plebe
464 1449 560 1498 dictum
578 1461 633 1498 esse
651 1448 722 1498 credi
739 1450 786 1497 eie
801 1453 893 1510 potest,
914 1463 973 1498 amn
991 1463 1007 1498 a
1024 1450 1111 1499 latini
1127 1451 1254 1500 emmonis

86 1531 165 1594 lapibus
183 1547 294 1596 prorsus
314 1534 461 1584 abborreat.
499 1535 530 1584 de
553 1536 660 1584 noviciis
683 1535 808 1584 eiusmodi
831 1536 1016 1584 uocabulorum
1036 1535 1128 1598 smmis
1147 1534 1254 1585 Diezius

86 1617 138 1666 licit
152 1630 258 1682 pratum.
273 1633 292 1669 ιι
308 1634 337 1682 p.
352 1623 411 1672 666.
466 1620 725 1684 66666111666666
741 1622 867 1670 uwimus.
901 1621 1141 1682 puchorccllinus
1158 1625 1254 1669 narrat

86 1701 228 1754 bumbulum
245 1710 344 1768 putare
366 1707 510 1772 sipniflcari
533 1705 648 1768 capistra
670 1707 711 1755 vel
727 1706 860 1765 maxillas,
887 1719 940 1756 non
959 1707 1087 1757 lambecii
1104 1711 1165 1756 sunl
1188 1709 1254 1756 istae

85 1801 162 1852 66666,
179 1793 222 1842 sed
240 1792 352 1842 llcrtini
368 1793 463 1844 listeri
480 1795 508 1842 in
526 1794 709 1842 cmnmentcria
727 1792 762 1841 66
779 1791 860 1853 Apicii
878 1805 922 1842 ιιιι
942 1797 972 1843 'iz
1000 1793 1150 1843 lambecius
1167 1794 1255 1842 minus

86 1873 179 1926 absurde
193 1880 341 1942 suspicatru
359 1882 417 1928 erat
433 1879 598 1929 scribendum
615 1891 670 1928 esse
687 1877 808 1927 caninos.
845 1879 890 1928 sed
907 1879 1088 1930 abstinendum
1105 1883 1143 1930 est
1161 1892 1177 1927 6
1194 1891 1254 1928 mu-

84 1963 163 2012 latione
173 1965 290 2014 vocabuli
307 1965 431 2028 incapniti
447 1965 529 2023 nobis,
549 1965 594 2013 seri
609 1965 707 2026 plebeia
724 1976 842 2014 sumone
859 1963 971 2026 sortasse
986 1967 1049 2015 triti.
1087 1965 1175 2014 surdis
1192 1977 1254 2014 meac

85 2049 200 2099 maculae
221 2063 251 2100 ea
271 2051 361 2113 aptius
383 2051 505 2114 leuantur
527 2063 577 2113 qua
598 2052 683 2114 mapis
707 2055 807 2099 canstat
832 2063 892 2100 sues
914 2053 1036 2100 acerrimi
1059 2063 1114 2100 esse
1138 2051 1251 2101 auditus.

83 2132 116 2180 61.
134 2131 266 2185 6616166116
284 2161 319 2172 -
337 2135 456 2184 vesicam
474 2139 566 2186 omittit
586 2136 614 2194 P,
642 2134 791 2186 bubuleriis
814 2137 862 2195 VF,
885 2135 1033 2186 bubaleriis
1052 2137 1089 2187 B:
1114 2135 1254 2186 botuloriis

83 2219 225 2270 1666666616
248 2226 322 2282 mut,
353 2234 403 2284 pua
425 2223 549 2272 uocabulo
573 2221 670 2272 Seneca
695 2235 734 2283 ep.
755 2225 786 2270 66
810 2222 903 2272 utitur.
1021 2222 1151 2272 esiciariis
1180 2221 1250 2272 VBF.

82 2306 163 2354 rusus
187 2306 323 2357 islclsriis:
350 2308 395 2358 sed
417 2309 490 2371 culpi
512 2321 558 2358 ore
574 2307 727 2357 vocobulum
749 2309 920 2370 depravatum
943 2313 988 2359 est.
1026 2310 1063 2358 sic
1085 2308 1162 2358 esiliu
1186 2311 1254 2357 sari-

82 2391 143 2448 tlsm
158 2403 210 2442 esse
226 2393 291 2444 solet
314 2395 343 2443 in
359 2393 441 2455 Apicii
458 2394 543 2443 codice
566 2393 682 2444 Vrbinoti
704 2393 869 2443 bibliothecae
891 2395 1037 2453 Vaticanus,
1062 2397 1136 2444 cuius
1153 2396 1254 2444 litterae

79 2477 198 2535 eunucus
216 2479 373 2530 numisma
390 2480 486 2530 similes
504 2492 560 2529 esse
582 2481 721 2538 diurnium
746 2481 774 2528 in
794 2481 980 2544 epigrammate
1003 2481 1166 2544 antiolapiae
1185 2479 1254 2529 liur-

80 2566 222 2614 mcseianue
239 2567 319 2614 vill
336 2564 395 2628 [166
409 2565 489 2628 lliese]
513 2567 526 2613 t
546 2566 627 2615 eadee
646 2565 827 2631 Salmasianus
840 2565 943 2615 esillota
962 2565 1037 2615 babet
1054 2570 1078 2616 et
1095 2569 1123 2616 in
1138 2568 1255 2627 moniaci

79 2647 257 2710 autumnalis
271 2651 329 2713 [666
343 2649 383 2715 tt]
398 2653 564 2720 inscriptione
576 2649 609 2700 de
623 2651 739 2701 esiclota.
818 2655 861 2700 66.
876 2653 980 2714 pueris:
1001 2652 1158 2710 submeiulis,
1172 2657 1202 2701 ut
1213 2655 1254 2702 ci-

78 2732 149 2782 taur.
201 2734 728 2800 6166611166666661666,6166616Ρ.
792 2737 979 2787 aschalone.
1034 2737 1253 2800 6666661666-

78 2817 121 2866 tius
129 2819 234 2871 Plautus
245 2823 337 2873 Pseud.
353 2835 380 2873 ιιι
395 2824 410 2870 6
425 2825 455 2872 66
470 2824 556 2885 coquis
567 2823 690 2873 miluinas
703 2828 727 2874 et
739 2823 868 2885 aquilinae
880 2823 993 2886 unpulus
1005 2824 1102 2873 tribuit.
1149 2825 1191 2872 61.
1207 2836 1254 2872 ca-

77 2913 102 2949 66
118 2904 166 2954 lli:
184 2919 272 2972 coquo
286 2908 317 2969 li,
334 2909 423 2972 coquit
436 2908 465 2958 P.
513 2907 598 2969 legata
613 2909 669 2958 PV:
689 2907 795 2972 delego
809 2922 840 2958 aa
854 2908 905 2958 RF.
953 2910 1059 2973 papiam
1075 2909 1107 2958 P:
1126 2909 1253 2973 popinam

82 2988 103 3046 V.
119 3003 213 3056 papam
227 2993 280 3045 BF.
317 2996 414 3059 lepitur
429 2996 458 3043 in
474 2995 610 3058 plessariis
622 2995 733 3046 labbaei
747 3008 775 3056 p.
793 2995 854 3042 111·
871 2996 950 3060 papia
969 2993 1123 3062 ζωμήρυσις.
1184 3007 1253 3058 quoe

79 3074 124 3124 BF:
147 3093 198 3144 qne
218 3081 250 3141 P,
269 3079 322 3146 qui
346 3081 373 3130 V.
480 3083 522 3130 66.
543 3078 685 3130 attuleram
705 3081 764 3130 PV:
788 3079 937 3130 detuleram
958 3080 1032 3138 ΒΕ,
1098 3079 1132 3130 66
1152 3080 1254 3130 1666616

80 3161 157 3224 [wera
179 3167 311 3229 adscripto
333 3164 403 3216 silua
422 3167 453 3229 Ρ]
481 3179 568 3230 usque
592 3165 625 3216 66
650 3169 777 3215 terrestre
799 3170 890 3228 (supra
907 3168 1037 3227 adscripto
1060 3165 1123 3215 uilla
1143 3167 1175 3226 Ρ)
1198 3165 1251 3224 Pl',

78 3256 221 3312 aquareeto
241 3251 376 3316 usquead
393 3252 487 3302 berem
500 3253 553 3313 BF,
573 3265 640 3314 pesae
657 3265 709 3302 non
726 3255 827 3316 inficeto
839 3257 877 3302 cst
894 3254 1027 3302 nerninem
1044 3264 1095 3301 non
1113 3252 1255 3303 intellecto-

76 3345 126 3382 rum
140 3341 258 3390 mulatio.
290 3340 335 3389 sed
353 3337 467 3388 Tebeste
485 3339 600 3389 dubitmi
617 3351 669 3389 666
684 3342 767 3400 potest
785 3340 846 3400 puin
865 3340 898 3388 sit
917 3339 1055 3388 Numidiae
1073 3339 1203 3400 oppiamn,
1224 3339 1255 3386 ale

76 3421 295 3488 brumalisque
312 3427 380 3476 aicit
396 3428 425 3474 in
443 3426 503 3474 adn.
524 3427 559 3474 66
576 3429 628 3475 nat.
643 3427 713 3488 dipn.
730 3425 807 3474 occid.
825 3437 853 3485 p.
865 3424 942 3473 tw.
979 3426 1074 3474 rectius
1092 3424 1170 3474 scribi
1182 3422 1254 3472 Tbe-

77 3509 138 3557 vesle
158 3515 269 3572 praeter
292 3524 324 3560 ea
346 3524 412 3573 puae
435 3511 479 3561 ille
503 3513 590 3561 attulit
613 3512 703 3561 docent
725 3511 906 3572 inscriptiones
933 3511 1022 3561 Orellii
1040 3514 1115 3568 6676,
1144 3511 1256 3559 lienierii

79 3591 141 3642 1161.
160 3598 225 3646 1666
249 3595 526 3658 (11666666116666
545 3597 635 3658 (liena.
649 3600 735 3656 6666),
757 3596 872 3647 llenseni
890 3599 980 3645 6792·¹
1018 3598 1062 3646 sed
1080 3599 1254 3657 scriptumest

77 3681 149 3729 umen
165 3681 282 3732 6666616
299 3684 328 3733 16
345 3684 514 3748 inscriptione
532 3683 639 3733 Gruteri
656 3685 732 3732 6616
753 3687 777 3732 et
794 3677 922 3748 Τεβέστηιι
940 3685 968 3732 16
988 3683 1105 3744 Procopii
1123 3683 1146 3730 b.
1172 3682 1251 3730 Vand.

77 3775 89 3810 ιι
104 3767 141 3814 61.
170 3769 290 3819 restabat
306 3773 335 3819 ut
353 3769 466 3818 altemnn
482 3781 575 3818 nomen
592 3771 768 3831 corriperetur
786 3773 810 3817 et
827 3769 904 3817 simul
921 3768 994 3817 lusus
1012 3769 1056 3828 pul
1072 3767 1255 3817 uocabulorum

76 3857 231 3905 consonantia
249 3857 384 3916 quaesitu
401 3858 440 3904 est
456 3857 645 3913 restitueretur,
665 3867 712 3903 nec
730 3853 831 3918 difflele
849 3856 956 3902 inventu
973 3857 1030 3903 erat
1045 3853 1182 3915 Tergeste.

77 3935 239 3989 16661166.-
265 3938 367 3990 collum
385 3940 457 3990 VBF.
486 3943 593 4002 papiam
609 3945 634 3990 et
648 3939 775 4002 pistillum
791 3944 859 3990 reste
874 3951 908 3989 ee
926 3939 989 3988 collo
1006 3940 1163 4000 suspendere
1179 3952 1255 3989 cocus

76 4021 170 4075 siciano
185 4027 302 4076 iubetur.
374 4026 408 4076 de
427 4029 499 4076 reste
517 4027 613 4076 6161666
630 4030 668 4075 est
685 4029 715 4075 ut
732 4024 803 4088 infra
820 4039 844 4073 a.
861 4027 888 4072 61
914 4024 948 4073 66
967 4023 1044 4073 bonis
1062 4023 1251 4074 condimentis.

77 4107 179 4160 simibus
194 4111 305 4174 Apicius
323 4115 379 4162 ιι6
398 4111 433 4162 66
452 4111 531 4162 trulla
551 4111 687 4168 relundos,
711 4123 736 4159 ιιι
756 4115 770 4159 6
789 4110 822 4159 66
842 4109 947 4160 tessella
966 4123 1012 4160 sue
1031 4110 1164 4170 recludes,
1185 4123 1220 4160 vu
1238 4113 1253 4159 6

77 4191 104 4241 de
114 4199 202 4247 666616
219 4199 337 4258 sur-clas,
356 4202 430 4249 666
450 4211 484 4249 es
502 4197 554 4247 elio
572 4198 632 4247 oleo
651 4200 801 4261 perlongito
819 4199 845 4246 61
863 4195 896 4244 66
909 4197 1048 4246 conditura
1069 4196 1135 4246 inira
1155 4199 1253 4261 scripte

78 4283 97 4328 tl
110 4285 191 4342 paullo
212 4289 274 4346 post
296 4283 431 4348 obligatur
455 4284 488 4334 de
511 4287 620 4334 omento
643 4284 763 4347 porcino.
801 4283 854 4332 alia
873 4282 983 4342 protulit
1001 4282 1118 4332 Handius
1141 4281 1213 4332 Tura.
1234 4296 1253 4331 ιι

77 4367 162 4424 6166.
250 4369 442 4422 61661666.Ι
465 4369 528 4419 uolo
548 4369 599 4428 BF,
629 4368 691 4418 uolo
716 4373 806 4418 antem
825 4367 853 4416 L.
943 4379 975 4416 ex
1001 4369 1089 4417 aureis
1115 4367 1199 4417 literis
1221 4368 1251 4418 li.

78 4457 261 4516 ltcspasiticnis
286 4469 322 4506 ee
340 4455 484 4507 66666666
504 4456 626 4504 similiter
643 4454 757 4504 adiectae
775 4453 894 4515 exempla
911 4455 1037 4515 concessit
1056 4454 1197 4503 Muellerus
1220 4455 1254 4504 66

81 4534 227 4604 1166161166.
243 4546 287 4603 66,
310 4543 402 4605 perimis
419 4543 515 4592 adden
529 4544 633 4604 poterat
650 4552 684 4589 en
700 4539 753 4602 sab.
771 4543 817 4588 166
838 4539 979 4601 nudusque
992 4551 1025 4588 ex
1037 4540 1165 4590 orborum
1184 4538 1253 4590 loliis
