3186 5108
324 1147 528 1301 'tucax
557 1199 878 1302 nomicum
910 1197 1279 1300 ateramum
1315 1205 1466 1326 ieeur)

321 1453 511 1570 Librorum
532 1513 678 1568 veterum
700 1501 836 1570 duorum
858 1524 900 1568 ex
922 1506 970 1567 eia
992 1506 1047 1586 qui
1070 1504 1210 1566 carmina
1233 1513 1395 1586 poetarum
1410 1501 1498 1562 Thec-

312 1609 472 1671 tiscorum
495 1607 594 1690 lyrica
616 1607 745 1670 uoiiecta
767 1610 942 1688 continent,
975 1608 1207 1689 wingartensis
1226 1617 1262 1670 et
1284 1607 1426 1684 Parisini,
1455 1605 1498 1664 in-

322 1712 423 1802 itium
436 1709 552 1774 iactum
574 1720 624 1774 est
644 1727 663 1772 a
685 1710 882 1774 carminibus
904 1709 1008 1774 tribus
1035 1709 1277 1793 (nequeenim,
1310 1708 1393 1792 quod
1418 1708 1499 1788 vuigu

323 1824 447 1895 putant,
472 1813 535 1876 dno
556 1813 641 1897 sunt)
668 1813 788 1894 quibus
810 1815 937 1878 flenrici
962 1816 1164 1897 imperatoris
1186 1831 1299 1877 nemen
1325 1814 1498 1894 inscriptum

322 1926 382 1980 eat.
431 1936 467 1981 ee
489 1917 629 1980 camnine
651 1937 725 1980 oum
753 1927 786 1980 et
807 1918 959 1980 orationis
988 1928 1021 1980 et
1049 1918 1146 1980 tutius
1174 1919 1279 1998 poesis
1301 1933 1417 1998 genere
1438 1931 1498 1976 cum

322 2021 439 2086 nendi
472 2017 652 2084 duodecimi
685 2019 727 2084 ad
759 2021 889 2084 tertium
924 2019 1082 2084 decimum
1117 2021 1259 2086 inclinati
1282 2015 1499 2083 consuetudine

322 2133 387 2186 tam
409 2133 555 2188 accurate
576 2133 755 2205 congruant
775 2133 812 2186 ut
832 2122 875 2186 du
898 2124 1033 2186 Henrico
1055 2122 1360 2204 tutuslenhmpensi
1382 2121 1499 2204 cogitari

322 2227 410 2292 nulio
431 2224 524 2290 modo
546 2229 656 2308 puasit,
681 2226 934 2308 intellegendum
956 2247 1027 2290 asse
1046 2226 1180 2309 adparet
1195 2227 1365 2291 ilenricum
1388 2235 1500 2288 aemam

321 2330 543 2410 scarensem,
577 2329 731 2394 Friderici
754 2330 866 2411 filium,
901 2349 999 2412 quem
1032 2341 1154 2398 constat
1185 2341 1294 2394 natum
1328 2349 1398 2393 esee
1429 2345 1501 2396 enno

321 2451 431 2512 amar,
467 2451 614 2498 coronam
636 2443 669 2497 et
690 2417 807 2496 nomen
830 2435 916 2514 regis
938 2435 1168 2498 Germanumm
1196 2435 1357 2516 accepisse
1381 2431 1502 2516 quadri·

323 2555 422 2616 mum,
448 2537 672 2618 imperaturam
695 2535 812 2601 murm
835 2557 906 2600 ease
927 2555 1012 2600 annu
1032 2555 1190 2600 sensnm.
1238 2539 1345 2619 itaque
1365 2537 1406 2600 ed
1428 2539 1502 2598 hanc
1544 2596 1549 2608 ,

324 2640 495 2706 ilenricum
517 2643 658 2706 cermina
681 2641 735 2704 ilia
758 2641 858 2704 remu
888 2651 963 2704 eunt
996 2641 1154 2703 communi
1188 2637 1256 2702 iere
1288 2643 1428 2704 omnium
1455 2638 1501 2720 qui

323 2743 381 2808 bas
403 2744 526 2808 fflwras
548 2752 725 2808 tractarunt
740 2746 960 2808 consensione.
1000 2743 1112 2822 veluti,
1137 2753 1173 2806 ut
1187 2744 1265 2806 alica
1279 2744 1406 2806 silentio
1420 2761 1502 2825 prae-

324 2857 494 2928 tereamus,
518 2847 695 2912 nottelmus
711 2847 994 2928 Wackernageiiue
1017 2849 1049 2910 in
1070 2847 1198 2928 egregia
1220 2847 1397 2912 litterarum
1412 2847 1503 2914 Thoo-

323 2951 475 3016 tisunrum
496 2951 627 3014 historia
645 2949 691 3032 (p.
706 2951 778 3035 iot)
806 2951 978 3014 Henrinum
1001 2951 1086 3014 inter
1106 2951 1343 3032 conprincipes
1369 2957 1503 3014 numerat

324 3054 379 3133 qui
395 3053 526 3135 lyricam
536 3064 639 3118 artem
654 3053 851 3118 excoluerint
862 3071 1064 3134 quorumque
1075 3053 1259 3135 exemplum
1274 3053 1397 3118 nubiles
1412 3053 1502 3116 bumi-

317 3174 382 3220 ,naa
392 3156 496 3221 secuti
511 3159 587 3236 sint,
606 3156 757 3238 idemque
772 3167 876 3236 antea,
893 3175 966 3220 curn
981 3156 1099 3220 Gallica
1114 3157 1254 3219 carmina
1270 3155 1394 3237 ederet,
1411 3158 1503 3219 Theo-

324 3259 411 3324 oscis
428 3259 557 3324 chrici
579 3259 776 3324 torminibus
798 3262 831 3322 in
854 3259 991 3341 quadam
1014 3261 1289 3342 argumentatione
1311 3279 1368 3323 sua
1385 3257 1498 3343 (μω)

324 3379 388 3426 nun
408 3359 595 3428 dtabitantcr
616 3383 695 3430 imus
715 3373 775 3442 eat,
807 3381 913 3444 neque
936 3364 1034 3426 multu
1056 3362 1257 3430 dubitantius
1279 3363 1409 3431 Carolus
1428 3365 1504 3426 Sim-

325 3466 453 3530 rectius
473 3465 515 3530 dc
537 3468 625 3548 poesi
641 3467 771 3530 Henrici
793 3467 994 3548 immratoris
1017 3467 1115 3548 lyrica
1129 3467 1281 3530 disseruit
1296 3466 1389 3530 brevi
1403 3467 1503 3548 dispu-

324 3570 441 3634 tatione
472 3587 568 3650 ‹puan
597 3570 669 3634 Otto
695 3568 830 3634 Abciius
852 3568 954 3635 edidit
987 3571 1021 3632 in
1054 3569 1136 3633 libro
1169 3588 1233 3651 quo
1262 3571 1398 3654 Philippi
1432 3569 1504 3649 regis

326 3673 421 3736 vitam
454 3690 532 3736 sane
565 3672 745 3739 luculenter
773 3672 945 3738 enarravit.
991 3673 1092 3736 nihilo
1112 3683 1219 3736 autem
1248 3675 1355 3738 minus
1377 3673 1458 3756 quod
1477 3680 1503 3733 et

324 3774 370 3839 iili
394 3785 426 3842 et
448 3776 538 3840 multi
559 3776 615 3838 aiii
638 3778 715 3842 satia
737 3785 860 3842 certum
881 3795 953 3838 ease
974 3778 1240 3840 existimaverunt
1269 3776 1363 3840 nobis
1390 3791 1505 3858 semper

325 3878 429 3944 visum
452 3887 501 3944 est
521 3877 693 3944 amodum
716 3899 786 3946 cmo
808 3878 944 3944 dubium
967 3880 1037 3959 vei,
1074 3892 1110 3942 ut
1133 3881 1251 3946 rectius
1271 3879 1431 3959 dicamus,
1461 3881 1504 3940 in·

325 3979 494 4044 credibile.
541 3985 690 4063 quocirca
712 3982 816 4045 oblata
838 3981 1001 4045 scribendi
1020 3985 1184 4048 occasione
1206 3985 1249 4048 de
1272 3985 1330 4047 bau
1353 4003 1388 4047 re
1410 3981 1503 4066 paulic

324 4085 502 4148 accuratius
535 4083 701 4168 disputare
731 4085 893 4165 volumus,
929 4096 980 4166 nt,
1015 4087 1042 4148 si
1072 4085 1141 4150 deri
1170 4090 1285 4170 possit,
1320 4098 1374 4152 aut
1396 4089 1503 4150 veritas

325 4187 538 4250 translaticiae
561 4188 753 4252 narrationis
774 4200 829 4256 aut
852 4199 943 4256 vetus
966 4207 1057 4254 error
1078 4189 1241 4272 adpareat.

411 4443 435 4505 *i
456 4443 597 4513 [iiepcttoit
607 4445 663 4510 [erc
673 4447 741 4500 boue
754 4447 954 4512 dspuauoeem
967 4447 1096 4512 nameus
1112 4419 1283 4518 itinnecanga
1296 4451 1414 4517 irttbiing
1428 4451 1505 4515 pm

325 4545 360 4584 rr.
380 4533 425 4584 ubi
441 4533 505 4585 buce
522 4536 640 4584 eumue
657 4536 727 4585 tuter
743 4535 867 4597 cdespom
884 4535 1008 4598 beentur
1023 4549 1050 4598 p.
1066 4541 1082 4586 t
1099 4551 1123 4588 υ.
1141 4543 1238 4588 {tt—c
1254 4553 1279 4590 o.
1295 4535 1337 4604 Α]
