3184 5108
365 404 453 465 ianm
475 421 640 466 nnoaronrn
662 406 961 467 amrium-teta.
1186 388 1260 462 203

85 592 199 658 videtur
221 593 397 670 llainoltiue
419 591 623 672 adquievisse
652 595 686 656 in
709 611 745 655 eo
768 593 853 674 quod
878 593 1014 656 Cobetus
1036 595 1185 675 protulit:
1217 595 1263 656 aio

85 706 179 776 postea
200 695 318 778 dieitur
340 715 372 756 v.
391 696 453 756 θθθ
482 687 582 780 ὥσπερ
605 696 632 758 ai
655 695 753 780 λέγοις
770 690 935 768 Ἱππόνικος
960 692 1096 761 Καλλίου
1125 693 1178 768 adi
1192 691 1263 760 ‘ln-

83 797 192 862 πονίκοο
208 794 369 870 Καλλίας.
429 799 488 861 sed
517 799 603 880 quod
634 799 719 863 idem
750 800 853 862 eidem
881 800 1035 862 adsensus
1064 812 1112 863 est
1141 800 1262 865 delenti

84 903 231 984 proximos
260 902 340 966 duos
362 903 547 982 versiculos,
579 903 614 965 id
637 905 742 967 minus
765 901 931 985 probabile
955 923 1025 965 esse
1055 903 1148 965 nobis
1170 903 1264 968 vide-

82 1019 136 1069 tur.
172 1005 214 1069 de
232 1025 270 1069 eo
290 1023 354 1068 non
378 1005 584 1086 litigabimus,
609 1017 717 1070 utrum
739 999 785 1070 ότι
807 1006 1013 1069 scribendum
1036 1007 1078 1068 eit
1099 1025 1151 1086 an,
1178 1008 1263 1088 quod

81 1109 240 1173 Dindorlio.
259 1109 394 1189 placuit,
426 1101 510 1192 ότιήι
551 1129 743 1191 quamquam
772 1127 896 1172 errasse
927 1108 1055 1172 videtur
1080 1105 1263 1174 Din'dorlius

81 1233 143 1276 eum
163 1215 196 1276 in
218 1211 422 1275 adnotatione
445 1212 486 1276 ad
509 1213 596 1276 Paois
617 1233 650 1274 ν.
669 1215 726 1275 att
755 1207 821 1298 όπή
845 1215 877 1274 in
900 1212 993 1276 libris
1016 1223 1176 1276 serratum
1193 1231 1263 1276 ease

80 1316 161 1380 uixit.
208 1315 353 1397 proximo
371 1333 465 1378 versu
487 1309 575 1380 τοόπό
598 1341 633 1401 γε
656 1327 704 1380 est
727 1319 759 1378 in
783 1315 875 1382 libris
898 1315 1123 1394 deterioribus,
1149 1317 1205 1380 aed
1228 1337 1264 1401 γε

78 1419 191 1482 abeata
212 1417 410 1498 melioribus,
436 1418 646 1501 additumque
670 1421 734 1482 illio
749 1430 807 1498 est,
832 1429 869 1484 ut
890 1439 1095 1483 numerorum
1111 1420 1262 1482 damnum

77 1524 252 1602 sarciretur,
284 1522 418 1584 artifieio
447 1524 571 1605 vulgari
601 1533 634 1586 et
661 1524 738 1586 eatis
763 1523 914 1586 absurdo.
962 1543 1033 1585 nam
1058 1543 1098 1586 ne
1129 1543 1166 1586 ea
1190 1525 1264 1605 qui-

78 1625 143 1688 dem
174 1645 257 1707 qtrae
284 1625 427 1689 Dobraeo
458 1628 490 1690 in
521 1637 661 1690 mentem
690 1637 867 1706 venerunt,
900 1621 952 1690 imi
972 1623 1053 1690 τοοτί
1075 1627 1126 1688 vel
1150 1622 1200 1689 διὰ
1223 1621 1261 1709 δὴ

76 1733 154 1794 τοῦτο
176 1729 317 1794 καλεῖται
337 1734 388 1793 νῦν
409 1725 522 1807 πόλος,
552 1730 681 1812 probari
703 1728 853 1814 lpoesunt.
908 1732 1026 1794 etenim
1049 1749 1144 1812 quem
1170 1723 1262 1794 πόλον

77 1834 268 1898 Pithetaerue
282 1833 362 1895 dioit
377 1835 499 1900 eaelum
516 1843 564 1896 est
586 1835 653 1896 eive
673 1851 729 1894 aer
751 1851 856 1914 neque
879 1833 943 1896 ullo
967 1832 1057 1896 modo
1073 1833 1137 1896 diei
1159 1843 1263 1915 potest

76 1935 247 2022 διέρχεσθαι
275 1927 403 2000 ἅπαντα.
457 1947 565 2000 oontre
597 1939 808 2000 rectissimum
836 1945 885 1999 est
914 1935 1000 2017 quod
1027 1938 1183 2016 Bergkius
1211 1938 1263 1998 in-

78 2042 163 2103 venit
191 2047 224 2103 et
252 2041 321 2121 ipse
350 2041 543 2120 lleinelrius,
582 2041 639 2102 etsi
671 2038 750 2104 duos
784 2041 852 2102 illos
880 2057 994 2104 versus
1023 2041 1055 2100 in
1087 2042 1262 2122 marginem

75 2143 193 2224 reiooit,
227 2154 333 2206 tamen
363 2145 579 2206 neeessarium
603 2161 672 2206 esee
695 2143 793 2222 vidit,
824 2134 870 2206 ότι
892 2139 926 2207 ti
947 2142 1083 2208 πολεῖται
1104 2147 1190 2208 τοῦτο
1212 2138 1264 2206 καί

75 2245 225 2332 διέρχεται
256 2238 389 2312 Ἅπαντα
425 2241 476 2310 διὰ
503 2240 627 2322 τοότοιι,
663 2245 801 2312 καλεῖται
833 2249 885 2310 νῦν
913 2241 1016 2319 πόλος.
1074 2257 1170 2328 atque
1205 2249 1264 2310 hoo

73 2351 173 2430 ipsum
203 2351 280 2430 legit
309 2360 402 2414 vetus
431 2351 607 2431 interpret,
639 2351 730 2414 ouius
761 2350 818 2411 hoo
848 2361 896 2412 eat
918 2351 1071 2430 seholion,
1102 2346 1135 2414 τὸ
1160 2349 1213 2434 μίν
1235 2373 1264 2413 τι

69 2448 262 2540 παραρρόζει
289 2448 324 2516 τὸ
345 2451 561 2538 προειρημένον
583 2456 642 2516 τῶν
664 2447 807 2539 ὀρνίθων,
831 2446 877 2516 ότι
899 2450 964 2516 ἔστι
984 2446 1072 2525 τόπος
1097 2477 1141 2525 τις
1164 2448 1262 2518 αιἰτῶν

71 2555 101 2619 iv
129 2548 157 2643 ᾧ
186 2555 386 2642 διατρίβουσι,
416 2550 449 2620 τό
480 2553 513 2619 δέ
539 2551 591 2618 ναί
619 2551 693 2641 πρὸς
721 2551 770 2620 νόν
800 2551 1009 2642 σχηματισμόν
1038 2561 1091 2621 τοῦ
1117 2552 1263 2642 ὀνόματος

68 2658 183 2738 παίζοι,
205 2653 296 2732 τόπος
318 2655 371 2722 καί
390 2653 493 2731 πόλος.
542 2659 608 2744 ἑξῆς
632 2657 665 2723 δὲ
686 2659 863 2744 έτορολοχοῖ
886 2653 975 2724 odada
999 2655 1057 2724 ἀπὸ
1080 2665 1132 2725 τοῦ
1154 2662 1262 2726 πολεῖ-

70 2763 152 2828 odet.
201 2759 295 2828 πόλον
324 2758 384 2848 γὰρ
410 2762 438 2826 ol
466 2760 592 2828 παλαιοί
620 2758 678 2849 ονἰχ
705 2757 746 2835 ὡς
775 2763 805 2826 oi
833 2757 974 2850 ναοίτοροι
1003 2759 1126 2849 σημεῖόν
1153 2785 1183 2826 τι
1210 2759 1264 2827 καί

66 2865 160 2952 πέρας
181 2858 304 2946 ἄξονος,
328 2861 409 2930 ἀλλὰ
430 2861 463 2930 τό
486 2865 626 2953 περιέχον
650 2859 738 2931 ἅπαν.
780 2859 944 2951 Εὐριπίδης
968 2865 1104 2953 Πειρίθῳ
1128 2862 1191 2930 ’καί
1211 2861 1263 2930 τόν

62 2966 231 3037 Ἀτλάντων
254 2973 394 3056 φρουρῶν
416 2963 532 3049 πόλον,’
557 2965 600 3042 όις
621 2966 713 3035 αὐτοῦ
735 2993 767 3034 τε
788 2969 1043 3055 παριπολονριίνοο
1065 2966 1116 3033 καί
1139 2964 1174 3033 δι’
1201 2965 1262 3034 αθ-

64 3079 115 3138 rot
137 3069 260 3138 πόντον
286 3071 472 3158 ἐρχομένων.
519 3092 626 3155 neque
656 3075 718 3138 alio
746 3077 886 3156 pertinet
915 3074 1048 3137 brevius
1071 3075 1263 3136 Ravennatis

66 3177 140 3242 libri
164 3179 319 3256 scholion,
344 3169 435 3248 πόλος
457 3172 540 3262 παρὰ
560 3171 593 3240 τό
615 3177 778 3240 πολεῖσθαι
799 3177 831 3240 ἐν
855 3167 937 3264 αὐτῷ
958 3169 1067 3241 πόντοι.
1108 3180 1134 3240 ai
1157 3187 1263 3241 autem

64 3283 255 3361 soribimus,
287 3280 373 3362 quod
395 3281 551 3360 Berglrius
579 3280 786 3348 scribendum
814 3299 883 3343 esse
906 3281 1082 3359 intellexit,
1115 3275 1166 3344 διὰ
1186 3274 1263 3344 ποό-

63 3407 135 3464 ano,
168 3386 251 3455 nihil
275 3385 413 3466 amplius
436 3394 534 3446 restat
556 3383 641 3464 quod
664 3386 777 3448 merito
804 3384 1033 3464 reprehendas.
1080 3403 1153 3446 nam
1177 3383 1262 3466 quod

64 3490 148 3552 idem
174 3507 352 3571 pronomen
376 3487 659 3550 demonstrativum
683 3499 799 3569 quater
828 3488 1006 3550 inouloatur
1027 3497 1149 3548 tantum
1171 3485 1263 3550 abest

62 3604 96 3656 ut
119 3594 294 3656 molestum
316 3593 358 3654 eit
380 3601 411 3656 et
433 3591 681 3672 vituperandum
703 3589 748 3676 {ut
771 3589 937 3652 ridi-oniam
961 3593 1182 3671 grammaticae
1205 3609 1263 3652 ex·-

61 3697 234 3776 poeitionie
257 3697 447 3774 gravitatem
469 3693 576 3776 lepide
599 3703 722 3774 augeat.
763 3713 825 3757 non
849 3702 981 3775 possum
1003 3703 1107 3756 antam
1130 3693 1192 3756 duo
1215 3693 1261 3754 illi

61 3805 190 3862 versus'
203 3797 318 3862 deleri.
359 3815 431 3860 nam
455 3809 622 3879 postquem
644 3815 742 3880 epops
765 3796 845 3860 illud
861 3795 946 3878 quod
969 3798 1165 3860 Pithetaerus
1181 3795 1263 3859 dixit

59 3897 195 3988 ὀρνίθων
221 3895 315 3973 πόλος
348 3920 382 3963 se
415 3920 479 3964 non
513 3902 698 3982 intellegere
733 3902 835 3964 lassus
868 3902 950 3962 hane
983 3901 1262 3980 interrogationem

58 4007 208 4088 protulit,
233 3999 343 4082 πόλος;
374 4001 440 4067 τίνα
461 3998 606 4090 τρόπον;,
638 4023 700 4066 non
730 4005 807 4066 satis
835 4014 884 4066 eet
912 4005 939 4066 si
969 4005 1029 4066 hoo
1056 4014 1178 4066 tantum
1208 4003 1263 4066 ille

58 4109 259 4193 respondet,
291 4099 391 4193 ὥσπερ
415 4108 443 4172 el
465 4106 564 4192 λέχοις
584 4101 684 4179 τόπος.
731 4099 769 4191 ἢν
792 4100 822 4168 δ’
848 4105 980 4190 οίιιίοητο
1006 4111 1092 4170 τοῦτο
1119 4118 1152 4170 et
1179 4125 1262 4188 quae

56 4224 231 4278 secuntur.
280 4213 494 4293 nequeenim
526 4212 660 4274 miratur
690 4219 811 4274 tantum
835 4229 932 4290 opopa
953 4203 1041 4274 πόλιν
1064 4229 1146 4292 quae
1169 4221 1261 4273 antea

57 4317 145 4378 diota
173 4325 245 4378 erat
271 4315 313 4399 [v.
333 4313 388 4376 t'll
420 4315 490 4396 ⁴72)
518 4333 604 4378 nuno
627 4313 690 4376 dioi
712 4307 818 4390 πόλον,
842 4311 899 4374 eod
922 4313 1050 4376 omnino
1072 4313 1260 4376 vocabulum

56 4441 121 4484 non
162 4417 323 4500 intellegit
353 4418 438 4500 quod
468 4417 546 4481 dum
580 4419 664 4480 inter
693 4417 836 4479 homines
864 4414 1054 4480 versabatur
1087 4433 1262 4498 numquam

55 4523 234 4590 audiverat
257 4541 293 4586 ea
316 4532 403 4586 oerte
425 4539 487 4603 qua
511 4521 710 4584 Pithetaerus
736 4521 838 4584 utitur
866 4519 1096 4601 significatione
1125 4519 1257 4582 dietum.
