3186 5108
302 330 375 404 198
595 346 684 406 lanas
707 364 873 408 saorrourrr
896 345 1196 408 simulantior.

298 553 394 614 arua,
418 533 529 598 tumus
551 552 681 616 aequore
702 537 811 598 morto.
851 535 1017 596 verissima
1038 532 1130 596 uobis
1152 551 1221 598 esse
1236 530 1367 596 videtur
1381 551 1488 596 emea-

299 637 394 700 datio.
442 639 493 701 eui
517 657 580 700 non
603 636 708 700 obstat
730 635 815 718 quod
837 645 931 699 antea
958 637 1020 699 tria
1043 645 1167 700 tautum
1193 645 1485 713 eommsmorantur‚

298 741 403 804 sidero
425 749 512 804 terro
530 741 664 823 fretum:
687 741 764 802 satis
787 747 834 802 est
857 740 984 802 enimsi
1008 740 1205 803 enumeratio
1221 757 1295 802 mox
1312 739 1485 820 oonpletur.

298 847 362 909 iam
385 845 453 926 ipse
477 844 539 908 sibi
567 853 688 906 constat
710 841 845 906 Ovidius
872 861 944 905 cnm
967 841 1153 906 iastorumr
1182 839 1221 920 [v.
1248 843 1309 906 lii
1331 843 1385 927 ss.)
1412 843 1488 910 hese

298 947 387 1027 dieit,

427 1051 547 1114 tomum
569 1050 617 1114 iio
638 1069 694 1112 uer
716 1056 743 1112 et
765 1067 842 1130 quoe
864 1050 927 1112 triu
948 1067 1080 1130 corporo
1101 1055 1229 1128 restant,

504 1155 584 1237 ipris
606 1171 704 1235 aquae
725 1152 824 1230 teitus,
849 1170 931 1214 unus
953 1170 1084 1215 nemum
1106 1139 1194 1214 erut*

272 1266 287 1313 t
425 1265 461 1320 ut
481 1257 572 1321 senei
592 1257 667 1320 haee
689 1275 794 1318 rerum
816 1256 1009 1320 recusatio
1031 1273 1160 1319 suarum

505 1363 595 1442 ioque
616 1379 713 1422 novos
736 1359 811 1422 obiit
832 1378 937 1424 morso
959 1359 1060 1422 soluto
1081 1359 1192 1438 doetus,

426 1465 553 1546 flamma
573 1466 646 1547 petit
667 1464 774 1539 altum,
797 1464 926 1545 propior
948 1465 1031 1528 loeus
1054 1481 1131 1526 aero
1151 1466 1247 1546 cepit:

505 1567 650 1630 redomuit
671 1567 767 1630 otedio
790 1575 876 1630 terro
894 1567 1066 1649 fretumque
1087 1567 1160 1630 soto.

297 1670 354 1736 sod
374 1673 473 1734 multo
496 1672 591 1734 etiam
613 1671 719 1734 miuus
735 1690 831 1752 quam
854 1671 886 1733 in
909 1681 978 1734 arte
1001 1672 1151 1735 amatoria
1174 1671 1329 1734 credibile
1352 1683 1401 1736 est
1415 1674 1490 1734 Ovi·

298 1773 388 1838 dium
411 1774 445 1836 in
468 1774 761 1854 metamorphoseon
790 1792 888 1836 versu
916 1775 1012 1838 unius
1042 1775 1191 1838 elementi
1221 1777 1490 1840 commemoratio·

298 1897 372 1941 nem
395 1879 549 1956 omisisse,
576 1877 695 1958 quippe
719 1877 774 1941 ubi
791 1877 1034 1960 Empedocleam
1050 1877 1225 1940 doetrinam
1247 1891 1396 1943 securata
1417 1897 1490 1960 par-

298 1979 494 2062 sequebatur
515 1982 673 2062 longaque
688 2001 840 2047 versuum
855 1982 940 2046 serie
957 1990 1104 2063 quattuor
1120 1981 1247 2046 illorum
1263 1983 1489 2048 elementorum

298 2085 514 2149 oonhrsiouem
538 2094 570 2148 et
591 2084 705 2148 iactam
728 2095 836 2167 postea
859 2084 1048 2148 divisionem
1072 2084 1259 2166 enarrabat,
1291 2098 1327 2149 ut
1350 2106 1413 2150 non
1435 2108 1490 2169 po·

299 2189 397 2253 tuerit
425 2208 526 2252 unum
556 2207 666 2252 eorum
696 2209 732 2251 eo
762 2208 858 2252 versu
887 2189 1141 2270 praetermittere
1171 2209 1233 2270 quo
1256 2191 1394 2252 maxime
1417 2210 1489 2253 eou-

299 2290 530 2373 prehendenda
552 2301 643 2354 erant
666 2294 781 2355 omnia.
821 2311 904 2373 quae
927 2311 998 2355 eum
1022 2293 1065 2354 ita
1088 2311 1158 2354 esse
1182 2292 1373 2356 viderentur
1396 2313 1489 2376 repu-

299 2405 502 2475 taremusque
536 2415 553 2456 e
589 2395 812 2476 Porphyrionis
844 2395 1046 2458 adnotatione
1082 2397 1286 2474 quantumvis
1318 2394 1488 2478 depravato

300 2497 380 2561 illud
402 2507 487 2560 eerto
510 2496 631 2578 colligi,
664 2499 779 2579 legisse
801 2496 883 2583 [euru
912 2501 945 2562 iu
968 2499 1075 2578 aliqua
1096 2497 1245 2562 Ovidiani
1267 2519 1380 2564 versus
1403 2511 1488 2581 parte

298 2609 333 2666 ut
354 2601 484 2664 localem
507 2601 705 2682 partioulem,
731 2601 872 2684 denique
895 2621 965 2664 oum
990 2600 1073 2664 idem
1095 2609 1130 2664 ot
1151 2603 1185 2663 in
1208 2604 1365 2684 prineipio
1380 2623 1488 2666 vorsus

300 2705 559 2786 intellegeremus
582 2703 681 2768 honos
710 2703 863 2786 quosdam
885 2703 1048 2786 praebere
1072 2703 1185 2782 libros,
1214 2707 1246 2768 iu
1271 2705 1391 2786 qulbus
1412 2709 1488 2770 seri-

298 2819 389 2890 ptum
418 2817 466 2872 est
492 2816 526 2872 ut
554 2827 616 2890 guo
638 2816 706 2872 eret
726 2816 754 2872 et
776 2810 881 2887 telius,
910 2807 1011 2870 adiuti
1034 2809 1110 2870 olim
1138 2819 1169 2870 et
1192 2809 1366 2872 oonfirmati
1391 2810 1486 2874 Caroli

299 2913 489 2976 Lachmanni
514 2911 630 2976 iudicio
652 2913 838 2994 scripsimus
866 2919 957 2994 etque
985 2911 1103 2987 meter,
1135 2913 1224 2975 tellio
1250 2913 1314 2976 illie
1335 2921 1363 2976 et
1381 2921 1487 2996 poetro

298 3023 327 3080 et
348 3035 414 3078 oer.
462 3034 568 3096 neque
592 3015 677 3095 quod
700 3024 767 3078 erat
797 3034 861 3077 non
883 3014 1028 3078 additum
1050 3025 1098 3078 est
1121 3017 1291 3096 quicquam
1315 3017 1485 3098 putandum

299 3117 489 3182 esthabere
519 3119 718 3181 offensionis:
751 3137 825 3182 uam
855 3137 918 3200 quo
947 3117 1080 3181 brevius
1105 3119 1184 3180 haee
1213 3137 1276 3181 uno
1298 3139 1396 3192 versu
1418 3139 1486 3183 cou-

298 3221 584 3304 prehendebantur
606 3242 643 3285 eo
667 3222 779 3284 melior
801 3234 833 3285 et
855 3223 981 3304 gravior
1003 3221 1099 3284 fiebat
1121 3223 1235 3298 oratio;
1262 3225 1364 3304 potuit
1386 3234 1484 3288 autem

298 3326 383 3388 inter
404 3336 449 3390 tot
471 3326 643 3407 praeterita
666 3325 840 3418 yerbornm
868 3337 1027 3409 tempora,
1058 3345 1140 3407 quae
1164 3344 1223 3408 per
1244 3345 1394 3408 maguum
1416 3347 1485 3392 ver·

298 3449 392 3492 suum
413 3448 584 3493 numerum
606 3429 849 3508 eontinuantur,
882 3437 964 3508 erat,
995 3429 1081 3510 quod
1109 3431 1214 3510 ipsum
1237 3434 1482 3513 misequitur,

298 3533 368 3594 sine
391 3534 476 3594 omni
492 3533 642 3594 orationis
664 3529 870 3613 ambiguitate
888 3533 952 3594 illie
973 3533 1086 3594 omitti.
1126 3533 1205 3596 illud
1221 3531 1362 3596 dubitari
1378 3545 1482 3617 potest,

297 3645 405 3698 utrum
429 3636 528 3699 itaut
558 3634 690 3698 lenimus
718 3635 924 3700 seribendum
954 3639 996 3698 sit
1017 3655 1057 3698 an
1086 3636 1191 3718 potins
1213 3638 1277 3716 sie,
1309 3658 1402 3716 rrora
1423 3658 1481 3716 ιιι,

298 3739 386 3801 telius
410 3740 473 3802 illic
494 3748 522 3801 et
539 3747 651 3821 pontio
674 3747 702 3802 et
723 3739 837 3802 aether.
883 3741 942 3802 hoe
970 3741 1055 3802 enim
1078 3760 1097 3802 a
1119 3739 1237 3802 menda
1258 3761 1370 3804 eorum
1392 3743 1482 3805 libro-

299 3861 370 3905 rum
400 3863 479 3926 quos
514 3843 566 3905 hio
595 3844 694 3924 magis
724 3862 819 3923 quam
855 3853 978 3906 ceteros
1005 3841 1187 3924 sequendos
1220 3863 1289 3907 esse
1323 3865 1481 3908 censemus

298 3965 400 4028 paene
430 3949 562 4029 propius
591 3947 682 4009 abest
709 3957 741 4010 et
768 3949 923 4029 seriptum
954 3957 1003 4010 est
1039 3948 1072 4010 in
1101 3947 1165 4010 fine
1194 3949 1346 4012 versiculi
1375 3949 1478 4024 aeliu,
1578 4021 1579 4026 γ

298 4070 362 4113 uon
385 4069 458 4126 oer,
491 4052 524 4112 in
547 4051 674 4131 optimis
696 4069 759 4112 non
787 4050 884 4113 nullis
908 4049 1155 4131 exemplaribus.
1201 4059 1236 4114 ut
1265 4052 1394 4114 looaleru
1415 4070 1481 4134 par
1578 4067 1579 4143 i

297 4154 444 4233 tieulam,
477 4155 626 4234 quoniam
655 4173 725 4216 rara
755 4165 820 4233 est,
851 4153 999 4217 omnibus
1028 4174 1110 4236 quae
1140 4153 1232 4217 nohis
1261 4165 1388 4236 praesto
1415 4163 1478 4218 suut

299 4257 455 4338 exemplis
488 4256 754 4320 confirmabimus.
810 4259 918 4339 itaque
950 4257 1033 4320 dixit
1061 4261 1105 4320 ita
1133 4259 1293 4340 Vergilius
1326 4279 1362 4321 eo
1394 4277 1478 4340 quern

299 4361 471 4443 Porphyrio
494 4361 598 4424 attulit
621 4379 717 4423 versu
744 4358 833 4442 (hen.
855 4380 873 4421 ι
895 4361 983 4444 329),
1010 4364 1128 4444 comque
1146 4362 1214 4444 sere
1235 4363 1334 4444 spatio
1356 4369 1478 4426 mam

295 4465 430 4548 fessique
451 4463 513 4550 jsah
544 4467 642 4547 ipsam
665 4467 768 4528 Finem
797 4464 1020 4544 ademptast,
1050 4466 1112 4528 levi
1138 4485 1207 4530 osor
1228 4468 1377 4551 magnalis
1398 4467 1480 4530 noo
