3184 5108
326 353 403 430 278
620 369 711 430 lunsx
730 383 896 428 arduom
918 383 1103 428 eminutus
1128 365 1222 426 rste.

329 570 415 623 osset
443 579 460 622 e
483 557 565 620 libro
593 556 719 620 loannis
745 555 876 635 Nicotii,
908 555 934 618 si
964 554 991 616 is
1014 551 1108 634 liber,
1139 571 1201 634 quo
1230 553 1412 635 Opsopoeus
1441 573 1510 616 usus

329 674 395 743 est,
428 669 610 742 superesset
639 656 734 722 hodia
755 667 827 735 aut,
858 659 885 720 si
909 667 1064 738 superest,
1098 675 1162 719 non
1183 655 1313 720 abditus
1335 655 1447 720 alicubi
1469 657 1510 718 la-

329 775 429 829 teret:
464 782 537 826 nam
565 762 625 824 etsi
652 779 752 842 pauca
781 759 856 824 inde
879 759 983 824 adlert
1005 761 1204 843 Opsopoeus‚
1236 761 1312 824 satis
1340 770 1443 822 umen
1466 762 1510 822 in-

331 867 511 948 tellegimus
541 865 705 945 exemplar
733 863 812 928 illud
838 865 954 926 ceteris
976 883 1058 945 quse
1086 865 1232 928 novimus
1261 863 1360 926 multo
1384 863 1510 944 praesti-

330 972 419 1034 tisse.
467 970 551 1032 inter
573 987 627 1031 eos
649 965 748 1033 libros
770 967 825 1048 qui
853 966 949 1030 bodie
971 977 1080 1032 extent
1102 968 1344 1048 accuratiusque
1368 967 1510 1048 explorati

331 1085 407 1138 sunt
441 1072 550 1154 optimi
584 1081 670 1134 reete
698 1068 858 1133 hahentur
886 1069 949 1133 duo
977 1071 1127 1151 Parisini,
1164 1088 1301 1151 quorum
1330 1071 1409 1132 alter
1437 1070 1511 1130 Petri

332 1177 452 1240 Pithoei
481 1175 555 1237 olim
585 1172 661 1253 luit,
699 1173 779 1236 alter
806 1170 940 1254 Augusti
967 1174 1106 1238 Thuani:
1140 1174 1174 1234 in
1203 1191 1339 1254 quorum
1368 1171 1510 1234 librorum

332 1281 424 1361 quasi
448 1276 664 1342 fundamentis
691 1294 784 1338 omne
807 1275 1038 1339 emendationis
1067 1295 1147 1358 opus
1175 1274 1422 1338 construendum
1451 1294 1512 1336 osse

334 1384 465 1446 Hessius
487 1381 585 1444 multo
608 1397 702 1460 quem
725 1389 818 1442 antea
841 1377 956 1441 laetum
979 1388 1048 1442 aret
1075 1380 1189 1442 melius
1211 1379 1379 1442 intellexit.
1425 1377 1512 1440 habet

277 1473 285 1486 ⁸
333 1496 439 1548 autem
471 1485 502 1546 in
532 1483 596 1546 illis
622 1481 663 1544 de
693 1481 811 1563 quibus
840 1481 1038 1563 disputemus
1064 1482 1173 1546 verbis
1206 1482 1289 1545 liber
1317 1481 1436 1544 l’ithoei
1461 1499 1512 1542 sos

333 1589 476 1664 orationi,
509 1585 595 1666 quod
625 1584 738 1649 laisum
761 1595 820 1666 est,
852 1595 919 1648 tum
945 1593 979 1647 ut
1001 1587 1071 1667 ipso
1091 1587 1171 1648 inter
1199 1603 1232 1648 se
1253 1586 1318 1648 vito
1339 1603 1377 1648 us
1399 1587 1438 1648 sit
1458 1604 1513 1646 om·

334 1692 422 1754 oium*
448 1691 599 1754 actionum
628 1687 815 1752 dissensione
841 1689 950 1751 coloris
972 1690 1022 1766 sit,
1059 1688 1144 1753 inter
1165 1690 1229 1752 olto
1257 1698 1364 1752 autem
1393 1699 1425 1750 et
1445 1705 1512 1750 usa

334 1791 475 1857 secunde
505 1810 601 1854 manu
624 1793 636 1853 i
656 1790 800 1854 additum
829 1801 888 1870 est,
920 1793 947 1853 si
971 1791 1150 1854 Fickertum
1180 1801 1266 1854 recte
1296 1792 1510 1870 intellegimus.

335 1896 458 1960 Thuani
485 1893 569 1958 liber
597 1894 676 1956 haec
702 1892 848 1974 praebet,
876 1901 912 1956 ut
939 1895 1008 1976 ipso
1035 1897 1114 1956 inter
1141 1913 1175 1958 sc
1196 1897 1260 1956 vito
1285 1912 1366 1956 eoos
1395 1898 1434 1957 sit
1459 1911 1513 1954 om

334 2001 421 2062 nivem
453 1999 529 2060 ectio
563 1997 785 2060 dissentientem
814 1997 896 2059 color
923 1999 974 2060 sit.
1027 1998 1133 2078 itaque
1170 1995 1376 2060 scribendum
1405 2007 1451 2060 est
1482 2015 1514 2056 ne

336 2103 469 2165 orotiooi
496 2104 560 2164 vito
588 2100 756 2178 dissmtiot,
788 2107 822 2168 et
848 2103 918 2180 ipso
945 2119 1034 2162 imru
1062 2119 1094 2163 sc
1119 2101 1184 2162 vito
1210 2119 1294 2164 rnrrs
1325 2103 1365 2163 sit
1392 2101 1512 2162 omoiom

337 2206 489 2268 actionem
510 2222 574 2266 sues
596 2203 782 2266 dissensione
804 2220 940 2264 cotoms.
987 2204 1119 2266 lleesius
1140 2213 1209 2264 octo
1223 2201 1333 2265 verbis
1355 2203 1514 2284 interposi·

337 2310 379 2370 tis
400 2325 464 2370 non
488 2307 593 2369 effecit
615 2315 650 2368 ut
672 2305 770 2368 oratio
791 2303 893 2366 nitida
916 2315 1000 2367 esset
1022 2315 1076 2368 eut
1098 2304 1283 2386 probabilis.

424 2409 490 2470 Non
525 2410 625 2488 magis
657 2405 811 2470 adsentiri
846 2408 957 2470 Haasio
996 2427 1163 2489 possumus
1195 2410 1229 2470 in
1263 2409 1399 2488 epistula
1426 2409 1463 2470 5⁰
1485 2410 1511 2468 l.

337 2512 455 2593 legitur
481 2510 525 2572 ibi
548 2513 642 2592 vulgo
672 2511 703 2574 si
722 2512 832 2573 cerosi
858 2513 1063 2592 coeperimus,
1094 2511 1214 2594 quoodo
1243 2518 1284 2574 tot
1310 2511 1429 2576 mmdos
1454 2521 1515 2574 tor·

338 2623 424 2679 totve
458 2613 663 2697 oepritudioes
691 2614 909 2678 duosdemus?
944 2625 1067 2677 vetuste
1095 2623 1201 2677 sutem
1235 2616 1427 2696 exemplaria
1459 2633 1513 2676 non

338 2717 544 2802 oeprt'tudt'ocs
573 2714 708 2796 babent,
740 2716 797 2780 sad
820 2735 883 2780 scs.
933 2717 1045 2799 itaque
1075 2719 1250 2780 rectissime
1282 2719 1414 2780 llaasius
1439 2736 1514 2779 oom-

339 2820 521 2884 mentioium
549 2818 737 2882 vocabulum
765 2818 969 2884 abiciendum
999 2839 1069 2883 esse
1098 2820 1260 2883 iudicavit.
1314 2821 1440 2902 scripsit
1464 2839 1514 2882 au·

337 2934 402 2987 tem
433 2929 474 2986 tot
500 2921 619 2986 morbos
649 2930 711 2985 tom
739 2929 853 2986 vetmcs
887 2941 1028 3004 ususque
1057 2935 1106 2986 est
1132 2934 1156 2986 t.
1180 2941 1214 2985 ur
1244 2944 1277 3005 p.
1301 2943 1332 2986 ιι
1360 2923 1512 2986 artificiosa

339 3026 476 3107 quadem
506 3024 774 3088 demonstratione
804 3043 867 3106 que
896 3023 1024 3088 doceret
1053 3025 1171 3108 quibus
1193 3027 1428 3108 depravationis
1452 3043 1513 3107 grs-

340 3128 436 3192 dibus
465 3135 526 3192 tom
553 3135 668 3192 veteres
698 3128 731 3190 in
761 3135 899 3192 toutoscc
920 3147 972 3191 res
1000 3129 1131 3192 abiisset
1159 3131 1303 3211 nihilque
1332 3129 1394 3192 sibi
1424 3131 1512 3192 mani-

339 3231 451 3296 lestius
486 3249 555 3296 osse
588 3230 672 3293 dixit
700 3248 795 3311 quam
830 3229 1035 3294 scribendum
1063 3251 1133 3296 esse
1166 3239 1228 3295 tam
1257 3241 1383 3296 ueteres.
1435 3231 1513 3294 nobis
1577 3235 1578 3238 ’

341 3333 472 3415 quidem
501 3332 704 3400 manifestum
735 3343 784 3396 est
811 3335 963 3398 Senecam
993 3337 1035 3398 ita
1063 3353 1127 3397 non
1156 3335 1333 3416 scripsisse.
1385 3355 1455 3397 nem
1479 3333 1511 3394 de

342 3437 527 3502 inveteratis
555 3434 674 3500 morbis
700 3437 787 3516 loqui
815 3455 878 3498 non
907 3439 1011 3519 potuit
1035 3439 1091 3519 qui
1118 3439 1373 3502 interstitiorum
1395 3455 1514 3500 exeusa-

340 3541 442 3601 tiones
465 3537 556 3600 modo
579 3539 657 3601 haec
679 3540 837 3620 attulerat,
862 3559 923 3602 noo
945 3547 990 3603 est
1009 3559 1108 3602 mmm
1129 3542 1235 3602 vitium
1258 3541 1336 3622 qatod
1359 3539 1512 3604 sommus

340 3660 426 3717 sum,
464 3640 543 3722 pot
575 3641 709 3704 modum
737 3643 879 3705 ooasdtui
905 3651 1020 3706 certum
1053 3661 1148 3726 pecus
1181 3645 1286 3706 sime:
1323 3642 1511 3706 adulescentes

340 3745 414 3808 boec
432 3743 520 3825 facit.
567 3762 673 3825 nsque
695 3763 766 3807 oum
788 3755 934 3809 veterum
958 3745 1139 3808 morborum
1162 3749 1448 3810 oommemoratione
1469 3762 1512 3806 sa·

340 3849 383 3910 tis
405 3858 491 3914 reote
513 3849 659 3927 congruit
680 3846 766 3928 quod
787 3850 893 3910 statim
915 3851 1072 3930 sequitur,
1097 3867 1178 3911 ouoc
1200 3867 1272 3911 cero
1294 3869 1332 3912 no
1352 3849 1510 3932 quaesisses

341 3951 460 4031 paridem
488 3949 651 4028 mmmm,
689 3951 743 4031 qui
768 3952 869 4014 mmm
896 3953 1006 4035 nepoti
1031 3950 1169 4030 helmet,
1204 3955 1234 4015 si
1261 3951 1450 4015 adhiberetis
1478 3945 1511 4008 ad
1576 3983 1577 3986 ¹

341 4069 448 4116 roccus
470 4054 588 4116 odium
636 4054 744 4134 itaque
765 4055 811 4115 sio
839 4055 944 4135 potius
967 4055 1118 4117 Senecam
1141 4055 1306 4136 scripsisse
1331 4053 1508 4136 putabimus,

342 4155 464 4236 quoodo
493 4162 534 4218 tot
560 4154 678 4218 morbos
699 4174 847 4220 rurrosrs
875 4157 1091 4220 discutiemus?
1126 4157 1227 4239 siquis
1254 4165 1394 4221 tortusue
1420 4157 1509 4236 legare

342 4255 405 4320 sibi
428 4256 608 4338 videbatur,
639 4258 708 4322 ilari
732 4276 795 4322 non
818 4263 919 4342 potuit
942 4262 1020 4342 quin
1043 4279 1093 4324 res
1115 4260 1267 4324 adiceret.
1314 4271 1399 4324 reete
1419 4269 1508 4321 autem

343 4358 463 4422 diotum
493 4371 542 4426 est
569 4368 610 4424 tot
641 4368 796 4424 tortiores:
833 4363 886 4425 nlii
917 4365 1002 4426 enim
1032 4365 1140 4428 multis
1168 4365 1265 4426 animi
1291 4363 1411 4426 morbis
1436 4359 1509 4422 labo

342 4472 427 4540 rant,
451 4461 505 4524 elii
527 4462 731 4544 paucioribus
752 4465 810 4528 sed
833 4455 1049 4547 pravissimis.¹
