3204 5104
153 1149 329 1248 lNDllX
359 1151 678 1252 tuellen‘vlt
710 1150 1080 1252 lasttvlttvlt
1113 1166 1236 1259 1869.

623 1389 733 1396 ...—--—
739 1389 775 1396 .-,-

308 1535 715 1616 VNIVERSITATIS
743 1539 1093 1618 LITTERARIAE

486 1701 922 1760 rmmmmseummme

422 1827 623 1915 aletes
648 1847 693 1906 rr
720 1829 974 1918 SENATVS.

99 2043 319 2171 Accepimus
339 2112 356 2152 a
379 2092 526 2154 Mauricio
550 2093 683 2173 llauptie
713 2112 794 2174 quae
824 2092 955 2174 putabat
977 2113 1069 2174 posse
1092 2115 1162 2158 curu
1186 2099 1292 2178 alique

99 2197 281 2259 litterarum
309 2195 518 2260 eutolumeute
547 2196 700 2276 evulgari.
748 2216 818 2258 euru
848 2206 953 2259 antem
983 2198 1098 2280 collega
1127 2210 1236 2262 noster
1259 2203 1292 2264 in

98 2297 284 2363 scribendis
314 2299 362 2362 bis
392 2299 561 2379 prooemiis
590 2319 648 2380 per
677 2298 863 2380 quindecim
891 2318 991 2362 annes
1013 2320 1083 2363 eam
1105 2301 1167 2364 sibi
1191 2304 1292 2384 legera

98 2401 275 2482 diligenter
303 2401 492 2464 servandam
524 2421 594 2464 esse
622 2403 799 2464 censuisset
827 2413 863 2464 ut
885 2413 992 2466 nostre
1014 2423 1142 2484 semper
1164 2408 1292 2469 nomine
1387 2419 1391 2426 '

98 2507 289 2586 loqueretur
311 2523 416 2585 nequc
445 2505 614 2585 quicquam
643 2504 729 2585 qued
752 2503 793 2566 ad
815 2523 903 2568 suam
927 2524 1094 2588 persenam
1117 2509 1291 2588 pertineret

98 2610 339 2688 interponeret,
371 2627 458 2670 nunc
480 2608 578 2670 semel
600 2607 694 2670 aliter
715 2627 810 2688 agere
833 2617 958 2672 coactns
980 2619 1044 2672 est:
1078 2629 1182 2691 neque
1206 2615 1291 2674 enim

97 2731 183 2792 quae
207 2709 334 2774 edenda
357 2711 386 2774 ei
408 2729 479 2774 esse
496 2709 689 2773 videbantur
710 2729 858 2791 promere
881 2713 983 2792 potnit
998 2713 1058 2774 nisi
1076 2714 1170 2778 simul
1193 2735 1292 2796 qnae-

97 2814 171 2878 dam
198 2823 344 2876 narraret
366 2833 449 2894 quae
473 2813 532 2894 ipsi
555 2811 753 2876 acciderunt.
800 2814 845 2876 sie
869 2815 966 2893 igitur
989 2815 1041 2878 ille
1064 2818 1202 2897 scripsit.

187 2917 301 2985 Annus
327 2927 375 2982 est
405 2915 472 2980 lere
495 2925 628 2998 quartus
651 2915 793 2980 decimus
816 2936 888 2980 cum
911 2916 1002 2978 herne
1029 2919 1158 2998 quidam
1181 2919 1292 2984 dectus
1353 2955 1356 2962 =

97 3043 136 3084 cx
162 3022 252 3082 ltalia
282 3019 385 3084 redux
416 3039 466 3084 me
495 3019 643 3082 mareuil
674 3020 815 3100 miliique
845 3021 988 3082 narravit
1017 3021 1182 3108 invenisse
1200 3045 1234 3086 sc
1259 3025 1292 3086 in

96 3124 333 3205 antiquissimis
351 3123 544 3188 membranis
560 3122 788 3204 praelationem
804 3121 957 3186 librorum
972 3143 1134 3188 sacrorum
1150 3127 1290 3189 Latinam

96 3248 182 3310 quae
205 3226 248 3292 ad
263 3227 419 3308 lebilurn
442 3227 604 3307 pertinere
620 3223 784 3291 videretur
806 3236 840 3288 et
862 3227 894 3287 in
917 3245 981 3307 qna
996 3227 1140 3290 Getieum
1162 3229 1291 3310 aliquod

96 3332 236 3396 verbum
265 3339 364 3408 esset;
399 3349 468 3392 eam
497 3328 725 3409 praelationem
756 3329 783 3390 sl
806 3326 903 3392 edere
925 3329 1040 3392 vellem
1063 3349 1097 3392 sc
1120 3331 1198 3394 mibi
1221 3353 1290 3396 esse

96 3434 305 3498 traditurum.
352 3432 569 3496 condicionem
599 3431 737 3496 libenter
763 3432 885 3512 accepi:
920 3431 999 3494 nihil
1031 3433 1114 3494 euim
1142 3435 1227 3515 quod
1250 3436 1290 3497 ad

97 3540 243 3619 linguam
272 3537 457 3617 litterasque
480 3536 629 3600 Getarum
659 3535 835 3598 rele'rretnr
857 3535 965 3616 perire
987 3547 1041 3601 aut
1063 3535 1214 3600 abscondi
1246 3539 1291 3600 las

96 3661 170 3704 esse
191 3639 383 3702 indicabam.
424 3639 476 3700 ille
499 3647 569 3718 post
590 3637 710 3718 aliquot
732 3637 802 3702 dies
823 3637 970 3718 promissi
993 3639 1149 3703 inmemor
1171 3659 1210 3703 ex
1235 3641 1290 3704 bac

97 3744 180 3808 urbe
205 3741 367 3822 discessit,
399 3760 504 3823 neque
527 3760 598 3804 eum
628 3751 737 3822 postca
759 3760 818 3822 per
840 3742 962 3804 litteras
984 3740 1071 3822 qued
1091 3743 1175 3806 ultro
1197 3744 1290 3806 obtu-

96 3849 178 3910 lerat
194 3843 237 3908 ab
252 3865 288 3908 eo
304 3855 448 3926 peterem
462 3862 577 3926 operae
600 3844 738 3924 pretium
761 3843 835 3906 leci.
873 3845 1048 3908 interiectis
1063 3845 1184 3928 aliquot
1197 3849 1290 3910 tranis

96 3951 217 4016 itinere
239 3947 280 4012 ad
304 3968 375 4011 eum
399 3946 479 4014 teoto
494 3947 646 4028 temptavi
663 3946 819 4027 nutatquid
834 3965 987 4029 praesens
1003 3967 1128 4028 possem
1144 3949 1285 4012 ellicum:

96 4074 173 4116 natu
197 4071 252 4114 res
272 4071 324 4114 me
346 4049 509 4132 pungebat
531 4049 784 4131 indignabarque
808 4069 870 4112 nen
893 4059 955 4112 mm
984 4050 1070 4130 qued
1093 4051 1288 4132 mihiquem

95 4155 183 4239 quod
209 4154 367 4218 communi
390 4153 588 4216 eruditorum
611 4152 740 4215 utilitati
763 4151 969 4216 subtrahebat
985 4171 1084 4234 quae,
1109 4155 1135 4216 si
1153 4174 1228 4219 vera
1248 4155 1288 4218 de

95 4262 145 4326 eis
168 4268 370 4338 narraverat,
396 4258 466 4320 sine
481 4275 568 4320 mora
583 4266 691 4320 essent
711 4255 899 4337 evulganda.
939 4256 1018 4319 nibil
1034 4265 1141 4323 umen
1155 4275 1173 4318 a
1188 4259 1290 4338 tergi-

94 4371 248 4426 versante
282 4359 398 4424 abstuli
433 4369 562 4442 praeter
594 4377 692 4422 novas
724 4359 976 4440 pollicitationes.
1031 4357 1072 4422 de
1107 4359 1159 4421 illo
1192 4361 1289 4440 igitur

94 4472 282 4532 cunctatore
313 4461 547 4544 desperandum
572 4463 648 4526 mibi
671 4481 741 4526 esse
765 4461 917 4525 intellexi.
967 4463 1107 4542 interea,
1136 4461 1211 4526 dnm
1237 4464 1289 4528 illc
