3184 5108
405 386 496 446 ίιωεκ
517 403 683 446 ιεττιοιινε
708 401 890 446 erasarum
909 385 1003 447 l862.
1229 369 1303 444 209

109 572 240 634 Samum
263 570 417 635 deductas
440 573 552 636 Strabo
575 593 623 635 nr
645 592 677 653 p.
697 573 777 652 633,
810 565 913 655 Σάμον
936 569 970 635 tt
997 569 1108 655 (arilei)
1135 567 1303 658 Τεμβρίων,

108 668 163 738 εἶθ’
192 665 317 760 ὕστερον
334 672 484 760 Προκλῆς.
523 695 691 758 possumus
713 677 774 738 alia
795 675 928 754 addere,
952 675 1010 738 sed
1029 679 1105 740 satis
1127 674 1305 739 ostendisse

109 777 203 840 nobis
235 778 385 841 videmur
413 779 563 842 honorem
590 780 717 841 Herculi
748 790 779 840 et
809 778 947 842 Persidis
977 789 1008 842 et
1030 780 1130 842 Procli
1161 781 1193 840 in
1223 781 1306 842 lonis

108 882 253 942 carmine
276 881 420 944 habitum
449 901 511 946 non
537 901 631 963 posse
658 903 695 946 ea
723 901 786 963 qua
808 883 999 944 Welclrerus
1021 883 1122 944 voluit
1144 884 1306 964 interpre-

107 986 230 1046 tatione
260 985 424 1066 explicari.
481 1004 587 1067 neque
623 995 727 1048 tamen
766 987 884 1048 rectius
918 985 1075 1048 laccbsins
1107 985 1306 1065 anthologiaa

106 1084 252 1150 Graecae
273 1097 297 1149 t.
315 1107 345 1150 rr
368 1109 401 1170 p.
420 1090 482 1150 348
508 1089 642 1150 ‘herces’
674 1089 793 1169 inquit,
828 1086 959 1168 ‘quihus
987 1098 1079 1169 poeta
1107 1086 1201 1150 libari
1224 1090 1305 1168 vult,

107 1207 177 1252 rem
201 1189 298 1272 Argis
319 1193 369 1272 agi
393 1193 572 1272 significare
595 1190 758 1254 videntur.
806 1189 851 1252 ibi
875 1192 961 1253 enim
983 1193 1135 1254 hercules
1156 1189 1308 1254 Alcmana

106 1303 139 1354 et
163 1295 274 1356 Persei
304 1298 474 1376 progenies
496 1297 668 1377 praecipuo
698 1295 815 1356 honore
843 1294 1068 1358 colebantur..
1090 1342 1097 1355 .
1119 1341 1126 1356 .
1152 1297 1225 1375 quis
1254 1296 1307 1358 illc

107 1399 239 1459 Procles
274 1399 316 1460 sit
346 1417 443 1478 quem
473 1401 526 1461 lon
557 1399 643 1460 inter
671 1398 784 1460 heroas
817 1407 965 1460 numerat
999 1401 1108 1478 ignoro
1143 1397 1305 1478 equidem.

105 1502 233 1581 cogites
263 1499 305 1563 de
328 1501 434 1564 Procle
458 1501 640 1581 Heraclida,
673 1503 763 1564 cuius
793 1503 963 1582 progenies
986 1501 1117 1582 Spartae
1140 1503 1308 1582 regnavit)

105 1604 232 1666 etenim
256 1605 356 1666 Procli
377 1605 570 1668 Aristodemi
594 1605 657 1667 lilio
679 1604 773 1685 Argis
796 1607 828 1665 in
852 1605 995 1666 convivio
1017 1603 1151 1666 libatum
1174 1623 1245 1667 essa
1267 1604 1309 1666 ab

105 1709 196 1768 omni
229 1710 298 1769 veri
329 1708 539 1772 similitudine
568 1708 731 1770 abhorret.
786 1709 880 1769 immo
910 1709 1026 1770 Proclis
1055 1710 1308 1770 commemoratio
1423 1722 1425 1726 ·

105 1810 245 1872 adducit
266 1831 323 1874 nos
345 1821 381 1873 ut
404 1813 488 1873 inter
510 1811 773 1875 Lacedaemonios
801 1811 983 1874 convivium
1009 1811 1121 1892 agitari
1145 1813 1310 1873 existime-

105 1933 194 1994 mus,
221 1933 328 1995 neque
351 1933 414 1995 qno
437 1915 542 1977 minus
565 1915 608 1978 ita
630 1925 805 1978 statuamus
826 1913 929 1976 obstat
949 1913 1036 1994 quod
1052 1914 1200 1976 Persidae
1223 1933 1310 1978 com-

105 2028 343 2081 memorantur.
392 2038 463 2082 cnm
493 2021 579 2080 enirn
601 2018 771 2081 Alcmenae
801 2027 893 2098 pater
915 2017 1082 2098 Electryon
1107 2018 1190 2080 lilius
1213 2018 1311 2107 luerit

106 2123 235 2202 Persei,
261 2122 345 2185 iilius
367 2121 536 2184 Alcmenae
560 2122 712 2184 Hercules
735 2123 870 2200 eiusque
892 2121 1062 2202 progenies
1085 2131 1171 2183 recte
1194 2120 1311 2183 dicun-

105 2237 163 2288 tur
188 2224 356 2288 Persidae:
388 2245 462 2289 nam
490 2228 550 2288 etsi
580 2243 676 2306 saepe
701 2224 852 2286 llercules
881 2243 898 2284 a
929 2233 1019 2304 patre
1042 2225 1132 2303 quasi
1154 2213 1309 2305 adoptivo¹

104 2327 433 2410 Amphitryoniades,
465 2327 594 2390 Alcides
622 2347 641 2390 a
670 2338 761 2408 patre
791 2327 876 2389 illins
898 2324 1013 2389 Alcaeo
1036 2327 1143 2389 Persei
1166 2327 1230 2388 lilio
1252 2338 1336 2388 κιο-ι

106 2434 272 2510 minatur,
306 2432 411 2494 ionem
441 2443 548 2494 tamen
578 2429 781 2494 manifestum
805 2441 854 2492 est
876 2440 1009 2512 propter
1029 2428 1212 2492 Alcmenam
1236 2430 1312 2494 Per-

107 2534 203 2597 sidas
226 2534 346 2597 dixisse
367 2534 560 2614 Heraclidae,
586 2537 706 2616 quippe
730 2536 784 2615 qui
807 2535 901 2596 simul
925 2536 1219 2596 commemoraverit
1236 2530 1312 2596 Alc-

105 2655 254 2701 menam.
293 2657 400 2720 neque
423 2658 495 2700 cum
516 2637 717 2700 Persidarum
741 2639 868 2698 nomine
892 2637 1041 2700 utebatur
1064 2639 1097 2697 in
1119 2636 1311 2717 adpellanda

106 2741 434 2804 Lacedaemoniorum
465 2761 575 2822 regum
608 2743 774 2822 prosapia,
810 2741 923 2803 iecisse
956 2739 1117 2822 putandus
1147 2750 1195 2802 est
1223 2739 1308 2820 quod

105 2846 287 2908 obscurum
315 2857 400 2908 esset
428 2855 483 2907 aut
510 2863 527 2906 a
557 2845 716 2906 communi
745 2843 935 2907 Graecorum
966 2845 1076 2906 notitia
1109 2843 1309 2906 abhorreret.

108 2949 295 3012 Herodotus
317 2949 402 3011 enim
431 2958 599 3029 postquam
628 2949 775 3028 exposuit
804 2967 885 3028 quae
909 2947 1145 3009 Lacedaemonii
1175 2945 1215 3007 de
1237 2942 1312 3006 Ari-

108 3051 260 3116 stodemo
283 3052 421 3133 filiisque
445 3054 515 3114 eius
538 3051 739 3132 Borysthene
759 3060 794 3112 et
814 3051 921 3112 Procle
944 3049 1119 3112 narrabant
1142 3050 1184 3111 ita
1206 3051 1314 3131 pergit

109 3175 142 3218 rr
167 3155 229 3236 53,
257 3157 353 3219 ταῦτα
375 3152 429 3239 μὲν
453 3149 688 3238 Λακεδαιμόνιοι
709 3152 831 3236 λέγουσι
859 3156 963 3236 μοῦνοι
979 3147 1153 3236 Ἑλλήνων,
1183 3147 1256 3217 τάδε
1279 3150 1313 3217 δὲ

107 3255 195 3324 κατὰ
223 3254 318 3323 seht
344 3251 493 3342 λεγόμενα
520 3253 564 3321 ὑπ’
595 3251 753 3342 Ἑλλήνων
783 3254 844 3342 ἐγὼ
874 3251 1000 3343 γράφω·
1031 3250 1152 3327 τοιίτους
1187 3251 1245 3341 γὰρ
1274 3250 1312 3340 δὴ

108 3359 185 3435 rods
208 3360 349 3448 Δωριέων
376 3361 519 3448 βασιλέας
549 3360 639 3446 μέχρι
669 3358 722 3444 μὲν
752 3359 884 3447 Περσέος
912 3363 964 3424 τοῦ
987 3354 1127 3443 Δανάης,
1157 3361 1210 3422 τοῦ
1239 3359 1314 3422 θεοῦ

111 3461 262 3538 ἀπεόντος
268 3513 279 3544 ,
308 3464 566 3550 καταλεγομένους
589 3459 689 3551 ὀρθῶς
719 3458 762 3527 brr’
789 3459 950 3547 Ἑλλήνων
973 3458 1024 3526 καί
1046 3457 1314 3545 ἀποδεικνυμένους

111 3565 158 3642 ὡς
187 3565 246 3634 είοί
264 3561 436 3654 Ἕλληνες·
464 3559 524 3653 ἤδη
553 3563 611 3655 γὰρ
632 3569 797 3652 τηνικαῦτα
826 3567 857 3639 ἐς
878 3559 1035 3650 Ἕλληνας
1064 3557 1147 3629 οὗτοι
1176 3565 1312 3630 ἐτέλεον*

111 3672 205 3744 ἔλεξα
229 3670 262 3737 δὲ
278 3671 369 3758 μέχρι
388 3666 519 3757 Περσέος
537 3671 625 3736 τοῦδε
648 3667 761 3748 εἵνεκα,
786 3665 848 3734 ἀλλ’
876 3665 931 3735 οὐκ
954 3664 1101 3733 ἀνέκαθεν
1123 3665 1168 3733 ἔτι
1190 3665 1313 3754 ἔλαβον,

109 3771 163 3841 δτι
192 3771 247 3840 οιίκ
280 3773 381 3840 ἔπεστι
413 3772 568 3859 ἐπωνυμίη
603 3769 716 3861 Περσέι
748 3770 875 3858 οὐδεμία
907 3768 1018 3860 πατρὸς
1047 3771 1177 3856 θνητοῦ,
1190 3761 1198 3772 ’
1213 3763 1314 3857 ὥσπερ

105 3873 261 3966 Ἡρακλεί
290 3873 488 3964 Ἀμφιτρύων.
543 3880 694 3942 isocrates
725 3877 910 3940 Archidami
940 3896 1008 3958 cap.
1035 3874 1073 3936 ll
1110 3872 1152 3957 (p.
1176 3875 1247 3959 tta)
1279 3883 1317 3937 ut

114 3984 231 4046 doceat
246 4001 309 4064 quo
329 3984 400 4046 iure
415 3981 600 4046 Heraclidae
616 3981 709 4062 Argis
726 3981 817 4062 potiti
839 3983 903 4043 sint
926 3979 1107 4058 haecdicit,
1133 3971 1315 4062 Εὐρυσθέως

114 4083 177 4173 γὰρ
207 4079 411 4158 ἀποθανόντος
441 4080 527 4170 μόνοι
554 4081 725 4170 Περσειδῶν
755 4074 833 4167 ἧοαν
862 4076 1142 4166 καταλελειμμένοι.
1200 4083 1316 4144 Pausa-

117 4193 191 4253 nias
213 4209 235 4251 ιι
260 4191 341 4251 487
372 4189 400 4253 οἱ
431 4185 465 4252 δὲ
487 4183 686 4274 Ἡρακλεῖδαι
712 4183 746 4251 τὸ
770 4181 919 4250 ἀνέκαθέν
948 4184 1007 4250 elea
1030 4182 1204 4270 Περσεῖδαι.
1251 4202 1315 4246 non

118 4313 200 4376 opus
224 4303 273 4356 est
301 4304 337 4355 ut
357 4293 478 4357 diutius
500 4310 732 4356 commoremur
760 4292 792 4351 in
823 4309 858 4352 re
885 4291 1064 4352 notissima:
1097 4289 1316 4350 existimamus

119 4399 207 4459 enim
230 4397 347 4460 Proclis
369 4397 679 4474 commemoratione,
710 4413 846 4474 quacum
870 4392 950 4456 iacta
973 4389 1174 4454 Persidarum
1198 4391 1316 4453 mentio

123 4513 208 4564 recte
231 4503 395 4580 congruit,
428 4498 640 4562 demonstrari
664 4497 979 4560 Lacedaemoniorum
1009 4495 1105 4558 luisse
1135 4493 1316 4555 convivium

175 4617 298 4670 Henptli
313 4617 424 4668 opuscula
440 4617 468 4660 11.
1078 4615 1108 4664 14
