3240 5094
417 397 507 458 [ποια
528 413 695 458 esurient!
717 413 896 457 eneruem
920 395 1014 456 tete.
1237 377 1311 450 453

118 586 266 666 graviter
280 586 391 666 punita
408 605 479 646 esse
492 583 672 646 Heraclides
685 584 831 646 Ponticus
842 585 897 666 qui
913 583 1031 646 dieitur
1042 592 1152 646 narret
1162 601 1232 665 cap.
1245 581 1309 665 tt),

118 687 180 750 sed
203 698 297 770 poete
320 707 427 769 neque
449 688 609 750 luxuriem
632 705 743 750 eorum
765 695 851 748 notat
879 705 985 767 neque
1018 684 1101 767 [nem
1131 688 1190 748 hoo
1219 687 1314 748 etiam

116 789 276 871 adfertur]
304 809 476 872 puerorum
500 809 563 870 quo
585 790 654 850 Elei
675 789 785 852 famosi
808 799 900 864 erant
921 809 1079 869 amorem,
1103 809 1216 852 verum
1238 807 1314 870 pro-

120 904 235 975 pterea
258 901 381 956 tantum
403 891 444 954 ab
462 893 571 974 Epope
593 894 663 956 eius
684 895 826 973 Lepreus
848 901 1102 956 conmemoratur
1123 903 1159 956 ut
1180 910 1315 974 respou-

116 997 200 1060 aere
222 997 323 1078 posse
345 995 519 1076 Euelpides
1180 973 1187 986 '

498 1091 565 1182 ὃτιὴ
587 1092 624 1182 νη“
646 1091 715 1168 τοθς
737 1091 826 1169 θεοὺς
847 1088 894 1160 ὅτ’
922 1091 977 1162 οὐκ
1000 1091 1071 1160 tter

346 1194 545 1287 βδελιίτταραι
565 1196 615 1265 τὸν
639 1199 771 1286 Λέπρεον
795 1195 851 1265 ἀπὸ
876 1196 1062 1264 Μελανθίου.

116 1323 236 1388 eodem
260 1323 355 1405 piune
377 1322 469 1384 modo
492 1321 578 1403 quod
600 1341 672 1384 mox
694 1320 735 1384 ab
757 1322 865 1402 Epope
887 1320 1060 1402 profertur,

348 1419 414 1488 ἀλλ’
442 1419 515 1488 εἰσίν
537 1423 635 1510 ἕτερον
655 1425 709 1508 τῆς
731 1422 876 1509 Λοκρίδος
894 1419 1072 1503 Ὀπούντιοι,

345 1523 396 1592 ἵνα
417 1521 479 1613 χρη
501 1526 662 1606 κατοικεῖν,

117 1649 211 1712 nuile
242 1648 303 1710 alia
333 1647 374 1710 de
397 1665 491 1710 eausa
514 1646 675 1729 profertur
697 1665 792 1728 quam
814 1655 850 1708 ut
880 1656 1091 1728 praeparetur
1113 1646 1199 1727 quod
1221 1647 1318 1710 Euel-
1446 1729 1448 1734 Ι

121 1751 217 1834 pides
242 1749 427 1831 respondet,

615 1847 680 1917 ἀλλ’
708 1845 798 1937 ἔγωγ’
822 1845 991 1924 Ὀπούντιος

349 1949 403 2020 οθκ
425 1947 462 2019 ἂν
484 1953 624 2040 γενοίμην
647 1952 697 2018 ἐπὶ
718 1949 856 2042 ταλάντῳ
878 1953 1016 2041 χρυσίου.

119 2079 178 2142 uhi
201 2079 334 2140 omnino
357 2075 556 2139 reiciendum
579 2075 735 2158 estquod
757 2076 847 2140 docto
875 2076 1000 2138 ouidam
1028 2077 1198 2158 interpreti
1221 2077 1319 2141 Euel-

120 2181 218 2265 pides
250 2178 380 2241 videtur
409 2175 471 2241 non
501 2189 624 2241 tantum
654 2179 847 2260 Opuntium,
885 2180 1045 2241 hominem
1074 2179 1316 2259 Atheniensem,

118 2284 288 2362 inridere,
313 2281 370 2344 sed
393 2269 488 2343 simul
510 2282 752 2344 infestissimum
767 2281 1018 2344 Atheniensibus
1039 2284 1191 2365 populum
1207 2283 1320 2365 Opun-

120 2391 242 2451 tiorum
269 2385 439 2448 detestari:
472 2385 607 2447 alterum
637 2387 722 2447 enim
753 2385 852 2447 altero
880 2385 1012 2448 tollitur.
1059 2384 1117 2448 sed
1140 2386 1225 2449 haud
1248 2406 1319 2449 raro

122 2494 323 2572 interpretes
356 2487 512 2550 eiusmodi
547 2489 732 2549 commentis
765 2491 885 2550 sociant
922 2506 1004 2569 quae
1040 2508 1103 2550 uon
1140 2500 1321 2570 congruunt

120 2603 304 2676 poetaeque
327 2589 456 2653 facetias
478 2591 581 2652 aliene
604 2591 750 2671 stipando
770 2601 914 2652 enecant.
953 2591 1006 2653 illa
1022 2601 1128 2654 autem
1145 2593 1202 2654 iooi
1225 2611 1322 2675 prae-

122 2695 262 2780 parandi
287 2696 407 2756 ratione
422 2693 651 2773 Aristophanes
672 2695 706 2755 in
729 2693 842 2756 eadem
862 2713 976 2756 scaena
1000 2695 1061 2756 iam
1083 2704 1176 2758 antea
1197 2697 1316 2759 utitur:

119 2821 199 2862 vrtrum
224 2796 312 2880 quod
336 2795 455 2859 dieitur
476 2817 507 2858 v.
536 2797 595 2860 ⁴25

350 2895 632 2985 ἀριστοκρατεῖσθαι
654 2899 745 2983 θῆλυς
767 2897 797 2962 εί
818 2901 915 2984 ζητῶν

123 3032 300 3106 propterea
315 3019 434 3082 dieitur
448 3029 482 3082 ut
497 3021 595 3100 possit
610 3018 798 3101 responderi
929 3015 1008 3104 &053

350 3115 476 3207 ἥκιστα·
502 3118 553 3186 καί
575 3115 624 3185 τὸν
647 3119 792 3185 Σκελλίου
816 3114 1022 3207 βδελύττομαι.

142 3289 145 3298 .
215 3246 268 3308 IV.
293 3241 449 3306 Leonidas
470 3243 567 3304 Anth.
594 3243 656 3305 Pal.
681 3261 722 3304 vn
746 3242 807 3304 504

310 3355 428 3448 Πάρρις
451 3357 466 3424 ὃ
490 3356 706 3446 Καλλιγνώτου
728 3362 888 3434 ἐπακταῖος
911 3358 1114 3449 καλαρευτής,

353 3457 444 3551 ἄκρος
466 3462 518 3528 καί
539 3464 647 3552 κίχλης
668 3461 721 3528 καί
743 3461 855 3551 σκάρου
880 3461 1071 3552 ίχθυβολειίς,

309 3565 361 3632 καί
385 3560 497 3654 λάβρου
519 3567 631 3654 πέρκης
656 3561 874 3653 δελεοίρπαγος,
900 3561 977 3632 ὅσσα
999 3593 1031 3634 τε
1053 3567 1155 3643 κοίλας

353 3665 508 3757 σήραγγας
530 3671 639 3756 πέτρας
661 3666 686 3734 τ’
713 3669 875 3756 ἐμβυθίους
897 3670 1030 3756 νέμεται,
1091 3672 1105 3682 ”

309 3765 405 3859 ἄγρης
428 3774 462 3836 ἐκ
483 3773 604 3860 πρώτης
626 3769 690 3838 ποτ’
719 3773 837 3838 ίουλίθα
858 3769 1042 3860 πετρήεσσαν

354 3870 529 3955 δακνάζων,
553 3871 646 3962 ὀλοὴν
669 3877 699 3948 ἐξ
722 3871 794 3949 ἁλὸς
816 3872 977 3963 ἀράμενος,

309 3975 425 4066 ἔφθιτ’·
450 3974 600 4065 ὄλισθηρὴ
623 3975 681 4066 γὰρ
705 3973 779 4044 θπὲκ
800 3975 891 4066 χερὸς
914 3975 1022 4052 ἀΐξασα

354 4074 444 4169 ᾤχετ’
471 4080 520 4148 ἰπὶ
543 4079 656 4147 στεινὸν
677 4082 851 4168 παλλομένη
875 4077 1006 4169 φάρυγα.

310 4181 359 4272 χώ
384 4183 437 4270 μὲν
461 4183 614 4272 ρηρίνθιυν
637 4182 688 4250 καὶ
712 4180 856 4258 δοιίνακος
880 4181 1044 4273 ἀγκίστρων
1067 4210 1099 4251 τε

355 4284 444 4373 ἐγγὺς
467 4285 525 4354 ἀπὸ
547 4284 653 4374 πνοιὴν
676 4281 732 4373 ἧκε
754 4283 976 4373 κυλινδόμενος,

310 4385 420 4475 ἤρατ’
448 4387 622 4477 ἀναπλήσας
645 4389 818 4477 ἐπιροίρια,
841 4396 894 4456 τοῦ
917 4390 951 4457 δὲ
973 4387 1117 4465 θανόντος

275 4545 278 4552 .
325 4524 329 4545 ·
356 4492 473 4581 Γρίπονν
496 4490 513 4560 ὁ
534 4491 656 4582 γριπεθς
678 4499 780 4560 τοῦτον
803 4492 904 4582 ἔχωσε
924 4489 1032 4582 τοίτρον.
