3184 5108
303 351 378 426 216
598 368 688 428 lanrx
707 385 876 430 merrom
897 385 1081 430 amaram
1099 369 1192 430 tata.

302 559 431 640 scripsit
459 557 500 620 ad
527 557 609 620 Aen.
635 577 676 620 νιν
708 557 786 640 tta,
822 561 954 624 maiores
981 563 1081 625 nostri
1107 561 1242 625 cadentes
1270 557 1486 642 patatcono:
1587 563 1588 574 ¹

302 679 389 744 ρννοιν
411 679 524 724 morem
545 661 718 724 hahuerunt
739 683 760 724 o
782 662 950 726 Laconibus
973 663 1230 742 obretonam,
1261 669 1296 726 ut
1323 665 1427 724 Varro*
1441 661 1489 724 do

303 772 348 826 cet
370 765 402 826 in
425 763 512 828 libris
535 765 572 826 dc
592 767 967 847 pampulanorum,
1000 769 1032 829 io
1059 767 1166 849 quibus
1188 767 1261 829 dicit
1282 766 1356 847 quid
1379 785 1401 827 ο
1420 783 1489 846 pto-

261 879 360 951 νορινο
380 876 467 951 pecte
488 870 648 930 trooecriot
664 887 723 950 per
744 871 948 933 imitationem.
988 889 1062 933 nam
1084 857 1267 934 adcuhassa'
1289 869 1375 932 lonis
1395 877 1490 932 aetate

302 971 563 1034 Lacedaemonios
585 971 752 1053 epulantes
774 974 904 1036 minime
923 973 1108 1038 dubitamus
1129 991 1315 1054 moremque
1336 972 1490 1052 antiquio-

302 1095 372 1138 rem
393 1073 530 1137 sedendi
553 1076 660 1138 multis
681 1070 755 1139 anie
777 1079 870 1140 annis
901 1077 1118 1140 intermissum
1141 1097 1211 1140 esse
1234 1077 1399 1159 Phylarchi
1423 1091 1491 1137 nar-

303 1179 384 1242 ratio
405 1178 482 1240 satis
504 1177 618 1240 docere
641 1177 770 1242 videtur
798 1179 885 1261 apud
907 1179 1105 1244 Athenaeum
1127 1200 1156 1242 ιν
1177 1201 1210 1262 p.
1234 1181 1306 1243 lib.
1353 1177 1414 1245 sed
1436 1179 1490 1240 mi-

302 1283 388 1345 nime
411 1279 550 1345 absurde
572 1281 755 1362 putabimus
778 1301 887 1364 regem
909 1284 1191 1346 Lacedaemonium
1217 1281 1388 1364 aliquando
1414 1276 1492 1344 inter

302 1385 508 1448 convivantes
530 1384 713 1448 consedisse
732 1387 765 1448 in
789 1387 961 1449 excelsiore
984 1387 1091 1468 aliqua
1113 1387 1202 1450 sede.
1249 1404 1356 1466 neque
1377 1385 1492 1448 abhor-

303 1496 353 1550 ret
373 1487 499 1573 ἕδρανον
522 1507 540 1550 a
562 1489 684 1570 poetico
707 1507 865 1551 sermone.

389 1592 523 1673 Reliqua
546 1611 621 1673 pars
649 1593 799 1656 carminis
824 1594 906 1656 nihil
934 1593 1031 1656 hahet
1059 1592 1266 1656 difficultatis.
1313 1612 1387 1656 nam
1414 1591 1494 1672 quod

302 1696 418 1758 transit
445 1705 537 1776 poeta
566 1695 699 1758 atertia
723 1697 902 1777 imperativi
931 1715 1067 1777 persona
1096 1695 1137 1758 ad
1165 1695 1298 1759 alteram
1324 1715 1395 1760 cum
1422 1694 1495 1758 dicit

304 1792 456 1882 ὀρχείσθω
477 1821 539 1875 τις,
570 1792 694 1861 ἑκόνθ’
722 1788 799 1884 ἄρχε
821 1792 1060 1884 φιλοφροσύνης,
1091 1800 1186 1882 ρΙυυο
1213 1798 1325 1862 eadem
1347 1799 1496 1862 orationis

304 1901 404 1963 iorma
427 1919 503 1964 usus
527 1909 574 1963 est
597 1900 767 1983 Euripides
790 1904 822 1963 in
845 1904 975 1966 Bacchis
997 1923 1028 1964 ν.
1047 1904 1121 1982 dih,
1146 1896 1291 1987 στειχέτω
1311 1925 1356 1974 τις
1378 1895 1423 1973 όνς
1444 1897 1495 1963 τό·

303 2027 374 2090 χος,
401 1998 525 2068 Ἐλθὼν
555 2001 589 2067 δὲ
617 1998 729 2076 θάκους
757 1999 851 2084 τοῖνδ’,
882 2001 922 2070 ἵν’
956 2005 1168 2082 οἰωνοσκοπεῖ,
1199 1999 1336 2091 Μοχλοῑς
1364 2003 1494 2090 τριαίνου

304 2101 488 2192 κάνάτρεψον
510 2103 651 2191 ἔμπαλιν,
668 2099 746 2174 Ἄννο
767 2101 850 2172 κότον
871 2103 909 2172 τὰ
930 2101 1027 2172 πάντα
1050 2103 1181 2194 συγχέας
1202 2103 1290 2192 θροῦ,
1316 2104 1381 2172 Kal
1403 2102 1494 2192 στόρ-

305 2203 370 2294 ρατ’
403 2204 526 2294 ἀνόμοις
555 2205 606 2273 καὶ
634 2207 810 2274 θυέλλαισιν
840 2208 943 2295 μέθες.
1000 2213 1147 2275 ultimum
1175 2222 1231 2276 aut
1262 2212 1418 2274 carminis
1444 2221 1495 2274 aut

304 2323 562 2377 conservatorum
592 2333 633 2375 ex
663 2333 700 2376 eo
723 2333 874 2379 versuum
896 2315 1085 2378 vocabulum
1114 2316 1291 2378 rectissime
1314 2315 1494 2380 emendavit

305 2417 481 2480 lleinelrius
515 2419 705 2480 comicorum
734 2417 925 2482 Graecorum
959 2420 1080 2481 voltu
1109 2440 1142 2501 p.
1167 2419 1247 2480 hit:
1289 2417 1375 2500 quod
1413 2419 1494 2481 enim

304 2520 433 2601 scripsit
453 2513 546 2583 πιὲτιυ
569 2529 601 2582 et
622 2522 781 2583 sententia
804 2530 835 2583 et
857 2523 1008 2584 orationis
1029 2521 1239 2604 aequabilitas
1260 2521 1393 2602 flagitat.
1440 2519 1494 2584 sed

305 2621 384 2686 illud
407 2625 514 2685 minus
535 2623 707 2706 probamus
730 2622 815 2705 quod
837 2643 901 2687 non
923 2619 1100 2710 κυδρότερον
1124 2625 1266 2706 scripsit,
1291 2623 1349 2688 sed
1372 2617 1495 2710 ἁδρότε-

308 2748 370 2811 ρον.
418 2725 497 2789 illud
518 2728 630 2790 Veneti
658 2726 775 2790 codicis
802 2729 987 2791 auctoritate
1017 2729 1136 2790 firmari
1159 2727 1305 2808 videtur,
1337 2721 1496 2813 ἁδρότερον

305 2828 487 2892 Dindorfius
514 2829 726 2912 probabiliter
747 2833 871 2912 putavit
897 2831 996 2894 latere
1026 2832 1060 2893 in
1090 2832 1247 2913 scriptura
1276 2830 1396 2894 codicis
1419 2834 1496 2894 lau-

305 2933 461 3011 rentiani,
491 2934 546 3014 qui
569 2927 747 3019 όνδρότερον
770 2933 876 2996 habet.
923 2945 955 2998 et
977 2944 1100 3016 poterat
1122 2937 1181 2997 hoc
1202 2934 1310 2998 dicere
1333 2936 1388 2997 lon
1412 2936 1496 3016 pari-

304 3045 355 3098 ter
375 3045 472 3117 atque
493 3035 638 3117 Diphilus
659 3035 741 3099 dixit
762 3037 848 3119 apud
871 3036 1069 3102 Athenaeum
1084 3057 1114 3100 rr
1136 3059 1170 3120 p.
1189 3038 1250 3100 tut
1273 3031 1335 3101 ἔσθ’
1362 3031 1495 3123 ὑποχέο-

305 3137 379 3201 οθαι
392 3136 544 3215 πλείονας,
563 3137 641 3203 πιεῖν
664 3134 687 3222 γ’
714 3137 759 3204 ἔτι
773 3133 946 3226 Άδρότερον
969 3135 989 3225 ἢ
1012 3145 1071 3205 τῶν
1087 3136 1256 3216 Ῥοδιακῶν
1270 3133 1292 3226 ἢ
1308 3144 1368 3204 τῶν
1387 3140 1492 3226 ῥυτῶν,

304 3241 345 3304 de
362 3240 479 3323 quibus
493 3242 643 3306 versibus
658 3245 835 3307 lleinelrius
850 3244 1026 3327 disputavit
1040 3246 1230 3309 comicorum
1252 3245 1314 3308 vol.
1333 3263 1362 3308 rr
1376 3265 1411 3327 p.
1421 3244 1492 3307 377.

304 3355 412 3408 contra
441 3344 526 3426 quod
555 3347 711 3427 Berglius
733 3346 929 3412 Dindorlium
959 3350 1103 3412 conicere
1133 3352 1275 3432 potuisse
1297 3349 1377 3412 dicit
1404 3343 1496 3434 ἁβρό-

302 3469 407 3533 τερον,
438 3459 474 3511 ut
502 3459 660 3512 tacearrms
683 3451 886 3514 Laurentiani
916 3452 1033 3516 codicis
1062 3451 1209 3515 mendam
1238 3452 1280 3514 ab
1310 3452 1369 3515 hoc
1399 3451 1495 3516 verbo

303 3553 427 3633 longius
448 3551 560 3615 abesse
583 3571 679 3633 quam
701 3552 742 3616 ab
765 3575 802 3617 eo
824 3555 909 3637 quod
930 3555 1111 3620 Diudorfius
1134 3557 1310 3619 rectissime
1332 3555 1493 3638 adgnovit‘

302 3653 488 3736 suppeditat
508 3655 664 3737 Berglrius
685 3657 821 3722 verbum
844 3661 920 3722 satis
942 3660 994 3722 hic
1015 3661 1172 3741 ineptum.
1219 3677 1293 3722 nam
1315 3669 1351 3722 ut
1377 3660 1493 3741 largius

303 3757 431 3822 biberet
452 3777 525 3822 eum
547 3761 598 3823 cui
621 3770 757 3824 venusta
780 3772 865 3826 esset
886 3781 967 3825 uror
989 3774 1076 3826 recte
1098 3762 1260 3827 adhortari
1282 3774 1409 3844 poterat
1429 3764 1489 3842 lon,

302 3860 360 3925 sed
383 3865 512 3943 pulcrae
534 3866 644 3926 uxoris
666 3865 798 3928 maritus
813 3863 980 3929 delicatius
999 3887 1104 3948 neque
1121 3866 1204 3930 bibit
1226 3885 1332 3948 neque
1354 3877 1391 3930 ut
1406 3865 1492 3930 bibat

302 3967 424 4028 moneri
448 3975 562 4047 potest.
608 3968 728 4030 valebit
749 3978 855 4032 autem
887 3968 973 4051 apud
1003 3990 1060 4033 nos
1081 3971 1194 4033 Veneti
1223 3969 1297 4033 libri
1325 3972 1492 4036 auctoritas

302 4064 764 4157 tenebimusqueaohpo'cepov,
794 4073 880 4154 quod
908 4074 1001 4154 longe
1028 4074 1227 4155 aptissimum
1250 4084 1308 4138 est.
1355 4075 1384 4136 is
1405 4093 1489 4152 vero,

302 4171 424 4251 inquit,
449 4188 545 4252 quem
567 4185 702 4238 venusta
724 4195 804 4238 uxor
827 4186 972 4258 expectat
994 4177 1206 4242 confidentius
1228 4177 1362 4258 reliquis
1385 4176 1488 4240 bibat:

301 4273 358 4337 ubi
382 4276 466 4337 enim
491 4277 669 4358 incaluerit,
695 4279 910 4361 habebitque
934 4280 1142 4361 cupiditatem
1164 4283 1233 4346 sine
1256 4281 1415 4355 dedecore
1437 4299 1490 4342 er-

301 4382 398 4465 pleat.
439 4400 516 4444 usus
538 4390 586 4444 est
608 4391 713 4444 autem
735 4385 788 4444 lon
804 4385 863 4446 hac
877 4383 1023 4448 vocabuli
1039 4385 1267 4466 significatione
1290 4387 1384 4450 etiam
1403 4384 1487 4448 alibi.

302 4485 449 4568 llesychii
473 4486 551 4547 haec
573 4495 664 4564 sunt,
689 4493 726 4548 ut
747 4486 821 4550 olim
844 4487 974 4569 quidem
997 4488 1202 4570 legebantur,
1228 4483 1354 4576 κυδρός,
1377 4486 1490 4558 ἔνδοξος
