3204 5104
375 1155 547 1254 INDEX
582 1155 901 1255 LEOTIONVM
934 1155 1304 1256 tnstlvttvtt
1340 1161 1455 1256 1867.

324 1409 398 1520 Ad
432 1457 686 1522 emendationem
720 1457 873 1521 librorum
904 1459 1184 1522 Frontonianorum
1219 1469 1252 1520 et
1284 1460 1361 1522 alias
1392 1461 1494 1541 passio

323 1561 446 1642 aliquid
468 1560 613 1624 eonlerre
635 1560 816 1624 studuimus
838 1570 872 1622 et
892 1569 928 1622 ut
950 1580 1036 1624 nuno
1051 1559 1251 1624 oonleramne
1274 1562 1333 1625 irae
1348 1561 1495 1626 scribendi

325 1665 512 1726 necessitate
535 1665 671 1743 utimur,
701 1683 891 1745 quamquem
915 1683 976 1728 nnn
1000 1664 1184 1728 dubitamus
1204 1665 1330 1730 iore'ut
1350 1664 1495 1746 diurlgetr

323 1766 494 1848 aliquando
520 1766 719 1831 adcuratiore
748 1765 1005 1830 membranarum
1034 1767 1316 1832 Mediolaneneium
1346 1778 1378 1832 et
1398 1770 1496 1832 lloma-

323 1889 436 1934 narum
459 1871 570 1933 notitia
591 1889 666 1951 pore
688 1889 804 1952 operae
826 1879 952 1933 nostrae
976 1872 1098 1934 inutilis
1117 1871 1171 1934 fiet
1185 1881 1281 1952 etque
1296 1871 1493 1934 oblitteretur.

409 1975 514 2054 Ipsum
537 1974 752 2054 Epistularum
782 1974 907 2036 initium
933 1992 1103 2055 perperam
1132 1985 1187 2038 aut
1215 1976 1369 2056 seriptum
1397 1983 1442 2038 eet
1469 1975 1495 2034 in

323 2077 406 2139 libro
421 2076 645 2140 Mediolanensi
669 2087 723 2141 aut
744 2077 856 2140 elleio
872 2076 999 2139 loetum.
1042 2077 1154 2140 soribit
1169 2079 1208 2140 ll.
1226 2078 1343 2140 Caesar
1358 2077 1395 2140 ed
1411 2079 1495 2140 Fron-

324 2191 428 2242 tonem
457 2177 524 2261 (Ep.
556 2179 596 2242 ed
625 2183 664 2242 ll.
690 2181 858 2243 Caesarem
888 2188 919 2241 et
950 2181 1088 2244 invioem
1110 2201 1121 2244 t
1146 2181 1158 2242 i
1187 2201 1219 2263 p.
1246 2182 1259 2243 l
1288 2180 1341 2244 ed.
1367 2183 1447 2244 liom.
1468 2199 1493 2240 a.

324 2301 487 2346 moeontu
509 2279 529 2366 l
527 2301 562 2364 p.
579 2282 719 2346 FNoler
720 2280 751 2367 J.
799 2282 880 2359 Quid
901 2301 952 2367 epo
975 2286 1035 2348 into
1056 2303 1123 2348 men
1141 2282 1270 2365 sortem
1283 2285 1362 2348 rotie
1376 2284 1495 2348 omerio

323 2389 371 2449 uel
392 2385 535 2468 quomodo
559 2387 648 2449 iatam
669 2388 874 2450 mortuom
903 2405 1002 2450 meam
1030 2387 1229 2452 durissimum
1257 2388 1401 2472 condique
1421 2389 1496 2450 iterr-

321 2508 431 2554 roeero
459 2507 536 2572 qrtoe
563 2507 609 2550 me
635 2491 702 2552 rLrtic
724 2491 768 2553 ito
789 2490 890 2552 ultimo
912 2491 1009 2554 aemio
1032 2497 1175 2574 tantoque
1196 2491 1397 2556 sollicitudine
1414 2509 1495 2573 prun

318 2593 419 2676 perlito
442 2593 600 2675 allipotum
623 2594 749 2656 attinet?
791 2590 970 2656 Ludovious
991 2593 1194 2676 Sehopeuue‚
1225 2595 1318 2658 ouius
1345 2594 1406 2659 duo
1432 2600 1495 2656 sunt

322 2714 477 2778 perquam
507 2696 666 2775 elegantes
696 2693 737 2757 de
766 2698 920 2759 Frontone
950 2693 1069 2776 libelli,
1102 2697 1206 2777 qualis
1235 2695 1334 2760 luerit
1360 2697 1495 2760 orationis

321 2799 421 2862 forma
444 2799 620 2861 reotiesime
643 2798 819 2878 intellexit,
843 2797 902 2862 aed
922 2817 993 2862 eum
1009 2797 1214 2864 scribendum
1230 2819 1303 2862 esee
1318 2797 1494 2864 existimavit

322 2905 383 2979 Qui
404 2919 456 2986 epo
479 2903 538 2964 ieta
560 2919 628 2964 oreo
646 2900 776 2982 fortune
797 2903 873 2966 eatis
887 2901 1047 2978 doluerim,
1071 2911 1195 2982 partem
1211 2901 1424 2966 tantummodo
1437 2899 1494 2960 veri

320 3004 490 3069 adsecutus
519 3013 578 3066 eet.
629 3013 753 3085 poterat
782 3006 869 3067 enim
898 3005 1011 3068 melius
1039 3023 1076 3066 ao
1104 3023 1207 3087 paene
1240 3007 1346 3070 lenius
1373 3006 1427 3079 Qu
1453 3021 1495 3084 epo

322 3128 408 3172 israe
431 3126 510 3170 nan
533 3125 690 3172 roervrrnr
712 3109 788 3170 entia
810 3125 949 3170 oruata.

407 3213 465 3293 Ep.
484 3211 529 3272 13
546 3229 578 3292 p.
597 3209 616 3272 7
639 3209 699 3294 [ll
718 3212 758 3274 N.
763 3207 783 3294 J
826 3213 865 3274 ll.
892 3211 1008 3273 Caesar
1030 3211 1080 3274 his
1103 3209 1212 3274 verbis
1234 3210 1396 3280 scribendi
1412 3211 1493 3274 linem

321 3315 411 3394 leoit,
444 3331 526 3376 norro
547 3313 621 3377 berre
641 3321 783 3378 exorato
804 3332 908 3377 somno
929 3314 1091 3378 domninam
1114 3331 1163 3376 eo:
1195 3333 1268 3378 nom
1290 3330 1416 3397 vespero
1435 3313 1496 3374 loeo

321 3420 362 3481 erl
384 3425 412 3481 te
434 3417 569 3480 detwoi.
615 3419 719 3480 orione
740 3416 815 3480 mr'li
836 3435 959 3480 remoue
973 3417 1107 3500 prolium
1122 3415 1249 3498 reserat.
1297 3437 1355 3499 pro
1377 3415 1496 3480 ridiculo

322 3523 374 3584 illo
397 3521 500 3584 orione
515 3519 709 3584 Niebuhriue
731 3519 990 3584 substituendum
1013 3537 1082 3584 esse
1106 3521 1230 3600 putavit
1251 3539 1304 3582 oro
1327 3540 1375 3584 oe.
1419 3518 1495 3582 sini·

321 3627 383 3689 lius
406 3625 502 3687 etiam
525 3624 593 3686 veri
617 3633 666 3686 est
688 3621 905 3686 membranam
927 3622 1047 3686 hebere
1070 3641 1147 3686 orro
1170 3622 1250 3706 ref)

409 3727 580 3792 Partioulaa
608 3727 760 3790 orationis
783 3726 1010 3790 Frontonianae
1032 3729 1071 3790 ll.
1097 3725 1213 3788 Caesar
1239 3729 1324 3808 patri
1354 3725 1492 3792 reoiterit.

322 3831 396 3896 inde
420 3830 535 3912 gaudio
558 3830 679 3892 exultet
700 3831 813 3892 Fronto
835 3829 923 3910 Epi
947 3830 966 3890 6
989 3849 1022 3910 p.
1043 3829 1080 3890 l0
1104 3826 1124 3912 [
1128 3830 1169 3892 tt
1184 3831 1223 3894 N.
1228 3827 1260 3914 J
1280 3831 1366 3913 'quill
1380 3828 1493 3911 emptos

320 3937 461 4017 cuiquam
483 3935 788 4018 coetioyerepotest‚
813 3932 991 3995 elisionum
1013 3931 1126 4014 quod
1114 3951 1146 3994 to
1161 3935 1327 4015 ooetofion·
1346 3929 1494 4015 poentie-
1579 4003 1580 4006 ,

320 4045 411 4114 runt,
436 4056 493 4119 quo
516 4040 586 4099 love
605 4044 695 4118 petre
717 4033 859 4100 audente
872 4039 1141 4100 ammentant?
1177 4047 1211 4100 ut
1235 4039 1317 4102 iusta
1340 4037 1392 4100 liat
1412 4033 1493 4098 oratio

320 4159 377 4224 quo
400 4143 432 4204 in
456 4159 538 4212 oron
560 4138 748 4203 mutandum
772 4137 854 4201 est*
856 4139 882 4222 *l

322 4277 525 4296 ᾤ...-

407 4379 431 4442 ⁶1
452 4377 466 4448 l
468 4381 550 4432 Habet
567 4381 613 4432 lton
629 4377 809 4446 meteororum]

389 4471 432 4528 ¹⁹)
453 4465 518 4534 {otti
536 4467 617 4517 codex
634 4471 697 4516 terte
716 4463 926 4532 stemmatum.)
