3186 5108
302 371 373 444 124
593 389 682 452 lnnnx
703 407 868 453 coortam
891 409 1070 455 lssrrrtnru
1097 389 1190 452 teat.

297 576 389 638 Gellii
423 587 525 640 aetate
559 577 709 642 extabant
742 582 775 642 in
806 581 857 642 illo
885 580 1043 642 versiculo
1075 581 1191 661 partim
1225 579 1374 644 babuisse
1401 581 1478 642 ebrio

298 679 406 753 cocto,
443 682 558 762 partim
581 681 702 746 ebrioso
722 685 830 758 acino,
867 684 982 766 partim
1006 681 1147 765 donique
1169 683 1285 746 ebrioso
1307 685 1406 747 acino.
1451 686 1478 746 in

298 783 415 846 nostris
437 782 539 863 libris,
564 804 700 866 quorum
717 785 848 868 quidem
863 786 970 868 aliqua
993 784 1072 848 lides
1087 797 1146 865 est,
1171 789 1391 870 scriptumest
1414 807 1475 870 par·

297 887 354 950 tim
377 885 514 951 altricem
535 889 658 968 ociooe,
690 891 806 972 partim
829 888 965 954 ebriosae
986 890 1084 952 ocino.
1133 889 1208 953 inde
1238 894 1270 954 in
1294 892 1482 973 exemplari-

298 988 360 1053 bus
381 990 506 1055 Brixiae
529 1011 612 1056 anno
634 1011 836 1057 ncccctrrxrr
859 991 955 1058 editis
981 1002 1012 1056 et
1035 993 1068 1055 in
1090 990 1215 1057 Aldinis
1236 995 1312 1058 anni
1336 1011 1402 1057 sorr
1425 994 1483 1058 lac-

297 1103 365 1156 turn
394 1103 443 1158 ast
471 1094 591 1160 ebidem
619 1098 730 1161 acina:
767 1095 853 1178 qnod
887 1106 1048 1178 sumptum
1082 1095 1214 1160 fortasse
1243 1107 1292 1160 est
1325 1117 1365 1160 ex
1396 1099 1482 1161 Gellii

299 1197 420 1260 scilicet
448 1200 620 1281 scriptura3
655 1209 742 1263 certe
771 1209 879 1282 postea
902 1201 1044 1281 Scaliger
1072 1199 1147 1262 inda
1182 1211 1344 1282 tamquam
1373 1220 1483 1264 novum
1581 1225 1582 1234 ¹

299 1302 445 1382 sumpsit,
467 1301 547 1366 'cum
570 1312 643 1366 ante
669 1323 743 1367 enm
771 1304 920 1386 plerique
948 1303 1068 1366 εὸνίοια
1089 1304 1176 1367 actbo
1206 1307 1314 1386 inepte
1343 1305 1484 1386 scripsis

299 1413 380 1467 sent.
433 1405 547 1486 quodsi
580 1408 760 1470 accuratius
793 1408 977 1488 quaerimus
1006 1406 1133 1488 qualem
1166 1409 1340 1470 orationem
1371 1409 1485 1472 Catullo

299 1506 427 1588 dignam
444 1528 515 1574 esse
530 1529 728 1590 censeamus,
753 1510 923 1591 quominus
945 1509 1032 1572 ebrio
1045 1511 1138 1573 ocioo
1158 1507 1326 1590 scriberet,
1353 1510 1386 1575 id
1406 1511 1485 1594 quod

300 1611 399 1674 Gellio
422 1613 555 1677 mirifice
584 1615 714 1696 placuit,
739 1613 889 1677 versiculi
921 1615 1041 1677 ratione
1070 1613 1203 1677 fortasse
1237 1633 1300 1676 non
1330 1612 1488 1696 inpeditus

300 1723 359 1778 est.
405 1734 478 1780 narn
509 1717 619 1798 longae
642 1718 759 1781 vocalis
789 1718 909 1780 biatum
938 1717 1129 1799 aliquotiens
1157 1735 1221 1780 non
1244 1715 1336 1780 modo
1365 1717 1407 1780 ita
1435 1717 1488 1780 ad-

301 1818 386 1881 misit
408 1830 444 1882 ut
466 1821 643 1902 corriperet
664 1840 734 1884 eam
756 1831 831 1884 ante
853 1820 1103 1902 subsequentem
1125 1821 1276 1900 vocalem,
1308 1820 1366 1885 sed
1397 1823 1486 1886 etiam
1582 1847 1583 1906 p

300 1933 336 1985 ut
368 1932 512 1986 servaret
549 1943 741 1988 mensuram.
800 1924 916 2006 prioris
949 1925 1077 2005 generis
1114 1924 1192 1988 baec
1224 1925 1371 2008 exempla
1404 1936 1485 2004 sunt,

301 2027 465 2089 cxxxxvul
489 2028 568 2104 Noc,
595 2028 638 2090 ito
659 2045 706 2090 me
724 2027 759 2090 di
772 2033 883 2107 amoc,
908 2028 1067 2110 quicquum
1089 2026 1208 2110 referre
1226 2029 1347 2111 putavi,
1372 2031 1487 2092 extrui

302 2129 423 2194 mcum
450 2129 625 2207 laudemus,
657 2130 730 2193 dum
757 2130 843 2194 domo
871 2132 936 2213 ipae
964 2138 1049 2214 cpont
1082 2128 1163 2212 (nam
1194 2132 1253 2193 boc
1275 2132 1489 2195 lacbmannus

303 2233 478 2297 rectissime
502 2234 665 2318 restituit),
690 2232 786 2296 nuri
814 2236 874 2296 Vno
897 2235 929 2296 tit
951 2233 1058 2298 lectulo
1079 2233 1228 2297 meditati
1240 2233 1338 2296 umbo.
1370 2233 1490 2298 adden-

301 2335 363 2400 dus
385 2347 434 2400 est
456 2335 588 2400 fortasse
611 2337 790 2401 versiculus
813 2355 854 2400 ex
875 2339 1017 2400 cannine
1039 2357 1068 2400 r.
1115 2339 1149 2400 in
1172 2357 1235 2420 quo
1257 2339 1399 2401 carmine
1423 2359 1488 2402 cum

302 2441 380 2503 baec
401 2440 469 2504 iera
491 2441 608 2522 scripta
638 2442 702 2504 sint
725 2443 757 2503 in
780 2439 883 2520 libris,
916 2443 972 2504 liic
994 2440 1060 2518 itta,
1095 2449 1130 2504 ut
1156 2440 1256 2505 dentit
1277 2441 1486 2516 ciooedt'orem,
1583 2443 1584 2450 ’

304 2544 446 2620 ‘Quaeso’
475 2545 572 2626 iuquit
602 2543 697 2624 ‘milit
729 2546 773 2607 mi
795 2544 922 2621 Catulla
952 2544 1082 2627 poclum
1111 2546 1188 2609 Istos
1218 2543 1391 2608 commodo:
1423 2565 1490 2608 rum

303 2649 368 2712 volo
390 2647 432 2710 od
455 2649 597 2730 Serapim
618 2647 765 2730 deservi!
811 2652 912 2710 ‘mooe
941 2647 994 2710 md
1019 2649 1118 2730 ioptii
1134 2647 1266 2730 praedm
1294 2648 1395 2712 ‘Istud
1417 2649 1491 2732 prod

303 2751 388 2814 modo
416 2751 562 2814 damarum
590 2770 636 2814 otc
663 2750 791 2827 babere,
825 2752 912 2835 libyit
939 2769 985 2813 ote
1012 2751 1111 2814 rotie:
1142 2768 1226 2814 meu
1254 2751 1369 2816 sodalis
1397 2754 1491 2815 Giano

302 2862 346 2918 est
370 2855 477 2932 Getica,
514 2856 541 2918 t's
569 2854 629 2918 ribi
651 2857 789 2937 paravit,
826 2853 1004 2936 imperandi
1031 2852 1129 2916 verba
1164 2853 1318 2917 commodo
1347 2864 1378 2917 ot
1408 2873 1492 2918 mooe
1584 2923 1585 2926 ,

303 2957 458 3040 correptis
480 2958 601 3021 ultimis
624 2957 754 3041 syllabis
777 2957 860 3021 dicta
883 2958 952 3020 sine
976 2955 1084 3020 mendi
1108 2967 1180 3020 nota
1203 2955 1365 3020 dimittere
1389 2977 1491 3039 gram·

303 3063 409 3124 matici
442 3071 497 3125 ant
531 3059 728 3143 indiligentis
757 3071 805 3124 ast
833 3071 888 3124 aut
916 3059 1083 3143 prosodiae
1113 3079 1207 3142 quam
1231 3069 1343 3123 vocant
1367 3062 1490 3122 Latinae

303 3175 423 3228 aetates
438 3175 471 3227 et
488 3164 724 3228 vicissitudines
739 3165 926 3246 ignorantis.
957 3182 1093 3245 quomm
1110 3161 1189 3226 illud
1205 3163 1348 3228 llandius
1362 3165 1491 3246 pulchre

304 3267 488 3332 emendavit
515 3267 674 3350 (putamus
702 3269 787 3332 enim
809 3285 921 3330 vorum
952 3285 1023 3330 esse
1052 3265 1138 3348 quod
1161 3268 1325 3348 proposuit
1356 3267 1492 3346 ‘Quaeso’

304 3373 401 3455 inquit
425 3370 520 3444 ‘milti
549 3374 593 3433 mi
615 3371 743 3448 Catulle,
764 3371 895 3454 potam
917 3373 1013 3434 latos:
1044 3369 1228 3433 eorumdum
1258 3373 1338 3434 enim
1361 3373 1427 3436 volo
1455 3371 1493 3434 od

305 3476 448 3556 Serapim
469 3473 633 3558 Desovd’),
658 3474 793 3538 altorum
817 3475 931 3537 vitium
954 3473 1105 3555 losephus
1122 3473 1265 3554 Scaliger
1287 3472 1494 3556 probabiliter

304 3578 449 3658 sustulit,
485 3595 557 3640 cum
590 3576 746 3640 scriberet
782 3578 893 3640 ‘mooe’
928 3577 1027 3658 inquii
1053 3576 1195 3658 patellae:
1233 3595 1426 3658 quamquam
1459 3596 1493 3639 aa

305 3681 486 3746 emendatio
515 3682 636 3743 incerta
666 3691 733 3761 est,
764 3699 836 3744 cum
866 3698 971 3761 neque
995 3681 1124 3742 Pontani
1147 3679 1270 3742 minime
1298 3681 1418 3744 nullam
1441 3681 1493 3742 ba·

305 3783 380 3847 beat
402 3785 471 3846 vari
494 3783 737 3848 similitudinem
759 3803 865 3866 neque
887 3781 1122 3864 neglegendum
1144 3784 1185 3845 sit
1208 3781 1293 3865 quod
1315 3781 1494 3847 Alexander

306 3889 467 3952 Guarinus
499 3887 669 3970 adscripsit
696 3897 767 3970 post
789 3889 874 3951 bunc
896 3905 1025 3950 versum
1049 3885 1222 3950 fenestram
1254 3885 1352 3950 luisse
1382 3887 1414 3950 in
1444 3905 1492 3948 co-

281 3980 546 4056 adice.vetusto.¹
591 3989 774 4055 Alexander
795 3991 880 4054 enim
903 3991 1062 4054 Guarinus
1084 3990 1277 4071 aliquotiens
1305 3991 1420 4052 similia
1438 3988 1493 4052 ad·

306 4097 427 4160 notavit
447 4093 504 4159 ubi
526 4105 560 4159 et
574 4096 725 4158 carminis
748 4105 779 4157 at
800 4096 897 4157 totius
919 4093 993 4156 libri
1017 4093 1183 4157 Catulliani
1208 4095 1286 4156 ratio
1309 4093 1356 4154 rei
1379 4093 1493 4156 verita-

306 4211 370 4263 tem
393 4199 568 4278 confirmat,
593 4197 787 4280 videturque
809 4209 865 4261 aut
887 4199 954 4279 ipse
976 4208 1031 4261 aut
1053 4206 1140 4260 certe
1163 4206 1255 4279 pater
1275 4197 1346 4260 eius
1361 4197 1493 4278 Baptista

305 4304 437 4385 antiquo
466 4303 520 4366 illo
548 4301 654 4366 codice
677 4321 755 4366 usus
781 4321 851 4364 esse
881 4320 921 4363 ex
951 4319 1014 4382 quo
1042 4308 1150 4364 nostra
1179 4301 1374 4382 exemplaria
1404 4298 1492 4362 ducta

306 4417 392 4472 sunt.
440 4407 564 4488 longam
593 4405 733 4470 vocalem
762 4415 887 4468 servata
917 4421 1064 4468 mensura
1096 4403 1235 4466 biantcm
1264 4403 1405 4466 Catullus
1434 4418 1491 4463 non

307 4510 436 4576 admisit
464 4512 495 4574 in
525 4511 584 4574 hoc
612 4527 709 4574 versu
731 4524 822 4571 nxvru
846 4507 905 4570 tas
937 4504 1041 4590 Aquo
1069 4516 1141 4571 suot
1164 4509 1266 4590 primo
1294 4507 1397 4570 emoto
1423 4511 1494 4567 noto
