<?xml version="1.0" encoding="UTF-8"?>
<!DOCTYPE html PUBLIC "-//W3C//DTD XHTML 1.0 Transitional//EN"
    "http://www.w3.org/TR/xhtml1/DTD/xhtml1-transitional.dtd">
<html xmlns="http://www.w3.org/1999/xhtml" xml:lang="en" lang="en">
 <head>
  <title>
</title>
<meta http-equiv="Content-Type" content="text/html;charset=utf-8" />
  <meta name='ocr-system' content='tesseract 3.04.00' />
  <meta name='ocr-capabilities' content='ocr_page ocr_carea ocr_par ocr_line ocrx_word'/>
</head>
<body>
  <div class='ocr_page' id='page_1' title='image "./mavriciihavptii00haupgoog/mavriciihavptii00haupgoog_0481.png"; bbox 0 0 3240 5094; ppageno 0'>
   <div class='ocr_carea' id='block_1_1' title="bbox 301 367 1193 448">
    <p class='ocr_par' dir='ltr' id='par_1_1' title="bbox 301 367 1193 448">
     <span class='ocr_line' id='line_1_1' title="bbox 301 367 1193 448; baseline 0.003 -9"><span class='ocrx_word' id='word_1_1' title='bbox 301 367 376 440; x_wconf 79' lang='lat'><strong>468</strong></span> <span class='ocrx_word' id='word_1_2' title='bbox 595 383 685 444; x_wconf 77' lang='lat' dir='ltr'><strong>lrnnr</strong></span> <span class='ocrx_word' id='word_1_3' title='bbox 705 401 871 444; x_wconf 80' lang='grc' dir='ltr'>ιισιιοιιιι</span> <span class='ocrx_word' id='word_1_4' title='bbox 894 403 1074 448; x_wconf 73' lang='lat' dir='ltr'><strong>immun</strong></span> <span class='ocrx_word' id='word_1_5' title='bbox 1099 383 1193 443; x_wconf 73' lang='lat'><strong>⁴873.</strong></span> 
     </span>
    </p>
   </div>
   <div class='ocr_carea' id='block_1_2' title="bbox 274 570 1491 4582">
    <p class='ocr_par' dir='ltr' id='par_1_2' title="bbox 274 570 1491 4582">
     <span class='ocr_line' id='line_1_2' title="bbox 387 570 1463 653; baseline -0.003 -19"><span class='ocrx_word' id='word_1_6' title='bbox 387 572 565 635; x_wconf 77' lang='lat' dir='ltr'><strong>licinclrius</strong></span> <span class='ocrx_word' id='word_1_7' title='bbox 594 573 692 653; x_wconf 78' lang='lat' dir='ltr'><strong>igitur</strong></span> <span class='ocrx_word' id='word_1_8' title='bbox 721 572 871 652; x_wconf 77' lang='lat' dir='ltr'><strong>Philologi</strong></span> <span class='ocrx_word' id='word_1_9' title='bbox 902 582 926 634; x_wconf 92' lang='lat' dir='ltr'><strong>t.</strong></span> <span class='ocrx_word' id='word_1_10' title='bbox 958 590 1012 634; x_wconf 83' lang='lat' dir='ltr'><strong>xm</strong></span> <span class='ocrx_word' id='word_1_11' title='bbox 1039 591 1073 653; x_wconf 89' lang='lat' dir='ltr'><strong>p.</strong></span> <span class='ocrx_word' id='word_1_12' title='bbox 1103 570 1166 633; x_wconf 80' lang='lat'><strong>397</strong></span> <span class='ocrx_word' id='word_1_13' title='bbox 1201 589 1328 633; x_wconf 85' lang='lat' dir='ltr'><strong>vorsum</strong></span> <span class='ocrx_word' id='word_1_14' title='bbox 1354 571 1463 632; x_wconf 80' lang='lat' dir='ltr'><strong>altorum</strong></span> 
     </span>
     <span class='ocr_line' id='line_1_3' title="bbox 300 671 1466 757; baseline -0.003 -19"><span class='ocrx_word' id='word_1_15' title='bbox 300 677 487 756; x_wconf 77' lang='lat' dir='ltr'><strong>gravissimo</strong></span> <span class='ocrx_word' id='word_1_16' title='bbox 515 677 693 756; x_wconf 79' lang='lat' dir='ltr'><strong>vituperat,</strong></span> <span class='ocrx_word' id='word_1_17' title='bbox 726 678 847 757; x_wconf 86' lang='lat' dir='ltr'><strong>quippe</strong></span> <span class='ocrx_word' id='word_1_18' title='bbox 877 677 932 756; x_wconf 91' lang='lat' dir='ltr'><strong>qui</strong></span> <span class='ocrx_word' id='word_1_19' title='bbox 961 693 1002 737; x_wconf 81' lang='lat' dir='ltr'><strong>ex</strong></span> <span class='ocrx_word' id='word_1_20' title='bbox 1031 677 1116 738; x_wconf 90' lang='lat' dir='ltr'><strong>omni</strong></span> <span class='ocrx_word' id='word_1_21' title='bbox 1145 685 1237 756; x_wconf 82' lang='lat' dir='ltr'><strong>parto</strong></span> <span class='ocrx_word' id='word_1_22' title='bbox 1264 671 1410 736; x_wconf 86' lang='lat' dir='ltr'><strong>absurdus</strong></span> <span class='ocrx_word' id='word_1_23' title='bbox 1434 673 1466 734; x_wconf 89' lang='lat' dir='ltr'><strong>sit</strong></span> 
     </span>
     <span class='ocr_line' id='line_1_4' title="bbox 300 778 1468 860; baseline -0.002 -20"><span class='ocrx_word' id='word_1_24' title='bbox 300 798 405 860; x_wconf 84' lang='lat' dir='ltr'><strong>nequo</strong></span> <span class='ocrx_word' id='word_1_25' title='bbox 428 799 499 842; x_wconf 91' lang='lat' dir='ltr'><strong>cum</strong></span> <span class='ocrx_word' id='word_1_26' title='bbox 523 798 598 841; x_wconf 88' lang='lat' dir='ltr'><strong>sana</strong></span> <span class='ocrx_word' id='word_1_27' title='bbox 621 781 743 842; x_wconf 84' lang='lat' dir='ltr'><strong>rationo</strong></span> <span class='ocrx_word' id='word_1_28' title='bbox 767 781 866 860; x_wconf 77' lang='lat' dir='ltr'><strong>magis</strong></span> <span class='ocrx_word' id='word_1_29' title='bbox 895 798 990 860; x_wconf 90' lang='lat' dir='ltr'><strong>quam</strong></span> <span class='ocrx_word' id='word_1_30' title='bbox 1013 799 1085 842; x_wconf 91' lang='lat' dir='ltr'><strong>cum</strong></span> <span class='ocrx_word' id='word_1_31' title='bbox 1108 798 1253 842; x_wconf 84' lang='lat' dir='ltr'><strong>sermone</strong></span> <span class='ocrx_word' id='word_1_32' title='bbox 1276 778 1387 840; x_wconf 80' lang='lat' dir='ltr'><strong>Gracco</strong></span> <span class='ocrx_word' id='word_1_33' title='bbox 1406 796 1468 838; x_wconf 92' lang='lat' dir='ltr'><strong>con·</strong></span> 
     </span>
     <span class='ocr_line' id='line_1_5' title="bbox 274 869 1467 964; baseline -0.005 -18"><span class='ocrx_word' id='word_1_34' title='bbox 274 891 404 964; x_wconf 77' lang='lat' dir='ltr'><strong>tgruot.</strong></span> <span class='ocrx_word' id='word_1_35' title='bbox 443 903 479 946; x_wconf 91' lang='lat' dir='ltr'><strong>ac</strong></span> <span class='ocrx_word' id='word_1_36' title='bbox 501 883 640 964; x_wconf 87' lang='lat' dir='ltr'><strong>primum</strong></span> <span class='ocrx_word' id='word_1_37' title='bbox 664 881 796 963; x_wconf 85' lang='lat' dir='ltr'><strong>quidem</strong></span> <span class='ocrx_word' id='word_1_38' title='bbox 812 882 958 944; x_wconf 87' lang='lat' dir='ltr'><strong>adlirmat</strong></span> <span class='ocrx_word' id='word_1_39' title='bbox 974 883 1170 963; x_wconf 79' lang='lat' dir='ltr'><strong>ineptissime</strong></span> <span class='ocrx_word' id='word_1_40' title='bbox 1185 869 1365 944; x_wconf 80' lang='lat' dir='ltr'><strong>bubulcum</strong></span> <span class='ocrx_word' id='word_1_41' title='bbox 1378 879 1467 942; x_wconf 83' lang='lat' dir='ltr'><strong>dicore</strong></span> 
     </span>
     <span class='ocr_line' id='line_1_6' title="bbox 301 984 1468 1068; baseline -0.005 -20"><span class='ocrx_word' id='word_1_42' title='bbox 301 1005 411 1068; x_wconf 80' lang='lat' dir='ltr'><strong>capras</strong></span> <span class='ocrx_word' id='word_1_43' title='bbox 441 985 502 1048; x_wconf 93' lang='lat' dir='ltr'><strong>sihi</strong></span> <span class='ocrx_word' id='word_1_44' title='bbox 533 1007 603 1048; x_wconf 83' lang='lat' dir='ltr'><strong>csse</strong></span> <span class='ocrx_word' id='word_1_45' title='bbox 633 1005 733 1049; x_wconf 89' lang='lat' dir='ltr'><strong>caras.</strong></span> <span class='ocrx_word' id='word_1_46' title='bbox 780 988 869 1066; x_wconf 86' lang='lat' dir='ltr'><strong>atqui</strong></span> <span class='ocrx_word' id='word_1_47' title='bbox 899 984 1075 1049; x_wconf 87' lang='lat' dir='ltr'><strong>bubulcum</strong></span> <span class='ocrx_word' id='word_1_48' title='bbox 1097 1006 1167 1049; x_wconf 86' lang='lat' dir='ltr'><strong>esse</strong></span> <span class='ocrx_word' id='word_1_49' title='bbox 1190 987 1313 1048; x_wconf 86' lang='lat' dir='ltr'><strong>Battum</strong></span> <span class='ocrx_word' id='word_1_50' title='bbox 1335 984 1468 1045; x_wconf 72' lang='lat' dir='ltr'><strong>Theocriti</strong></span> 
     </span>
     <span class='ocr_line' id='line_1_7' title="bbox 300 1087 1467 1171; baseline -0.006 -20"><span class='ocrx_word' id='word_1_51' title='bbox 300 1108 363 1151; x_wconf 93' lang='lat' dir='ltr'><strong>non</strong></span> <span class='ocrx_word' id='word_1_52' title='bbox 392 1091 562 1171; x_wconf 86' lang='lat' dir='ltr'><strong>comperit,</strong></span> <span class='ocrx_word' id='word_1_53' title='bbox 599 1089 657 1152; x_wconf 86' lang='lat' dir='ltr'><strong>scd</strong></span> <span class='ocrx_word' id='word_1_54' title='bbox 686 1089 776 1170; x_wconf 77' lang='lat' dir='ltr'><strong>lingit</strong></span> <span class='ocrx_word' id='word_1_55' title='bbox 805 1099 900 1170; x_wconf 87' lang='lat' dir='ltr'><strong>atquc</strong></span> <span class='ocrx_word' id='word_1_56' title='bbox 931 1089 1198 1152; x_wconf 79' lang='lat' dir='ltr'><strong>comminiscitur:</strong></span> <span class='ocrx_word' id='word_1_57' title='bbox 1235 1088 1316 1148; x_wconf 92' lang='lat' dir='ltr'><strong>nihil</strong></span> <span class='ocrx_word' id='word_1_58' title='bbox 1342 1087 1467 1148; x_wconf 88' lang='lat' dir='ltr'><strong>enimin</strong></span> 
     </span>
     <span class='ocr_line' id='line_1_8' title="bbox 299 1189 1469 1274; baseline -0.006 -20"><span class='ocrx_word' id='word_1_59' title='bbox 299 1203 410 1273; x_wconf 82' lang='lat' dir='ltr'><strong>poetae</strong></span> <span class='ocrx_word' id='word_1_60' title='bbox 433 1195 573 1256; x_wconf 81' lang='lat' dir='ltr'><strong>carmine</strong></span> <span class='ocrx_word' id='word_1_61' title='bbox 596 1193 714 1274; x_wconf 79' lang='lat' dir='ltr'><strong>legitur</strong></span> <span class='ocrx_word' id='word_1_62' title='bbox 736 1191 822 1256; x_wconf 86' lang='lat' dir='ltr'><strong>unde</strong></span> <span class='ocrx_word' id='word_1_63' title='bbox 845 1193 948 1274; x_wconf 77' lang='lat' dir='ltr'><strong>colligi</strong></span> <span class='ocrx_word' id='word_1_64' title='bbox 973 1191 1052 1256; x_wconf 92' lang='lat' dir='ltr'><strong>illud</strong></span> <span class='ocrx_word' id='word_1_65' title='bbox 1074 1193 1184 1274; x_wconf 83' lang='lat' dir='ltr'><strong>possit.</strong></span> <span class='ocrx_word' id='word_1_66' title='bbox 1231 1190 1309 1252; x_wconf 88' lang='lat' dir='ltr'><strong>dicit</strong></span> <span class='ocrx_word' id='word_1_67' title='bbox 1326 1189 1469 1252; x_wconf 82' lang='lat' dir='ltr'><strong>sanellot-</strong></span> 
     </span>
     <span class='ocr_line' id='line_1_9' title="bbox 300 1298 522 1358; baseline 0.005 -1"><span class='ocrx_word' id='word_1_68' title='bbox 300 1306 351 1358; x_wconf 87' lang='lat' dir='ltr'><strong>tus</strong></span> <span class='ocrx_word' id='word_1_69' title='bbox 373 1315 405 1358; x_wconf 88' lang='lat' dir='ltr'><strong>v.</strong></span> <span class='ocrx_word' id='word_1_70' title='bbox 432 1298 471 1357; x_wconf 85' lang='lat' dir='ltr'><strong>ll</strong></span> <span class='ocrx_word' id='word_1_71' title='bbox 495 1315 522 1358; x_wconf 92' lang='lat' dir='ltr'><strong>s.</strong></span> 
     </span>
     <span class='ocr_line' id='line_1_10' title="bbox 428 1393 1344 1485; baseline -0.002 -23"><span class='ocrx_word' id='word_1_72' title='bbox 428 1397 561 1484; x_wconf 78' lang='grc' dir='ltr'>θαρσέω.</span> <span class='ocrx_word' id='word_1_73' title='bbox 609 1395 703 1482; x_wconf 88' lang='grc' dir='ltr'>βάλλε</span> <span class='ocrx_word' id='word_1_74' title='bbox 725 1394 845 1464; x_wconf 78' lang='grc' dir='ltr'>κάτωθε</span> <span class='ocrx_word' id='word_1_75' title='bbox 867 1394 904 1462; x_wconf 83' lang='grc' dir='ltr'><strong>τά</strong></span> <span class='ocrx_word' id='word_1_76' title='bbox 927 1397 1059 1485; x_wconf 78' lang='grc' dir='ltr'>μοοχία·</span> <span class='ocrx_word' id='word_1_77' title='bbox 1083 1401 1137 1470; x_wconf 80' lang='grc' dir='ltr'><strong>τᾶς</strong></span> <span class='ocrx_word' id='word_1_78' title='bbox 1158 1393 1217 1483; x_wconf 74' lang='grc' dir='ltr'><strong>γάρ</strong></span> <span class='ocrx_word' id='word_1_79' title='bbox 1239 1395 1344 1468; x_wconf 74' lang='grc' dir='ltr'>ἐλαίας</span> 
     </span>
     <span class='ocr_line' id='line_1_11' title="bbox 426 1495 1338 1588; baseline -0.002 -22"><span class='ocrx_word' id='word_1_80' title='bbox 426 1497 476 1566; x_wconf 84' lang='grc' dir='ltr'><strong>τόν</strong></span> <span class='ocrx_word' id='word_1_81' title='bbox 500 1496 614 1566; x_wconf 79' lang='grc' dir='ltr'>θαλλόν</span> <span class='ocrx_word' id='word_1_82' title='bbox 636 1497 781 1588; x_wconf 79' lang='grc' dir='ltr'>τριόγυυτι</span> <span class='ocrx_word' id='word_1_83' title='bbox 801 1499 840 1567; x_wconf 85' lang='grc' dir='ltr'><strong>τά</strong></span> <span class='ocrx_word' id='word_1_84' title='bbox 862 1498 986 1567; x_wconf 83' lang='grc' dir='ltr'>δόοοοα.</span> <span class='ocrx_word' id='word_1_85' title='bbox 1035 1497 1112 1566; x_wconf 68' lang='lat' dir='ltr'><strong>otolt’</strong></span> <span class='ocrx_word' id='word_1_86' title='bbox 1138 1495 1155 1566; x_wconf 77' lang='lat' dir='ltr'><strong>‘o</strong></span> <span class='ocrx_word' id='word_1_87' title='bbox 1177 1501 1338 1587; x_wconf 77' lang='grc' dir='ltr'>λέπαργος,</span> 
     </span>
     <span class='ocr_line' id='line_1_12' title="bbox 299 1601 1472 1688; baseline -0.003 -21"><span class='ocrx_word' id='word_1_88' title='bbox 299 1625 409 1668; x_wconf 82' lang='lat' dir='ltr'><strong>varum</strong></span> <span class='ocrx_word' id='word_1_89' title='bbox 434 1625 497 1668; x_wconf 93' lang='lat' dir='ltr'><strong>non</strong></span> <span class='ocrx_word' id='word_1_90' title='bbox 520 1607 601 1668; x_wconf 87' lang='lat' dir='ltr'><strong>Batti</strong></span> <span class='ocrx_word' id='word_1_91' title='bbox 624 1617 699 1669; x_wconf 86' lang='lat' dir='ltr'><strong>sunt</strong></span> <span class='ocrx_word' id='word_1_92' title='bbox 722 1608 766 1669; x_wconf 96' lang='lat' dir='ltr'><strong>illi</strong></span> <span class='ocrx_word' id='word_1_93' title='bbox 782 1609 892 1686; x_wconf 87' lang='lat' dir='ltr'><strong>vituli,</strong></span> <span class='ocrx_word' id='word_1_94' title='bbox 918 1606 976 1669; x_wconf 85' lang='lat' dir='ltr'><strong>sod</strong></span> <span class='ocrx_word' id='word_1_95' title='bbox 998 1607 1099 1688; x_wconf 86' lang='lat' dir='ltr'><strong>pascit</strong></span> <span class='ocrx_word' id='word_1_96' title='bbox 1122 1625 1175 1668; x_wconf 86' lang='lat' dir='ltr'><strong>oos</strong></span> <span class='ocrx_word' id='word_1_97' title='bbox 1191 1602 1335 1686; x_wconf 83' lang='lat' dir='ltr'><strong>Corydon</strong></span> <span class='ocrx_word' id='word_1_98' title='bbox 1356 1601 1472 1664; x_wconf 85' lang='lat' dir='ltr'><strong>traditos</strong></span> 
     </span>
     <span class='ocr_line' id='line_1_13' title="bbox 297 1707 1336 1791; baseline -0.001 -20"><span class='ocrx_word' id='word_1_99' title='bbox 297 1728 371 1771; x_wconf 90' lang='lat' dir='ltr'><strong>cum</strong></span> <span class='ocrx_word' id='word_1_100' title='bbox 395 1709 518 1790; x_wconf 81' lang='lat' dir='ltr'><strong>reliquo</strong></span> <span class='ocrx_word' id='word_1_101' title='bbox 542 1729 638 1790; x_wconf 80' lang='lat' dir='ltr'><strong>grego</strong></span> <span class='ocrx_word' id='word_1_102' title='bbox 662 1709 703 1772; x_wconf 91' lang='lat' dir='ltr'><strong>ab</strong></span> <span class='ocrx_word' id='word_1_103' title='bbox 725 1709 866 1791; x_wconf 75' lang='lat' dir='ltr'><strong>hagono.</strong></span> <span class='ocrx_word' id='word_1_104' title='bbox 913 1719 1066 1772; x_wconf 86' lang='lat' dir='ltr'><strong>secuntur</strong></span> <span class='ocrx_word' id='word_1_105' title='bbox 1088 1707 1133 1769; x_wconf 89' lang='lat' dir='ltr'><strong>ihi</strong></span> <span class='ocrx_word' id='word_1_106' title='bbox 1156 1709 1189 1770; x_wconf 92' lang='lat' dir='ltr'><strong>hi</strong></span> <span class='ocrx_word' id='word_1_107' title='bbox 1211 1727 1336 1785; x_wconf 82' lang='lat' dir='ltr'><strong>versus,</strong></span> 
     </span>
     <span class='ocr_line' id='line_1_14' title="bbox 427 1805 1295 1898; baseline -0.002 -22"><span class='ocrx_word' id='word_1_108' title='bbox 427 1806 504 1876; x_wconf 72' lang='grc' dir='ltr'>σέο-θ’</span> <span class='ocrx_word' id='word_1_109' title='bbox 531 1807 551 1876; x_wconf 86' lang='grc' dir='ltr'>ά</span> <span class='ocrx_word' id='word_1_110' title='bbox 576 1807 725 1895; x_wconf 81' lang='lat' dir='ltr'><strong>Kopolllo</strong></span> <span class='ocrx_word' id='word_1_111' title='bbox 746 1808 813 1876; x_wconf 78' lang='grc' dir='ltr'>ποτὶ</span> <span class='ocrx_word' id='word_1_112' title='bbox 834 1808 884 1876; x_wconf 79' lang='grc' dir='ltr'><strong>τόν</strong></span> <span class='ocrx_word' id='word_1_113' title='bbox 908 1807 1021 1898; x_wconf 84' lang='grc' dir='ltr'>λόφον·</span> <span class='ocrx_word' id='word_1_114' title='bbox 1046 1806 1100 1875; x_wconf 73' lang='lat' dir='ltr'><strong>odor</strong></span> <span class='ocrx_word' id='word_1_115' title='bbox 1122 1805 1295 1886; x_wconf 76' lang='grc' dir='ltr'>ἐσαιοόειςς</span> 
     </span>
     <span class='ocr_line' id='line_1_15' title="bbox 425 1909 1238 1999; baseline 0 -21"><span class='ocrx_word' id='word_1_116' title='bbox 425 1909 488 1999; x_wconf 61' lang='lat' dir='ltr'><strong>{pido</strong></span> <span class='ocrx_word' id='word_1_117' title='bbox 510 1911 560 1979; x_wconf 81' lang='grc' dir='ltr'><strong>ναλ</strong></span> <span class='ocrx_word' id='word_1_118' title='bbox 581 1910 631 1979; x_wconf 84' lang='grc' dir='ltr'><strong>τόν</strong></span> <span class='ocrx_word' id='word_1_119' title='bbox 655 1913 744 1980; x_wconf 80' lang='grc' dir='ltr'>Πᾶνα</span> <span class='ocrx_word' id='word_1_120' title='bbox 766 1912 859 1980; x_wconf 72' lang='grc' dir='ltr'>κακόν</span> <span class='ocrx_word' id='word_1_121' title='bbox 881 1915 966 1988; x_wconf 83' lang='grc' dir='ltr'>τέλος</span> <span class='ocrx_word' id='word_1_122' title='bbox 989 1909 1096 1979; x_wconf 68' lang='lat' dir='ltr'><strong>odrico</strong></span> <span class='ocrx_word' id='word_1_123' title='bbox 1119 1915 1238 1993; x_wconf 78' lang='grc' dir='ltr'>δοιαῶν,</span> 
     </span>
     <span class='ocr_line' id='line_1_16' title="bbox 426 2009 1316 2104; baseline -0.002 -22"><span class='ocrx_word' id='word_1_124' title='bbox 426 2018 454 2082; x_wconf 80' lang='grc' dir='ltr'><strong>εἰ</strong></span> <span class='ocrx_word' id='word_1_125' title='bbox 477 2014 518 2102; x_wconf 80' lang='grc' dir='ltr'><strong>μὴ</strong></span> <span class='ocrx_word' id='word_1_126' title='bbox 542 2010 611 2082; x_wconf 81' lang='grc' dir='ltr'>ἄπει</span> <span class='ocrx_word' id='word_1_127' title='bbox 632 2019 795 2084; x_wconf 79' lang='grc' dir='ltr'>τουτῶθιν.</span> <span class='ocrx_word' id='word_1_128' title='bbox 842 2015 881 2084; x_wconf 80' lang='grc' dir='ltr'><strong>ἴδ’</strong></span> <span class='ocrx_word' id='word_1_129' title='bbox 909 2009 948 2084; x_wconf 80' lang='grc' dir='ltr'><strong>αὔ</strong></span> <span class='ocrx_word' id='word_1_130' title='bbox 970 2014 1060 2083; x_wconf 86' lang='grc' dir='ltr'>πάλιν</span> <span class='ocrx_word' id='word_1_131' title='bbox 1083 2011 1138 2082; x_wconf 69' lang='lat' dir='ltr'><strong>dte</strong></span> <span class='ocrx_word' id='word_1_132' title='bbox 1159 2017 1316 2104; x_wconf 81' lang='grc' dir='ltr'>ποβέρπει.</span> 
     </span>
     <span class='ocr_line' id='line_1_17' title="bbox 427 2112 1295 2209; baseline -0.002 -24"><span class='ocrx_word' id='word_1_133' title='bbox 427 2117 491 2185; x_wconf 72' lang='grc' dir='ltr'><strong>αἴθ’</strong></span> <span class='ocrx_word' id='word_1_134' title='bbox 517 2112 553 2206; x_wconf 79' lang='grc' dir='ltr'><strong>ἧς</strong></span> <span class='ocrx_word' id='word_1_135' title='bbox 578 2145 629 2206; x_wconf 75' lang='grc' dir='ltr'><strong>μοι</strong></span> <span class='ocrx_word' id='word_1_136' title='bbox 652 2117 752 2208; x_wconf 79' lang='grc' dir='ltr'>ῥοικόν</span> <span class='ocrx_word' id='word_1_137' title='bbox 774 2147 803 2189; x_wconf 91' lang='grc' dir='ltr'><strong>τι</strong></span> <span class='ocrx_word' id='word_1_138' title='bbox 824 2116 1018 2209; x_wconf 77' lang='grc' dir='ltr'>λαγωβόλον,</span> <span class='ocrx_word' id='word_1_139' title='bbox 1044 2113 1086 2194; x_wconf 76' lang='grc' dir='ltr'><strong>ὥς</strong></span> <span class='ocrx_word' id='word_1_140' title='bbox 1106 2145 1142 2185; x_wconf 85' lang='grc' dir='ltr'><strong>τυ</strong></span> <span class='ocrx_word' id='word_1_141' title='bbox 1163 2115 1295 2192; x_wconf 78' lang='grc' dir='ltr'><strong>πατάξω.</strong></span> 
     </span>
     <span class='ocr_line' id='line_1_18' title="bbox 297 2225 1480 2290; baseline 0 -4"><span class='ocrx_word' id='word_1_142' title='bbox 297 2243 351 2288; x_wconf 87' lang='lat' dir='ltr'><strong>eos</strong></span> <span class='ocrx_word' id='word_1_143' title='bbox 374 2243 486 2288; x_wconf 84' lang='lat' dir='ltr'><strong>vorsus</strong></span> <span class='ocrx_word' id='word_1_144' title='bbox 509 2227 686 2289; x_wconf 85' lang='lat' dir='ltr'><strong>Meinekius</strong></span> <span class='ocrx_word' id='word_1_145' title='bbox 716 2247 787 2290; x_wconf 90' lang='lat' dir='ltr'><strong>cum</strong></span> <span class='ocrx_word' id='word_1_146' title='bbox 810 2227 967 2289; x_wconf 84' lang='lat' dir='ltr'><strong>Theocriti</strong></span> <span class='ocrx_word' id='word_1_147' title='bbox 997 2227 1137 2288; x_wconf 90' lang='lat' dir='ltr'><strong>carmina</strong></span> <span class='ocrx_word' id='word_1_148' title='bbox 1166 2225 1277 2288; x_wconf 82' lang='lat' dir='ltr'><strong>ederat</strong></span> <span class='ocrx_word' id='word_1_149' title='bbox 1298 2228 1392 2288; x_wconf 82' lang='lat' dir='ltr'><strong>tacite</strong></span> <span class='ocrx_word' id='word_1_150' title='bbox 1413 2243 1480 2286; x_wconf 92' lang='lat' dir='ltr'><strong>oon·</strong></span> 
     </span>
     <span class='ocr_line' id='line_1_19' title="bbox 297 2327 1480 2411; baseline -0.002 -21"><span class='ocrx_word' id='word_1_151' title='bbox 297 2329 432 2390; x_wconf 85' lang='lat' dir='ltr'><strong>tinuavit</strong></span> <span class='ocrx_word' id='word_1_152' title='bbox 453 2327 602 2392; x_wconf 85' lang='lat' dir='ltr'><strong>versibus</strong></span> <span class='ocrx_word' id='word_1_153' title='bbox 624 2331 723 2411; x_wconf 83' lang='lat' dir='ltr'><strong>Batti,</strong></span> <span class='ocrx_word' id='word_1_154' title='bbox 756 2333 847 2393; x_wconf 91' lang='lat' dir='ltr'><strong>ouius</strong></span> <span class='ocrx_word' id='word_1_155' title='bbox 875 2328 1077 2393; x_wconf 92' lang='lat' dir='ltr'><strong>nullomodo</strong></span> <span class='ocrx_word' id='word_1_156' title='bbox 1100 2347 1170 2390; x_wconf 88' lang='lat' dir='ltr'><strong>esso</strong></span> <span class='ocrx_word' id='word_1_157' title='bbox 1192 2339 1337 2410; x_wconf 86' lang='lat' dir='ltr'><strong>possunt.</strong></span> <span class='ocrx_word' id='word_1_158' title='bbox 1384 2345 1480 2410; x_wconf 83' lang='lat' dir='ltr'><strong>noque</strong></span> 
     </span>
     <span class='ocr_line' id='line_1_20' title="bbox 296 2430 1482 2514; baseline -0.002 -20"><span class='ocrx_word' id='word_1_159' title='bbox 296 2433 382 2494; x_wconf 87' lang='lat' dir='ltr'><strong>onim</strong></span> <span class='ocrx_word' id='word_1_160' title='bbox 406 2431 550 2514; x_wconf 80' lang='lat' dir='ltr'><strong>Corydon</strong></span> <span class='ocrx_word' id='word_1_161' title='bbox 581 2435 699 2496; x_wconf 91' lang='lat' dir='ltr'><strong>otiosus</strong></span> <span class='ocrx_word' id='word_1_162' title='bbox 728 2433 854 2496; x_wconf 83' lang='lat' dir='ltr'><strong>adstare</strong></span> <span class='ocrx_word' id='word_1_163' title='bbox 881 2431 1138 2514; x_wconf 81' lang='lat' dir='ltr'><strong>abigendamquc</strong></span> <span class='ocrx_word' id='word_1_164' title='bbox 1168 2430 1210 2493; x_wconf 88' lang='lat' dir='ltr'><strong>ab</strong></span> <span class='ocrx_word' id='word_1_165' title='bbox 1238 2432 1305 2494; x_wconf 85' lang='lat' dir='ltr'><strong>olea</strong></span> <span class='ocrx_word' id='word_1_166' title='bbox 1329 2433 1482 2495; x_wconf 76' lang='lat' dir='ltr'><strong>vacculam</strong></span> 
     </span>
     <span class='ocr_line' id='line_1_21' title="bbox 296 2535 1483 2617; baseline -0.001 -21"><span class='ocrx_word' id='word_1_167' title='bbox 296 2537 384 2598; x_wconf 86' lang='lat' dir='ltr'><strong>Batto</strong></span> <span class='ocrx_word' id='word_1_168' title='bbox 407 2537 592 2598; x_wconf 84' lang='lat' dir='ltr'><strong>conmittere</strong></span> <span class='ocrx_word' id='word_1_169' title='bbox 615 2545 718 2617; x_wconf 90' lang='lat' dir='ltr'><strong>potcst</strong></span> <span class='ocrx_word' id='word_1_170' title='bbox 740 2555 846 2617; x_wconf 84' lang='lat' dir='ltr'><strong>noque</strong></span> <span class='ocrx_word' id='word_1_171' title='bbox 865 2538 974 2598; x_wconf 83' lang='lat' dir='ltr'><strong>Battus</strong></span> <span class='ocrx_word' id='word_1_172' title='bbox 997 2553 1113 2598; x_wconf 82' lang='lat' dir='ltr'><strong>nomen</strong></span> <span class='ocrx_word' id='word_1_173' title='bbox 1136 2535 1218 2596; x_wconf 84' lang='lat' dir='ltr'><strong>sciro</strong></span> <span class='ocrx_word' id='word_1_174' title='bbox 1241 2535 1390 2598; x_wconf 78' lang='lat' dir='ltr'><strong>vacculas</strong></span> <span class='ocrx_word' id='word_1_175' title='bbox 1411 2535 1483 2597; x_wconf 83' lang='lat' dir='ltr'><strong>alic-</strong></span> 
     </span>
     <span class='ocr_line' id='line_1_22' title="bbox 296 2637 1483 2721; baseline 0 -21"><span class='ocrx_word' id='word_1_176' title='bbox 296 2657 375 2701; x_wconf 86' lang='lat' dir='ltr'><strong>nac:</strong></span> <span class='ocrx_word' id='word_1_177' title='bbox 409 2641 477 2720; x_wconf 86' lang='lat' dir='ltr'><strong>ipsc</strong></span> <span class='ocrx_word' id='word_1_178' title='bbox 509 2640 594 2700; x_wconf 87' lang='lat' dir='ltr'><strong>onim</strong></span> <span class='ocrx_word' id='word_1_179' title='bbox 624 2640 729 2702; x_wconf 89' lang='lat' dir='ltr'><strong>nullas</strong></span> <span class='ocrx_word' id='word_1_180' title='bbox 750 2638 865 2720; x_wconf 85' lang='lat' dir='ltr'><strong>habet,</strong></span> <span class='ocrx_word' id='word_1_181' title='bbox 897 2639 955 2702; x_wconf 91' lang='lat' dir='ltr'><strong>scd</strong></span> <span class='ocrx_word' id='word_1_182' title='bbox 982 2639 1126 2721; x_wconf 78' lang='lat' dir='ltr'><strong>pascenti</strong></span> <span class='ocrx_word' id='word_1_183' title='bbox 1149 2637 1307 2720; x_wconf 91' lang='lat' dir='ltr'><strong>Corydoui</strong></span> <span class='ocrx_word' id='word_1_184' title='bbox 1331 2641 1416 2702; x_wconf 90' lang='lat' dir='ltr'><strong>solus</strong></span> <span class='ocrx_word' id='word_1_185' title='bbox 1435 2657 1483 2700; x_wconf 91' lang='lat' dir='ltr'><strong>oo-</strong></span> 
     </span>
     <span class='ocr_line' id='line_1_23' title="bbox 296 2741 1483 2824; baseline -0.001 -20"><span class='ocrx_word' id='word_1_186' title='bbox 296 2751 450 2804; x_wconf 84' lang='lat' dir='ltr'><strong>currcrat.</strong></span> <span class='ocrx_word' id='word_1_187' title='bbox 499 2743 676 2804; x_wconf 82' lang='lat' dir='ltr'><strong>rectissimo</strong></span> <span class='ocrx_word' id='word_1_188' title='bbox 700 2761 777 2805; x_wconf 85' lang='lat' dir='ltr'><strong>voro</strong></span> <span class='ocrx_word' id='word_1_189' title='bbox 805 2752 954 2824; x_wconf 86' lang='lat' dir='ltr'><strong>quattuor</strong></span> <span class='ocrx_word' id='word_1_190' title='bbox 980 2742 1025 2802; x_wconf 94' lang='lat' dir='ltr'><strong>illi</strong></span> <span class='ocrx_word' id='word_1_191' title='bbox 1049 2759 1162 2803; x_wconf 84' lang='lat' dir='ltr'><strong>vorsus</strong></span> <span class='ocrx_word' id='word_1_192' title='bbox 1185 2741 1344 2823; x_wconf 92' lang='lat' dir='ltr'><strong>Corydoni</strong></span> <span class='ocrx_word' id='word_1_193' title='bbox 1367 2741 1483 2805; x_wconf 87' lang='lat' dir='ltr'><strong>tribuc-</strong></span> 
     </span>
     <span class='ocr_line' id='line_1_24' title="bbox 296 2843 1482 2926; baseline 0.001 -19"><span class='ocrx_word' id='word_1_194' title='bbox 296 2845 423 2907; x_wconf 89' lang='lat' dir='ltr'><strong>bantur.</strong></span> <span class='ocrx_word' id='word_1_195' title='bbox 470 2863 577 2926; x_wconf 88' lang='lat' dir='ltr'><strong>nupor</strong></span> <span class='ocrx_word' id='word_1_196' title='bbox 597 2855 703 2908; x_wconf 89' lang='lat' dir='ltr'><strong>autern</strong></span> <span class='ocrx_word' id='word_1_197' title='bbox 727 2845 768 2908; x_wconf 88' lang='lat' dir='ltr'><strong>ab</strong></span> <span class='ocrx_word' id='word_1_198' title='bbox 789 2844 932 2908; x_wconf 82' lang='lat' dir='ltr'><strong>Ahronto</strong></span> <span class='ocrx_word' id='word_1_199' title='bbox 955 2845 1060 2908; x_wconf 86' lang='lat' dir='ltr'><strong>cidem</strong></span> <span class='ocrx_word' id='word_1_200' title='bbox 1083 2843 1240 2926; x_wconf 92' lang='lat' dir='ltr'><strong>Corydoni</strong></span> <span class='ocrx_word' id='word_1_201' title='bbox 1263 2845 1419 2910; x_wconf 85' lang='lat' dir='ltr'><strong>tributum</strong></span> <span class='ocrx_word' id='word_1_202' title='bbox 1441 2853 1482 2908; x_wconf 89' lang='lat' dir='ltr'><strong>ost</strong></span> 
     </span>
     <span class='ocr_line' id='line_1_25' title="bbox 295 2941 1482 3035; baseline -0.003 -23"><span class='ocrx_word' id='word_1_203' title='bbox 295 2950 390 3012; x_wconf 83' lang='lat' dir='ltr'><strong>ctiam</strong></span> <span class='ocrx_word' id='word_1_204' title='bbox 420 2942 499 3012; x_wconf 71' lang='lat' dir='ltr'><strong>otto’</strong></span> <span class='ocrx_word' id='word_1_205' title='bbox 526 2941 542 3012; x_wconf 81' lang='grc' dir='ltr'>ὁ</span> <span class='ocrx_word' id='word_1_206' title='bbox 573 2947 732 3035; x_wconf 67' lang='grc' dir='ltr'>λέπαργος.</span> <span class='ocrx_word' id='word_1_207' title='bbox 780 2949 866 3030; x_wconf 89' lang='lat' dir='ltr'><strong>quod</strong></span> <span class='ocrx_word' id='word_1_208' title='bbox 895 2949 1109 3012; x_wconf 85' lang='lat' dir='ltr'><strong>necessarium</strong></span> <span class='ocrx_word' id='word_1_209' title='bbox 1139 2957 1187 3010; x_wconf 88' lang='lat' dir='ltr'><strong>cst</strong></span> <span class='ocrx_word' id='word_1_210' title='bbox 1216 2949 1242 3010; x_wconf 90' lang='lat' dir='ltr'><strong>si</strong></span> <span class='ocrx_word' id='word_1_211' title='bbox 1271 2967 1389 3012; x_wconf 87' lang='lat' dir='ltr'><strong>nomon</strong></span> <span class='ocrx_word' id='word_1_212' title='bbox 1412 2945 1482 3010; x_wconf 91' lang='lat' dir='ltr'><strong>illud</strong></span> 
     </span>
     <span class='ocr_line' id='line_1_26' title="bbox 294 3049 1479 3138; baseline 0 -26"><span class='ocrx_word' id='word_1_213' title='bbox 294 3052 386 3115; x_wconf 89' lang='lat' dir='ltr'><strong>vituli</strong></span> <span class='ocrx_word' id='word_1_214' title='bbox 421 3061 587 3132; x_wconf 82' lang='lat' dir='ltr'><strong>putamus,</strong></span> <span class='ocrx_word' id='word_1_215' title='bbox 626 3049 798 3138; x_wconf 77' lang='grc' dir='ltr'>Λέπαργος,</span> <span class='ocrx_word' id='word_1_216' title='bbox 835 3051 868 3114; x_wconf 91' lang='lat' dir='ltr'><strong>id</strong></span> <span class='ocrx_word' id='word_1_217' title='bbox 902 3052 987 3134; x_wconf 88' lang='lat' dir='ltr'><strong>quod</strong></span> <span class='ocrx_word' id='word_1_218' title='bbox 1020 3050 1061 3113; x_wconf 90' lang='lat' dir='ltr'><strong>ab</strong></span> <span class='ocrx_word' id='word_1_219' title='bbox 1091 3049 1234 3116; x_wconf 80' lang='lat' dir='ltr'><strong>Ahrentc</strong></span> <span class='ocrx_word' id='word_1_220' title='bbox 1269 3051 1389 3114; x_wconf 87' lang='lat' dir='ltr'><strong>lactum</strong></span> <span class='ocrx_word' id='word_1_221' title='bbox 1421 3063 1479 3114; x_wconf 86' lang='lat' dir='ltr'><strong>cst:</strong></span> 
     </span>
     <span class='ocr_line' id='line_1_27' title="bbox 294 3154 1484 3236; baseline -0.001 -19"><span class='ocrx_word' id='word_1_222' title='bbox 294 3155 405 3217; x_wconf 89' lang='lat' dir='ltr'><strong>divisit</strong></span> <span class='ocrx_word' id='word_1_223' title='bbox 431 3165 537 3218; x_wconf 88' lang='lat' dir='ltr'><strong>autem</strong></span> <span class='ocrx_word' id='word_1_224' title='bbox 559 3156 745 3218; x_wconf 83' lang='lat' dir='ltr'><strong>Theocritus</strong></span> <span class='ocrx_word' id='word_1_225' title='bbox 773 3154 912 3218; x_wconf 88' lang='lat' dir='ltr'><strong>cundem</strong></span> <span class='ocrx_word' id='word_1_226' title='bbox 934 3173 1064 3217; x_wconf 85' lang='lat' dir='ltr'><strong>versum</strong></span> <span class='ocrx_word' id='word_1_227' title='bbox 1092 3155 1178 3216; x_wconf 86' lang='lat' dir='ltr'><strong>inter</strong></span> <span class='ocrx_word' id='word_1_228' title='bbox 1198 3155 1309 3236; x_wconf 85' lang='lat' dir='ltr'><strong>plnres</strong></span> <span class='ocrx_word' id='word_1_229' title='bbox 1332 3175 1396 3218; x_wconf 90' lang='lat' dir='ltr'><strong>non</strong></span> <span class='ocrx_word' id='word_1_230' title='bbox 1419 3165 1484 3217; x_wconf 86' lang='lat' dir='ltr'><strong>tan·</strong></span> 
     </span>
     <span class='ocr_line' id='line_1_28' title="bbox 294 3255 1483 3339; baseline -0.001 -19"><span class='ocrx_word' id='word_1_231' title='bbox 294 3267 362 3321; x_wconf 91' lang='lat' dir='ltr'><strong>tum</strong></span> <span class='ocrx_word' id='word_1_232' title='bbox 385 3258 513 3338; x_wconf 87' lang='lat' dir='ltr'><strong>saepius</strong></span> <span class='ocrx_word' id='word_1_233' title='bbox 537 3259 569 3320; x_wconf 95' lang='lat' dir='ltr'><strong>in</strong></span> <span class='ocrx_word' id='word_1_234' title='bbox 593 3259 789 3321; x_wconf 85' lang='lat' dir='ltr'><strong>carminibus</strong></span> <span class='ocrx_word' id='word_1_235' title='bbox 811 3258 934 3320; x_wconf 90' lang='lat' dir='ltr'><strong>decimo</strong></span> <span class='ocrx_word' id='word_1_236' title='bbox 956 3267 1069 3339; x_wconf 86' lang='lat' dir='ltr'><strong>quarto</strong></span> <span class='ocrx_word' id='word_1_237' title='bbox 1092 3266 1124 3319; x_wconf 86' lang='lat' dir='ltr'><strong>et</strong></span> <span class='ocrx_word' id='word_1_238' title='bbox 1139 3256 1262 3320; x_wconf 88' lang='lat' dir='ltr'><strong>decimo</strong></span> <span class='ocrx_word' id='word_1_239' title='bbox 1278 3259 1406 3339; x_wconf 88' lang='lat' dir='ltr'><strong>quinto,</strong></span> <span class='ocrx_word' id='word_1_240' title='bbox 1431 3255 1483 3321; x_wconf 90' lang='lat' dir='ltr'><strong>scd</strong></span> 
     </span>
     <span class='ocr_line' id='line_1_29' title="bbox 294 3359 1483 3444; baseline -0.002 -20"><span class='ocrx_word' id='word_1_241' title='bbox 294 3363 389 3424; x_wconf 89' lang='lat' dir='ltr'><strong>ctiam</strong></span> <span class='ocrx_word' id='word_1_242' title='bbox 412 3364 445 3422; x_wconf 95' lang='lat' dir='ltr'><strong>in</strong></span> <span class='ocrx_word' id='word_1_243' title='bbox 468 3360 620 3424; x_wconf 91' lang='lat' dir='ltr'><strong>bucolicis</strong></span> <span class='ocrx_word' id='word_1_244' title='bbox 643 3361 779 3444; x_wconf 87' lang='lat' dir='ltr'><strong>idylliis,</strong></span> <span class='ocrx_word' id='word_1_245' title='bbox 805 3361 824 3421; x_wconf 81' lang='lat'><strong>5</strong></span> <span class='ocrx_word' id='word_1_246' title='bbox 849 3362 889 3422; x_wconf 89' lang='grc'><strong>66</strong></span> <span class='ocrx_word' id='word_1_247' title='bbox 913 3371 944 3422; x_wconf 85' lang='lat' dir='ltr'><strong>et</strong></span> <span class='ocrx_word' id='word_1_248' title='bbox 969 3362 1006 3422; x_wconf 92' lang='lat' dir='ltr'><strong>l0</strong></span> <span class='ocrx_word' id='word_1_249' title='bbox 1034 3361 1084 3421; x_wconf 78' lang='lat' dir='ltr'><strong>lh.</strong></span> <span class='ocrx_word' id='word_1_250' title='bbox 1131 3359 1275 3423; x_wconf 85' lang='lat' dir='ltr'><strong>sednon</strong></span> <span class='ocrx_word' id='word_1_251' title='bbox 1299 3360 1395 3443; x_wconf 84' lang='lat' dir='ltr'><strong>plano</strong></span> <span class='ocrx_word' id='word_1_252' title='bbox 1410 3379 1483 3444; x_wconf 91' lang='lat' dir='ltr'><strong>opus</strong></span> 
     </span>
     <span class='ocr_line' id='line_1_30' title="bbox 294 3459 1483 3548; baseline 0.002 -23"><span class='ocrx_word' id='word_1_253' title='bbox 294 3475 342 3527; x_wconf 86' lang='lat' dir='ltr'><strong>est</strong></span> <span class='ocrx_word' id='word_1_254' title='bbox 370 3473 405 3527; x_wconf 90' lang='lat' dir='ltr'><strong>ut</strong></span> <span class='ocrx_word' id='word_1_255' title='bbox 433 3483 547 3526; x_wconf 87' lang='lat' dir='ltr'><strong>nornen</strong></span> <span class='ocrx_word' id='word_1_256' title='bbox 577 3463 657 3527; x_wconf 90' lang='lat' dir='ltr'><strong>illud</strong></span> <span class='ocrx_word' id='word_1_257' title='bbox 686 3467 808 3548; x_wconf 82' lang='lat' dir='ltr'><strong>paritor</strong></span> <span class='ocrx_word' id='word_1_258' title='bbox 836 3475 933 3545; x_wconf 85' lang='lat' dir='ltr'><strong>atquc</strong></span> <span class='ocrx_word' id='word_1_259' title='bbox 957 3459 1121 3548; x_wconf 79' lang='lat' dir='ltr'><strong>Kopolllov</strong></span> <span class='ocrx_word' id='word_1_260' title='bbox 1150 3483 1221 3526; x_wconf 86' lang='lat' dir='ltr'><strong>essa</strong></span> <span class='ocrx_word' id='word_1_261' title='bbox 1252 3473 1404 3545; x_wconf 85' lang='lat' dir='ltr'><strong>putemus</strong></span> <span class='ocrx_word' id='word_1_262' title='bbox 1431 3483 1483 3546; x_wconf 94' lang='lat' dir='ltr'><strong>po-</strong></span> 
     </span>
     <span class='ocr_line' id='line_1_31' title="bbox 294 3566 1482 3649; baseline 0.001 -22"><span class='ocrx_word' id='word_1_263' title='bbox 294 3567 418 3648; x_wconf 85' lang='lat' dir='ltr'><strong>luitque</strong></span> <span class='ocrx_word' id='word_1_264' title='bbox 441 3569 549 3630; x_wconf 86' lang='lat' dir='ltr'><strong>Battus</strong></span> <span class='ocrx_word' id='word_1_265' title='bbox 573 3570 615 3631; x_wconf 92' lang='lat' dir='ltr'><strong>ita</strong></span> <span class='ocrx_word' id='word_1_266' title='bbox 639 3568 747 3631; x_wconf 83' lang='lat' dir='ltr'><strong>dicere</strong></span> <span class='ocrx_word' id='word_1_267' title='bbox 770 3569 906 3632; x_wconf 86' lang='lat' dir='ltr'><strong>vitulum</strong></span> <span class='ocrx_word' id='word_1_268' title='bbox 929 3569 1020 3630; x_wconf 90' lang='lat' dir='ltr'><strong>cuius</strong></span> <span class='ocrx_word' id='word_1_269' title='bbox 1044 3568 1179 3629; x_wconf 85' lang='lat' dir='ltr'><strong>colorem</strong></span> <span class='ocrx_word' id='word_1_270' title='bbox 1206 3566 1350 3647; x_wconf 82' lang='lat' dir='ltr'><strong>viderat,</strong></span> <span class='ocrx_word' id='word_1_271' title='bbox 1383 3587 1482 3649; x_wconf 79' lang='lat' dir='ltr'><strong>nequo</strong></span> 
     </span>
     <span class='ocr_line' id='line_1_32' title="bbox 292 3668 1482 3752; baseline 0 -20"><span class='ocrx_word' id='word_1_272' title='bbox 292 3669 447 3732; x_wconf 86' lang='lat' dir='ltr'><strong>absonum</strong></span> <span class='ocrx_word' id='word_1_273' title='bbox 479 3681 527 3733; x_wconf 85' lang='lat' dir='ltr'><strong>est</strong></span> <span class='ocrx_word' id='word_1_274' title='bbox 556 3673 582 3734; x_wconf 92' lang='lat' dir='ltr'><strong>si</strong></span> <span class='ocrx_word' id='word_1_275' title='bbox 606 3673 714 3734; x_wconf 84' lang='lat' dir='ltr'><strong>Battus</strong></span> <span class='ocrx_word' id='word_1_276' title='bbox 743 3690 806 3734; x_wconf 90' lang='lat' dir='ltr'><strong>non</strong></span> <span class='ocrx_word' id='word_1_277' title='bbox 836 3679 959 3734; x_wconf 90' lang='lat' dir='ltr'><strong>tantum</strong></span> <span class='ocrx_word' id='word_1_278' title='bbox 983 3669 1182 3752; x_wconf 85' lang='lat' dir='ltr'><strong>Corydonem</strong></span> <span class='ocrx_word' id='word_1_279' title='bbox 1209 3670 1326 3733; x_wconf 83' lang='lat' dir='ltr'><strong>vitulos</strong></span> <span class='ocrx_word' id='word_1_280' title='bbox 1354 3668 1482 3733; x_wconf 79' lang='lat' dir='ltr'><strong>abolet</strong></span> 
     </span>
     <span class='ocr_line' id='line_1_33' title="bbox 294 3773 1480 3855; baseline -0.001 -21"><span class='ocrx_word' id='word_1_281' title='bbox 294 3773 453 3854; x_wconf 82' lang='lat' dir='ltr'><strong>repellere</strong></span> <span class='ocrx_word' id='word_1_282' title='bbox 483 3774 589 3854; x_wconf 88' lang='lat' dir='ltr'><strong>iubet,</strong></span> <span class='ocrx_word' id='word_1_283' title='bbox 626 3774 683 3838; x_wconf 89' lang='lat' dir='ltr'><strong>scd</strong></span> <span class='ocrx_word' id='word_1_284' title='bbox 712 3775 806 3837; x_wconf 90' lang='lat' dir='ltr'><strong>simul</strong></span> <span class='ocrx_word' id='word_1_285' title='bbox 835 3792 934 3837; x_wconf 91' lang='lat' dir='ltr'><strong>unum</strong></span> <span class='ocrx_word' id='word_1_286' title='bbox 965 3793 1005 3836; x_wconf 76' lang='lat' dir='ltr'><strong>es</strong></span> <span class='ocrx_word' id='word_1_287' title='bbox 1034 3775 1081 3835; x_wconf 86' lang='lat' dir='ltr'><strong>eis</strong></span> <span class='ocrx_word' id='word_1_288' title='bbox 1111 3773 1266 3855; x_wconf 82' lang='lat' dir='ltr'><strong>increpat.</strong></span> <span class='ocrx_word' id='word_1_289' title='bbox 1320 3783 1393 3835; x_wconf 90' lang='lat' dir='ltr'><strong>utut</strong></span> <span class='ocrx_word' id='word_1_290' title='bbox 1426 3783 1480 3854; x_wconf 85' lang='lat' dir='ltr'><strong>est,</strong></span> 
     </span>
     <span class='ocr_line' id='line_1_34' title="bbox 292 3875 1482 3941; baseline 0.002 -5"><span class='ocrx_word' id='word_1_291' title='bbox 292 3875 469 3939; x_wconf 89' lang='lat' dir='ltr'><strong>bubulcum</strong></span> <span class='ocrx_word' id='word_1_292' title='bbox 492 3895 561 3939; x_wconf 87' lang='lat' dir='ltr'><strong>csso</strong></span> <span class='ocrx_word' id='word_1_293' title='bbox 583 3879 708 3940; x_wconf 87' lang='lat' dir='ltr'><strong>Battum</strong></span> <span class='ocrx_word' id='word_1_294' title='bbox 731 3877 908 3941; x_wconf 79' lang='lat' dir='ltr'><strong>hlainelrius</strong></span> <span class='ocrx_word' id='word_1_295' title='bbox 936 3875 1013 3939; x_wconf 80' lang='lat' dir='ltr'><strong>falso</strong></span> <span class='ocrx_word' id='word_1_296' title='bbox 1037 3875 1185 3939; x_wconf 86' lang='lat' dir='ltr'><strong>credidit.</strong></span> <span class='ocrx_word' id='word_1_297' title='bbox 1234 3887 1282 3940; x_wconf 84' lang='lat' dir='ltr'><strong>ost</strong></span> <span class='ocrx_word' id='word_1_298' title='bbox 1304 3887 1413 3940; x_wconf 83' lang='lat' dir='ltr'><strong>autom</strong></span> <span class='ocrx_word' id='word_1_299' title='bbox 1434 3895 1482 3938; x_wconf 89' lang='lat' dir='ltr'><strong>oa·</strong></span> 
     </span>
     <span class='ocr_line' id='line_1_35' title="bbox 292 3973 1482 4066; baseline -0.001 -24"><span class='ocrx_word' id='word_1_300' title='bbox 292 3981 438 4060; x_wconf 83' lang='lat' dir='ltr'><strong>prorius,</strong></span> <span class='ocrx_word' id='word_1_301' title='bbox 471 3981 532 4041; x_wconf 92' lang='lat' dir='ltr'><strong>nisi</strong></span> <span class='ocrx_word' id='word_1_302' title='bbox 565 3981 645 4043; x_wconf 92' lang='lat' dir='ltr'><strong>illud</strong></span> <span class='ocrx_word' id='word_1_303' title='bbox 667 3973 737 4044; x_wconf 80' lang='lat' dir='ltr'><strong>‘douo</strong></span> <span class='ocrx_word' id='word_1_304' title='bbox 761 3977 844 4066; x_wconf 78' lang='grc' dir='ltr'>αἶγες</span> <span class='ocrx_word' id='word_1_305' title='bbox 866 3975 933 4062; x_wconf 77' lang='grc' dir='ltr'><strong>ἐμὶν</strong></span> <span class='ocrx_word' id='word_1_306' title='bbox 956 3977 1044 4065; x_wconf 79' lang='grc' dir='ltr'>φίλαι</span> <span class='ocrx_word' id='word_1_307' title='bbox 1066 3978 1179 4042; x_wconf 80' lang='lat' dir='ltr'><strong>idonea</strong></span> <span class='ocrx_word' id='word_1_308' title='bbox 1202 3979 1244 4042; x_wconf 86' lang='lat' dir='ltr'><strong>dc</strong></span> <span class='ocrx_word' id='word_1_309' title='bbox 1266 3999 1361 4044; x_wconf 87' lang='lat' dir='ltr'><strong>causa</strong></span> <span class='ocrx_word' id='word_1_310' title='bbox 1385 3999 1482 4042; x_wconf 86' lang='lat' dir='ltr'><strong>romo-</strong></span> 
     </span>
     <span class='ocr_line' id='line_1_36' title="bbox 293 4081 1481 4165; baseline 0.001 -22"><span class='ocrx_word' id='word_1_311' title='bbox 293 4081 432 4145; x_wconf 86' lang='lat' dir='ltr'><strong>vcbitnr.</strong></span> <span class='ocrx_word' id='word_1_312' title='bbox 486 4101 549 4145; x_wconf 94' lang='lat' dir='ltr'><strong>non</strong></span> <span class='ocrx_word' id='word_1_313' title='bbox 578 4083 767 4146; x_wconf 87' lang='lat' dir='ltr'><strong>dubitarunt</strong></span> <span class='ocrx_word' id='word_1_314' title='bbox 796 4094 903 4146; x_wconf 85' lang='lat' dir='ltr'><strong>autem</strong></span> <span class='ocrx_word' id='word_1_315' title='bbox 933 4093 1061 4145; x_wconf 80' lang='lat' dir='ltr'><strong>veteres</strong></span> <span class='ocrx_word' id='word_1_316' title='bbox 1091 4083 1296 4165; x_wconf 82' lang='lat' dir='ltr'><strong>interpretes.</strong></span> <span class='ocrx_word' id='word_1_317' title='bbox 1352 4103 1425 4147; x_wconf 89' lang='lat' dir='ltr'><strong>nam</strong></span> <span class='ocrx_word' id='word_1_318' title='bbox 1452 4085 1481 4144; x_wconf 93' lang='lat' dir='ltr'><strong>in</strong></span> 
     </span>
     <span class='ocr_line' id='line_1_37' title="bbox 292 4178 1480 4271; baseline 0 -23"><span class='ocrx_word' id='word_1_319' title='bbox 292 4178 434 4248; x_wconf 67' lang='grc' dir='ltr'>ὑποθέσει</span> <span class='ocrx_word' id='word_1_320' title='bbox 457 4184 558 4267; x_wconf 89' lang='lat' dir='ltr'><strong>idyllii</strong></span> <span class='ocrx_word' id='word_1_321' title='bbox 582 4187 661 4248; x_wconf 83' lang='lat' dir='ltr'><strong>haec</strong></span> <span class='ocrx_word' id='word_1_322' title='bbox 683 4185 851 4266; x_wconf 83' lang='lat' dir='ltr'><strong>dicuntur,</strong></span> <span class='ocrx_word' id='word_1_323' title='bbox 885 4179 1000 4258; x_wconf 81' lang='grc' dir='ltr'>Βάττος</span> <span class='ocrx_word' id='word_1_324' title='bbox 1030 4181 1083 4269; x_wconf 78' lang='grc' dir='ltr'><strong>μέν</strong></span> <span class='ocrx_word' id='word_1_325' title='bbox 1108 4179 1249 4263; x_wconf 82' lang='grc' dir='ltr'>αἰπόλος,</span> <span class='ocrx_word' id='word_1_326' title='bbox 1283 4181 1480 4271; x_wconf 81' lang='grc' dir='ltr'>Κορόδιυνδέ</span> 
     </span>
     <span class='ocr_line' id='line_1_38' title="bbox 292 4281 1478 4375; baseline 0 -25"><span class='ocrx_word' id='word_1_327' title='bbox 292 4281 453 4372; x_wconf 81' lang='grc' dir='ltr'>βουκόλος,</span> <span class='ocrx_word' id='word_1_328' title='bbox 479 4284 509 4351; x_wconf 83' lang='grc' dir='ltr'><strong>οἳ</strong></span> <span class='ocrx_word' id='word_1_329' title='bbox 529 4282 602 4374; x_wconf 80' lang='grc' dir='ltr'>πρὸς</span> <span class='ocrx_word' id='word_1_330' title='bbox 626 4283 776 4372; x_wconf 81' lang='grc' dir='ltr'>ἀλλήλους</span> <span class='ocrx_word' id='word_1_331' title='bbox 799 4287 990 4373; x_wconf 83' lang='grc' dir='ltr'>διαλέγονται</span> <span class='ocrx_word' id='word_1_332' title='bbox 1013 4283 1197 4375; x_wconf 78' lang='grc' dir='ltr'>άμοιβαίιυς,</span> <span class='ocrx_word' id='word_1_333' title='bbox 1222 4288 1299 4351; x_wconf 87' lang='lat' dir='ltr'><strong>lalso</strong></span> <span class='ocrx_word' id='word_1_334' title='bbox 1323 4300 1430 4353; x_wconf 84' lang='lat' dir='ltr'><strong>autom</strong></span> <span class='ocrx_word' id='word_1_335' title='bbox 1450 4290 1478 4350; x_wconf 94' lang='lat' dir='ltr'><strong>in</strong></span> 
     </span>
     <span class='ocr_line' id='line_1_39' title="bbox 291 4383 1491 4474; baseline 0.002 -22"><span class='ocrx_word' id='word_1_336' title='bbox 291 4389 352 4453; x_wconf 85' lang='lat' dir='ltr'><strong>alia</strong></span> <span class='ocrx_word' id='word_1_337' title='bbox 382 4383 524 4455; x_wconf 72' lang='grc' dir='ltr'>ὑποθέσει</span> <span class='ocrx_word' id='word_1_338' title='bbox 553 4409 636 4472; x_wconf 84' lang='lat' dir='ltr'><strong>quae</strong></span> <span class='ocrx_word' id='word_1_339' title='bbox 663 4391 771 4455; x_wconf 87' lang='lat' dir='ltr'><strong>addita</strong></span> <span class='ocrx_word' id='word_1_340' title='bbox 802 4403 851 4454; x_wconf 86' lang='lat' dir='ltr'><strong>est</strong></span> <span class='ocrx_word' id='word_1_341' title='bbox 876 4393 975 4473; x_wconf 88' lang='lat' dir='ltr'><strong>priori</strong></span> <span class='ocrx_word' id='word_1_342' title='bbox 998 4394 1153 4474; x_wconf 89' lang='lat' dir='ltr'><strong>scriptum</strong></span> <span class='ocrx_word' id='word_1_343' title='bbox 1176 4402 1225 4455; x_wconf 89' lang='lat' dir='ltr'><strong>est</strong></span> <span class='ocrx_word' id='word_1_344' title='bbox 1248 4395 1283 4454; x_wconf 93' lang='lat' dir='ltr'><strong>in</strong></span> <span class='ocrx_word' id='word_1_345' title='bbox 1305 4392 1388 4456; x_wconf 91' lang='lat' dir='ltr'><strong>libro</strong></span> <span class='ocrx_word' id='word_1_346' title='bbox 1410 4391 1491 4455; x_wconf 51' lang='lat' dir='ltr'><strong>Amr</strong></span> 
     </span>
     <span class='ocr_line' id='line_1_40' title="bbox 292 4487 1476 4582; baseline 0.003 -28"><span class='ocrx_word' id='word_1_347' title='bbox 292 4491 438 4556; x_wconf 86' lang='lat' dir='ltr'><strong>brosiauo</strong></span> <span class='ocrx_word' id='word_1_348' title='bbox 455 4487 600 4579; x_wconf 80' lang='grc' dir='ltr'>Κορόόιου</span> <span class='ocrx_word' id='word_1_349' title='bbox 617 4488 740 4567; x_wconf 85' lang='grc' dir='ltr'>αἰπόλος</span> <span class='ocrx_word' id='word_1_350' title='bbox 755 4491 807 4558; x_wconf 74' lang='grc' dir='ltr'><strong>παλ</strong></span> <span class='ocrx_word' id='word_1_351' title='bbox 822 4489 937 4569; x_wconf 84' lang='grc' dir='ltr'>Βάττος</span> <span class='ocrx_word' id='word_1_352' title='bbox 954 4491 1097 4582; x_wconf 79' lang='grc' dir='ltr'>βουκόλος</span> <span class='ocrx_word' id='word_1_353' title='bbox 1113 4491 1260 4560; x_wconf 72' lang='grc' dir='ltr'><strong>άλιιεοΐό“Ι</strong></span> <span class='ocrx_word' id='word_1_354' title='bbox 1281 4495 1476 4582; x_wconf 74' lang='grc' dir='ltr'>διαλέγονται,</span> 
     </span>
    </p>
   </div>
   <div class='ocr_carea' id='block_1_3' title="bbox 0 0 1624 5094">
    <p class='ocr_par' dir='ltr' id='par_1_3' title="bbox 0 0 1624 5094">
     <span class='ocr_line' id='line_1_41' title="bbox 0 0 1624 5094; baseline 0 3"><span class='ocrx_word' id='word_1_355' title='bbox 0 0 1624 5094; x_wconf 95' lang='lat' dir='ltr'><strong> </strong></span> 
     </span>
    </p>
   </div>
  </div>
 </body>
</html>
