3186 5108
373 412 463 474 lsnrx
484 431 651 477 tsccrouvrr
674 431 858 476 aroannam
878 413 972 474 tata.
1199 399 1275 472 173

94 619 164 682 quae
193 600 375 684 remigando
405 603 622 685 inpelluntur,
654 623 716 666 non
749 601 839 666 facile
863 621 949 666 mare
976 613 1031 666 aut
1052 621 1135 685 aqua
1159 601 1278 666 dicitur

90 697 257 789 ἀρέααεαθαι
279 697 405 792 (αἰθέρα
426 699 555 790 νόναμον
584 699 718 792 ἐρέσσειν
741 703 790 769 ἐπί
818 705 878 769 τοῖν
902 700 998 791 μάτην
1019 699 1189 770 πονούντων
1213 707 1276 769 dici

92 807 236 872 Zenobius
258 809 355 872 tradit
377 829 387 870 ι
410 805 481 897 39).
519 809 726 874 nibilominus
749 811 791 872 ita
814 810 936 873 loeutus
959 829 1029 872 esse
1052 809 1183 874 videtur
1205 810 1277 873 Cal·
1378 793 1391 820 ⁸

94 913 246 977 limachus.
294 932 367 976 narn
390 932 462 976 cum
493 913 525 974 hi
557 923 669 994 poetae
692 912 901 977 Alexandrini
925 913 1171 976 innumerabilia
1194 933 1276 996 quae

92 1018 117 1078 in
139 1017 309 1080 Homericis
332 1015 528 1080 carminibus
551 1017 694 1097 legerant
716 1028 770 1080 aut
798 1026 946 1099 repetere
967 1027 1024 1081 aut
1045 1019 1170 1080 variare
1194 1018 1277 1080 soliti

90 1121 155 1200 sint,
179 1139 241 1182 non
264 1119 405 1184 absurde
429 1118 615 1202 putabimus
630 1121 819 1183 Callimacho
842 1118 1045 1184 obversatum
1068 1141 1138 1184 esse
1162 1121 1277 1184 Home-

89 1225 178 1286 ricum
208 1212 294 1287 illud¹
322 1223 383 1286 Od.
407 1242 449 1286 νιι
472 1225 535 1286 319
564 1220 595 1288 οἳ
623 1217 647 1286 θ’
679 1218 790 1288 ἐλόωσι
817 1218 964 1308 γαλίνην.
1012 1234 1060 1288 ost
1087 1235 1193 1288 autern
1216 1224 1314 1286 bocar

88 1345 203 1408 quoquc
225 1327 346 1391 dictum
371 1329 576 1391 insolentius:
609 1346 672 1408 quo
694 1329 795 1408 magis
817 1327 951 1408 dignum
974 1329 1147 1392 imitatione
1169 1329 1274 1391 videri

88 1431 179 1511 potuit
206 1429 424 1494 Alexandrino
450 1442 575 1513 poetae.
623 1431 708 1512 quod
736 1441 843 1494 autern
867 1431 1024 1512 Galenen,
1057 1451 1152 1513 quam
1182 1431 1274 1494 modo

87 1533 170 1597 deam
192 1537 385 1617 nominavit,
417 1536 530 1598 nautili
560 1536 692 1614 remigio
715 1535 839 1616 pulsam
866 1553 936 1598 asse
966 1534 1066 1615 dixit,
1099 1555 1162 1599 non
1186 1547 1273 1598 recta

86 1637 233 1720 displicet.
281 1658 387 1722 neque
418 1642 505 1703 enim
534 1640 683 1720 cuiquam
712 1638 913 1720 displicuerit
935 1638 1020 1720 quod
1052 1639 1084 1700 in
1108 1639 1272 1721 Sophoclis

84 1741 229 1824 Antigona
258 1743 394 1825 legimus
416 1762 448 1804 ν.
473 1743 555 1823 339,
588 1737 673 1806 Θεῶν
703 1763 736 1805 τε
764 1737 818 1806 τάν
841 1735 1027 1828 όπερτάταν,
1059 1737 1120 1806 Γᾰν
1144 1731 1272 1829 ἄφθιτον

85 1839 245 1928 ἀκαμιίταν,
269 1839 460 1931 ἀποτρόεται,
486 1839 651 1930 ἰλλομένων
675 1835 808 1930 ἀρότρων
826 1841 892 1918 ἔτος
907 1844 950 1919 είς
972 1843 1038 1918 ἔτος
1053 1839 1177 1931 Ἱππείῳ
1190 1839 1272 1931 γένει

83 1953 209 2014 πολεῦον.
251 1949 432 2032 quidquod
455 1968 496 2012 ne
517 1969 535 2012 a
552 1968 644 2030 prosa
661 1949 791 2030 quidem
807 1951 948 2012 oratioue
969 1948 1125 2012 eiusmodi
1142 1948 1270 2012 dicendi

86 2051 175 2134 ligura
197 2073 329 2136 prorsus
350 2054 455 2116 aliena
478 2062 536 2116 est.
584 2051 763 2116 Antoninus
785 2054 871 2115 enim
892 2053 1045 2116 Liberalis
1068 2071 1138 2135 cap.
1159 2055 1198 2115 lh
1220 2047 1271 2118 καί

82 2254 193 2346 ἐξέφερε
213 2253 349 2347 καρπόν,
378 2252 425 2324 ότι
447 2254 541 2346 μόνην
565 2261 644 2326 θεῶν
667 2258 776 2344 ἐτίμων
804 2256 855 2323 καί
878 2259 1027 2345 ἐπιμελῶς
1051 2254 1143 2346 αιἰτήν
1166 2254 1271 2346 εἰργό-

83 2365 168 2432 (aaa.
216 2363 380 2428 consimile
404 2364 560 2447 estquod
584 2367 702 2447 legitur
724 2366 756 2427 in
781 2363 928 2428 versibus
951 2365 1084 2428 Homero
1106 2364 1270 2427 attributis

84 2470 132 2548 qui
154 2467 344 2532 adseruntur
372 2469 404 2531 in
434 2469 499 2531 vita
522 2471 649 2533 Homeri
679 2469 752 2531 olim
777 2466 933 2530 Herodoto
960 2466 1120 2550 adscripta
1144 2487 1213 2549 cap.
1236 2471 1266 2548 9,

83 2564 117 2634 Oi
135 2567 219 2636 πόλιν
242 2568 381 2659 αἰπεινὴν
398 2566 520 2658 Κύμην,
544 2567 691 2658 &piniario
712 2565 837 2658 κοόρην,
861 2567 985 2650 Notata,
1010 2566 1169 2658 Σαρθήνης
1189 2565 1270 2636 πόδα

81 2673 188 2741 νείατον
212 2671 372 2764 ὑψικόμοιο
400 2672 660 2765 <cenomagnis
684 2673 871 2739 Aristoteles
900 2695 977 2739 usus
1006 2684 1056 2738 est
1078 2677 1110 2737 in
1135 2676 1269 2756 epistula

81 2777 116 2840 ad
137 2779 373 2861 Alexandrum,
403 2781 489 2863 apud
512 2781 707 2844 Demetrium
737 2779 778 2843 de
807 2781 885 2843 aloc.
911 2779 993 2860 933,
1023 2779 1111 2841 ulei
1134 2797 1269 2860 persua-

82 2881 165 2946 deret
192 2903 256 2948 non
291 2887 413 2948 minora
447 2884 603 2948 beneficia
636 2885 745 2966 parvis
777 2881 960 2946 civitatibus
993 2900 1063 2944 esse
1097 2880 1269 2945 tribuenda

81 3005 167 3066 quam
184 2989 318 3070 magniS,
344 2987 373 3052 oi
394 2983 452 3074 γὰρ
468 2985 534 3052 θεοί
556 2986 588 3050 ἀν
608 2981 788 3073 ἀμφοτέροις
810 2981 887 3050 icor·
914 2977 979 3049 ὥστ’
1006 2978 1071 3049 ἐπεὶ
1093 2984 1125 3048 αἱ
1147 2982 1269 3072 χάριτες

80 3089 153 3170 θεοί,
177 3087 242 3158 ἶοαι
264 3087 476 3158 ἀποκείοονταί
498 3115 545 3156 σοι
565 3084 635 3177 παρ’
663 3083 871 3178 ἀμφοτέροις).

158 3196 255 3260 Aliud
283 3195 341 3260 sed
371 3197 444 3260 huic
466 3195 570 3260 adfine
600 3193 729 3257 dicendi
757 3213 859 3277 genus
881 3203 929 3257 est
951 3213 1023 3256 oum
1046 3193 1187 3258 numinis
1208 3195 1269 3257 ali-

81 3299 163 3363 cuius
184 3300 306 3364 nomini
330 3301 492 3383 epitheton
523 3297 662 3362 adicitur
690 3296 776 3379 quod
797 3295 838 3360 ad
868 3317 935 3360 rem
965 3297 1170 3360 inanimatam
1193 3316 1269 3378 pcr-

81 3403 154 3467 tinet
175 3407 268 3470 cuius
290 3405 436 3486 cogitatio
466 3423 538 3467 cum
562 3402 702 3466 numinis
724 3402 853 3464 notione
884 3401 1097 3480 coniungitur.
1144 3402 1268 3464 Solonis

81 3505 107 3567 hi
123 3518 196 3572 sunt
213 3508 365 3572 versiculi
391 3508 422 3570 in
438 3508 566 3588 Bergkii
589 3504 697 3588 lyricis
710 3505 724 3548 ²
735 3527 767 3587 p.
785 3505 860 3584 350,
886 3501 1117 3590 Σομμαρτνροίη
1133 3498 1211 3568 ταῦτ’
1230 3497 1268 3568 ἀν

80 3607 107 3672 ia
129 3609 196 3698 δίκῃ
218 3609 332 3699 χρόνου
360 3611 400 3693 (lv
424 3609 516 3696 Δίκης
539 3604 639 3695 θρόνῳ
662 3609 834 3690 Bergkius,
866 3609 919 3672 alii
947 3608 1050 3692 alitor)
1080 3601 1190 3693 Μήτηρ
1214 3631 1268 3692 με·

78 3711 154 3800 ρίατῳ
178 3710 331 3800 δαιμόνων
349 3709 517 3800 Ὀλυμπίων
533 3704 655 3799 Ἄριστα
678 3708 722 3797 Γῆ
745 3706 892 3796 μέλαινα,
916 3714 969 3798 τῆς
991 3706 1053 3796 ἀγοί
1074 3733 1146 3776 ποτε
1158 3701 1268 3796 Ὅρους

80 3809 190 3884 ἀνεῖλον
218 3820 361 3907 πολλαχῆ
385 3811 566 3905 πεπηγότας.
614 3817 749 3879 similam
779 3817 913 3897 liguram
942 3815 1075 3898 praebet
1104 3815 1267 3878 oraculum

81 3921 107 3981 in
129 3923 255 3986 scholiis
277 3923 318 3986 ad
341 3920 505 4007 Euripidis
528 3923 644 3984 Pboen.
669 3939 699 3981 v.
719 3921 780 3982 638
804 3919 1016 4002 adscriptum,
1042 3913 1105 3983 Καί
1125 3913 1192 3984 τότε
1213 3913 1267 4004 τὴν

79 4021 126 4104 μὲν
148 4023 251 4092 ἔπειτα
274 4019 482 4112 ριελαμφόλλῳ
503 4021 601 4089 Χθονί
624 4018 720 4110 pilata
736 4017 849 4110 Ἁγνῶς
870 4019 923 4088 καί
944 4023 1107 4110 καθαρῶς,
1139 4019 1215 4108 Γαίῳ
1239 4017 1264 4085 θ’

78 4119 142 4192 όταν
174 4125 239 4216 ίερά
269 4123 374 4216 ρίξῳς,
401 4120 510 4216 Ὀχθῳ
542 4123 584 4194 ἐπ’
623 4121 779 4214 ἀκροτάτῳ
812 4123 920 4198 κτίζειν
953 4121 1040 4190 πόλιν
1071 4121 1264 4213 εάρυάγυιαν.

79 4235 265 4298 eontrarium
295 4234 412 4314 forma,
445 4252 479 4296 re
509 4243 615 4297 autam
644 4233 774 4295 minime
805 4232 915 4314 dispar
945 4231 1065 4312 figurae
1095 4249 1196 4311 genus
1219 4240 1268 4292 est

80 4353 136 4416 quo
157 4337 197 4400 ad
220 4337 273 4402 dei
296 4357 411 4401 nomen
435 4356 493 4419 pro
517 4357 551 4400 re
575 4335 695 4400 dictum
719 4336 881 4418 epitheton
905 4333 966 4397 dec
992 4353 1055 4396 non
1079 4335 1126 4396 rei
1149 4353 1267 4396 conve-

80 4441 165 4502 niens
180 4441 320 4523 additur,
346 4439 614 4524 quemadmodum
630 4441 749 4504 Statius
773 4440 805 4500 in
828 4440 875 4501 eis
890 4457 971 4520 quos
985 4457 1081 4519 supra
1104 4438 1268 4502 attulimus

79 4545 220 4608 versibus
242 4547 399 4627 cornigeri
423 4565 538 4606 nomen
562 4565 634 4608 cum
657 4544 785 4607 liuentis
811 4545 914 4604 amnis
937 4543 1065 4604 notione
1088 4543 1263 4604 coniunxit.
