3268 5108
262 365 360 427 Sanun
383 380 599 426 rnrrsnstmrrs
622 380 811 426 nrrrrmmaa
834 364 1010 427 Fetornuae
1033 363 1212 426 Gunanuan.
1281 349 1330 420 25

136 555 248 632 stituit,
280 561 392 634 estque
422 553 473 614 bic
497 571 669 634 generosus
699 551 822 615 scholae
852 563 977 616 nostrae
1004 563 1103 616 ortus.
1150 573 1167 614 a
1191 573 1254 635 quo
1276 573 1328 615 sa-

136 656 334 737 pientissimo
361 657 516 738 praeclari
547 657 641 736 Regis
669 656 798 718 oonsilio
833 655 1032 737 feliciterque
1063 657 1205 719 instituto
1233 677 1329 738 opere

135 761 161 820 si
184 761 371 841 cogitatione
395 779 452 823 nos
476 760 690 822 convertimus
719 759 760 822 ad
783 759 935 825 Gallicum
960 761 1048 825 illum
1072 761 1206 841 bostem,
1237 759 1330 822 vide-

135 883 205 926 mus
228 883 301 926 eum
332 862 435 944 quoad
466 861 637 944 superbam
669 862 914 926 dominationem
946 865 1123 946 protulerat
1151 864 1329 926 coercuisse

133 965 279 1028 liberalia
301 965 464 1030 doctrinae
495 965 600 1030 studia
625 977 656 1028 et
685 977 720 1030 ut
742 965 803 1028 sibi
828 969 987 1031 servirent
1010 969 1166 1050 coegisse,
1197 967 1331 1028 Germa-

133 1071 223 1132 nicas
244 1080 350 1134 autem
379 1070 556 1133 litterarum
585 1071 812 1133 universitates
841 1072 873 1132 in
903 1090 1016 1153 magno
1045 1070 1131 1153 apud
1158 1091 1231 1133 eum
1259 1070 1330 1133 odio

133 1173 245 1252 luisse,
272 1174 393 1255 quippe
416 1175 471 1256 qui
494 1172 653 1236 libertatis
674 1193 825 1255 amorem,
851 1193 913 1255 que
936 1175 1016 1237 nihil
1040 1176 1067 1239 ei
1091 1175 1192 1255 magis
1213 1175 1331 1236 timen-

133 1277 210 1340 dum
242 1287 327 1358 erat,
365 1279 398 1339 in
434 1279 480 1339 eis
513 1278 630 1340 nutriri
665 1277 809 1340 sentiret.
863 1297 924 1341 nec
957 1275 1069 1340 lelcllit
1104 1296 1176 1339 eum
1210 1277 1327 1359 opinio.

134 1381 256 1444 etenim
280 1379 364 1461 quod
388 1382 531 1463 tyrannis
559 1383 629 1443 eius
651 1380 749 1444 lracta
778 1391 810 1444 et
832 1380 1000 1444 Germania
1029 1381 1163 1444 liberata
1190 1390 1239 1443 est
1268 1399 1330 1443 non

134 1485 267 1546 minima
284 1503 325 1546 ex
346 1493 436 1564 parte
459 1484 624 1547 litterariis
646 1483 921 1565 universitatibus,
946 1486 1113 1548 Borussiae
1133 1484 1331 1566 potissimum

134 1599 276 1668 nostrae,
309 1586 457 1650 debetur.
506 1588 539 1648 in
566 1607 629 1669 qua
657 1607 693 1649 re
722 1606 786 1650 non
815 1586 918 1650 defuit
945 1589 1051 1652 schola
1080 1598 1187 1650 nostra
1215 1585 1328 1667 officio,

132 1692 190 1756 sed
216 1711 313 1773 quam
335 1691 437 1772 potuit
458 1691 609 1772 optimam
638 1689 793 1753 conditori
823 1711 880 1754 suo
902 1692 1056 1774 persolvit
1079 1691 1224 1772 gratiam,
1255 1710 1332 1752 con-

133 1797 259 1858 firmata
283 1794 379 1858 etad
402 1794 655 1876 recuperandam
678 1794 894 1878 tuendamque
916 1795 1038 1878 patriae
1061 1795 1194 1858 salutem
1210 1793 1332 1857 directa

133 1902 291 1963 iuvenum
321 1899 450 1961 virtute.
504 1900 611 1980 itaque
645 1897 685 1961 ad
718 1919 804 1961 arma
833 1898 935 1961 vocati
971 1900 1111 1961 animose
1145 1915 1331 1979 summaque

132 2003 299 2066 alacritate
322 2002 531 2066 convolarunt
553 2000 740 2083 fortiterque
764 2000 935 2084 pugnando
957 2013 989 2065 et
1011 2001 1072 2064 sibi
1096 2000 1222 2064 laudem
1246 2019 1332 2063 com-

133 2115 334 2189 paraverunt
363 2106 523 2186 egregiam
553 2117 584 2168 et
606 2107 804 2188 praeclarum
833 2107 968 2187 posteris
998 2105 1200 2186 reliquerunt
1222 2123 1333 2167 exem-

131 2212 238 2292 plum,
270 2211 326 2290 qui
349 2218 456 2271 autem
479 2209 665 2273 ceciderunt
694 2210 726 2271 in
750 2209 833 2272 bcllo
856 2209 1038 2289 iustissimo,
1070 2228 1179 2272 eorum
1203 2210 1332 2272 honesta

134 2323 239 2377 morte
263 2313 354 2374 initia
377 2322 483 2375 nostra
506 2322 689 2376 consecrata
712 2300 808 2376 sunt.ยน
1342 2325 1373 2371 to

224 2417 343 2478 ilerum
369 2417 465 2496 igitur
487 2425 666 2479 nostrorum
689 2417 865 2495 initiorum,
889 2417 1012 2498 patriae
1034 2417 1220 2480 salutarium
1236 2425 1332 2496 atquc

133 2542 208 2584 cum
234 2520 396 2602 praeclara
421 2519 621 2600 egregiorum
644 2521 807 2584 bominum
833 2518 927 2582 laude
950 2519 1114 2601 ipsiusque
1137 2519 1247 2601 optimi
1270 2519 1333 2580 lle-
1435 2587 1441 2598 ,

132 2627 193 2708 gis,
222 2621 397 2686 conditoris
426 2624 542 2703 nostri,
578 2625 772 2705 sempiterna
802 2623 900 2705 gloria
922 2623 1179 2698 coniunctorum,
1211 2641 1333 2684 memo-

133 2731 216 2791 riam
242 2737 354 2790 exacto
376 2727 640 2809 quinquagesimo
663 2727 786 2790 scholae
816 2745 898 2789 anno
930 2728 973 2788 ita
996 2746 1052 2790 nos
1074 2744 1240 2808 speramus
1262 2744 1331 2788 esse

133 2831 359 2896 celebraturos
381 2840 417 2893 ut
439 2827 707 2892 nobilissimorum
730 2829 948 2911 exemplorum
970 2829 1234 2911 contemplatione
1257 2848 1332 2891 con-

134 2938 309 2998 firmentur
338 2943 370 2995 et
401 2933 566 3014 erigantur
594 2934 692 2996 animi
721 2934 885 3014 alteraque
916 2935 1034 2998 saeculi
1071 2952 1145 3016 pars
1172 2933 1332 3013 auspicato

134 3040 306 3102 inchoetur
330 3034 472 3100 exordio.
