3268 5108
392 425 480 488 lensi
503 443 670 488 iscoram
692 443 871 488 suerrvim
889 423 982 486 lssdl.
1137 419 1143 431 '
1236 411 1284 484 49

106 623 182 674 recte
209 614 339 696 scripsit
369 615 515 678 lacobus:
548 613 623 676 libri
647 614 845 696 trepidantia.
891 615 925 676 in
955 614 1018 677 linc
1047 633 1111 678 non
1137 633 1217 697 opus
1239 625 1287 678 est

104 727 135 778 ut
148 718 250 780 lanum
266 719 397 781 Vlitium
412 737 584 800 sequamur
606 729 639 780 ct
657 719 788 800 dumiso
801 717 978 781 scribamus
995 719 1188 800 igneumque
1205 719 1287 801 lapi-

104 819 171 882 dum
193 822 357 884 molarium
380 821 499 884 flumen
530 822 750 903 intellegamus
779 821 819 884 de
846 840 909 903 quo
932 841 963 882 v.
984 823 1044 884 t8t
1070 823 1148 884 haec
1170 821 1286 886 dicun-

102 933 163 1004 tur,
194 926 293 1008 liquor
314 926 366 988 illc
388 929 485 1009 moqis
505 925 628 1008 [mere
650 927 804 1010 mopisque
832 925 980 988 Fluminis
1002 927 1184 1008 inspeciem
1205 928 1287 989 mitis

98 1027 252 1108 procedere
283 1030 405 1092 taudem
432 1031 543 1112 Incipit
572 1037 600 1092 et
624 1031 733 1112 prauis
762 1029 888 1092 demittit
916 1027 1045 1092 callibus
1073 1029 1185 1093 uades.
1244 1031 1287 1092 ita

102 1133 178 1193 enim
200 1133 280 1194 baec
302 1133 473 1196 scribenda
495 1142 587 1196 sunt:
617 1135 731 1216 prauis
754 1131 1026 1213 Cantabrigiensis
1047 1131 1161 1214 habet,
1188 1134 1286 1196 ceteri

99 1237 267 1315 cunevet
288 1239 420 1318 primus,
445 1247 512 1299 tum
528 1255 639 1300 omnes
660 1235 804 1312 collibus‚·
829 1255 941 1299 verum
959 1255 1095 1300 contrave
1112 1237 1286 1300 rectissime

99 1341 216 1420 scripsit
233 1341 385 1420 Scaliger,
412 1360 517 1403 ruanis
533 1339 731 1403 Schraderus
753 1350 785 1402 et
800 1338 1102 1422 Wassenberghius.
1141 1340 1200 1403 sed
1223 1359 1286 1403 non

99 1440 300 1524 adsequimur
322 1462 380 1506 cur
398 1443 533 1526 fulmina
555 1442 736 1526 respuenda
759 1445 839 1524 sint,
869 1461 952 1524 quae
975 1443 1202 1508 confirmantur
1223 1447 1287 1506 Lu-

98 1547 182 1607 cretii
204 1545 354 1610 versibus
376 1566 385 1609 ι
409 1545 472 1611 722
488 1567 530 1610 ss.
571 1550 628 1610 Hic
649 1555 693 1610 est
715 1555 806 1610 vasta
830 1545 1008 1628 Charybdis,
1034 1555 1063 1610 et
1083 1547 1131 1610 bic
1153 1545 1287 1610 Aetnaea

97 1649 249 1712 amantur
271 1653 437 1714 Murmura
449 1651 647 1732 flammarum
668 1669 797 1714 rursum
819 1668 852 1713 se
873 1650 1012 1733 colliqcre
1032 1652 1110 1728 iras,
1138 1650 1286 1714 Faucibus

99 1760 212 1834 artoptas
235 1755 346 1816 iterum
360 1756 409 1817 ais
431 1762 466 1817 ut
480 1763 581 1818 vomat
602 1757 681 1838 ipris
703 1750 752 1816 oid
773 1755 947 1835 caelumque
966 1753 1052 1836 ferat
1069 1753 1210 1836 flammai
1219 1753 1287 1836 sul-

96 1875 168 1936 qura
188 1875 331 1920 norsum.
371 1859 536 1920 Petronius
558 1861 591 1920 in
614 1857 699 1919 bello
722 1857 807 1920 civili
830 1875 862 1918 ν.
883 1858 944 1918 436
967 1859 1086 1940 iamque
1114 1855 1212 1920 Aetna
1233 1875 1287 1920 vo·

96 1967 180 2022 ratur
208 1960 336 2044 Iqaibus
365 1962 494 2025 insolitis
522 1969 551 2024 et
578 1963 610 2024 ia
639 1960 764 2024 aethera
789 1959 926 2042 fulmina
958 1963 1057 2024 mutio.
1108 1980 1221 2024 verum
1251 1969 1287 2024 ut

96 2064 185 2126 cratia
207 2064 342 2146 pulchra
367 2074 397 2127 et
420 2067 575 2128 concinna
597 2065 651 2128 liat
673 2063 881 2128 scribendum
904 2074 952 2128 est
968 2061 1173 2148 Ardentesque
1195 2065 1287 2128 simul

97 2184 222 2229 ritune
246 2187 278 2230 sn
309 2187 346 2231 ac
370 2167 505 2250 fulmina
532 2177 690 2251 rumpuat.
735 2168 792 2231 sed
820 2177 855 2230 ut
878 2168 930 2230 hio
955 2167 1090 2250 fulmina
1112 2178 1198 2232 recte
1222 2168 1285 2230 dici

96 2269 329 2352 contendimus,
355 2273 396 2334 ita
420 2273 472 2333 illc
495 2273 572 2352 loco,
597 2291 694 2354 quem
718 2272 810 2335 mado
832 2272 1076 2354 adscripsimus,
1101 2272 1157 2336 ubi
1180 2273 1285 2354 lique-

96 2371 160 2434 lccti
182 2374 300 2457 lapidis
323 2376 450 2438 molaris
478 2376 598 2438 llumen
622 2375 724 2440 undas
751 2379 861 2459 pronis
884 2375 1018 2439 callibus
1039 2374 1210 2438 demittere
1234 2376 1285 2439 di-

95 2477 184 2557 citur,
217 2480 325 2559 specie
349 2497 412 2541 non
435 2478 590 2542 dissimile
613 2480 748 2542 telorum
770 2477 959 2543 vocabulum
981 2480 1068 2542 nullo
1090 2479 1182 2542 moda
1203 2481 1285 2542 tole-

97 2582 153 2640 rari
167 2599 260 2662 posse
276 2580 513 2646 adseveramus.
546 2582 698 2646 dicuntur
712 2581 758 2644 ibi
774 2581 815 2644 rle
832 2582 928 2646 undis
943 2583 1006 2645 illis
1020 2583 1118 2646 hacce
1139 2581 1180 2666 (v.
1193 2584 1281 2666 tet),

217 2685 290 2748 illae
308 2686 473 2768 paullatim
495 2685 541 2749 dis
564 2705 639 2750 seua
661 2689 694 2748 ic
716 2687 803 2749 milio
820 2693 972 2770 perquut:

217 2790 328 2870 quippe
349 2789 427 2852 citit
448 2799 581 2870 revocat,
607 2791 704 2853 curtis
725 2791 772 2852 aii
793 2789 913 2874 iquilrus
935 2789 1043 2868 obstat,

216 2894 305 2956 nulla
326 2901 405 2956 tecet
422 2893 549 2976 frustra
570 2896 674 2972 moles,
699 2893 792 2956 simul
814 2895 916 2956 omnio
934 2901 1086 2976 pupaoat,

216 3015 299 3060 nuuc
320 2997 419 3060 silvae
440 3015 592 3080 rupesque
612 3005 723 3061 occant
742 2996 816 3061 baec
838 2997 899 3060 teto
920 2997 1075 3078 solumque

217 3103 317 3183 ipsum
339 3101 459 3164 adrutat
479 3119 549 3183 opes
569 3099 735 3182 facilesque
757 3099 816 3163 sibi
836 3099 937 3162 induit
958 3101 1069 3162 amnis.

92 3204 191 3265 amnia
214 3205 266 3265 hic
288 3203 448 3266 mirabilia
470 3215 565 3286 atque
587 3204 705 3267 absone
727 3214 820 3284 sunt,
846 3204 927 3267 curti
951 3205 1059 3283 ignes,
1084 3221 1192 3285 pugna
1214 3223 1283 3266 orn-

91 3307 187 3386 nium,
213 3327 283 3370 cum
307 3317 412 3370 tamcn
437 3308 518 3370 nihil
539 3307 662 3370 llumini
686 3308 779 3388 igneo
802 3316 972 3388 repugnet,
997 3307 1095 3368 silvae
1119 3325 1281 3390 rupesque

92 3407 206 3472 [lumen
229 3409 308 3473 illud
330 3394 491 3492 vocantes,
519 3412 655 3474 telorum
677 3410 866 3474 vocabulum
890 3411 941 3473 hic
963 3409 1095 3491 quidem
1118 3413 1282 3492 ineptissi-

92 3531 191 3592 mum,
224 3515 399 3578 solitarium
421 3534 520 3593 uuae,
553 3516 604 3578 cui
630 3515 766 3577 alterurn
789 3533 853 3577 non
877 3513 1059 3595 respondet.
1105 3513 1163 3576 scd
1185 3515 1282 3576 silvae

91 3625 197 3680 vocam
225 3618 327 3681 lacobi
363 3637 425 3680 non
460 3618 538 3680 ielis
571 3619 753 3681 coniectura
787 3627 852 3680 cst:
890 3616 1152 3680 Helmstadiensis
1185 3618 1282 3681 silvae

90 3728 170 3782 uotct
192 3721 302 3802 babet,
328 3721 571 3803 lichdigeranus
593 3723 691 3784 silvae
712 3730 834 3799 natant,
859 3723 991 3803 propius
1013 3740 1090 3784 vero
1113 3720 1281 3784 Cantabri-

92 3823 207 3896 ,siensis
223 3836 254 3888 et
277 3828 414 3907 inpressi
438 3826 536 3888 silvas
551 3833 648 3888 vocat.
688 3836 756 3888 tum
778 3843 912 3888 ematur
934 3811 1072 3907 inpressi
1089 3826 1277 3887 rectissime.

91 3943 170 3988 rosv!
203 3927 342 3992 Clericus
371 3930 514 3991 invenit:
552 3929 626 3990 libri
658 3928 930 4010 cantabrigiensis
954 3927 1279 4009 llelmstedicnsisque

91 4039 120 4092 ct
142 4033 278 4112 inpressi
301 4035 386 4115 ipsa,
412 4032 654 4113 llehdigeranus
677 4035 788 4114 ipsam.
834 4031 977 4113 denique
1000 4050 1088 4094 orsis
1112 4030 1280 4100 Cantabri-

92 4134 225 4215 ssieosis,
249 4135 335 4218 quod
357 4135 494 4199 verbum
517 4135 660 4200 Clericus
682 4138 804 4218 requiri
828 4134 927 4198 vidit:
953 4137 1052 4198 ceteri
1077 4134 1150 4196 libri
1174 4138 1276 4198 acab.

91 4241 191 4300 omnia
214 4241 253 4302 ita
277 4239 501 4319 emendamus,
536 4241 652 4322 Quippe
678 4241 755 4302 nibil
784 4248 908 4302 reuocat
932 4259 1055 4319 crssvs,
1086 4241 1132 4302 nil
1159 4239 1279 4324 iqnibus

91 4339 194 4418 obstat,
219 4344 311 4406 Nullo
333 4352 411 4408 tenet
429 4341 555 4426 frustra
576 4344 679 4421 moles,
704 4344 797 4405 simul
818 4345 920 4404 omnia
940 4349 1095 4426 purqcat:
1120 4345 1208 4405 Nunc
1223 4345 1279 4405 sil-

91 4463 144 4506 cos
171 4465 319 4528 rupesque
347 4465 480 4524 consur,
519 4467 594 4509 nvnc
624 4465 716 4508 russi
746 4448 901 4526 solumque
929 4449 1034 4530 Ipsum
1063 4445 1183 4508 adiutat
1208 4465 1278 4528 opes

88 4547 247 4630 facilesque
268 4551 327 4612 sibi
348 4552 446 4613 induit
467 4553 577 4612 amuis.

141 4665 255 4718 ltsuptti
269 4667 379 4720 optimus
396 4668 425 4711 Π,
1053 4669 1070 4720 4
