3204 5104
138 1187 308 1286 INDEX
339 1187 660 1286 inculcavit
691 1186 1060 1286 HlBllRerRVM
1096 1195 1222 1286 1868.

94 1437 210 1552 Vnum
233 1507 362 1552 versum
376 1489 535 1550 Theocriti
558 1488 600 1550 ita
616 1489 761 1553 volumus
783 1500 979 1570 pertractare
1001 1499 1037 1552 ut
1060 1508 1099 1550 ex
1122 1487 1272 1550 uberiore

93 1609 191 1653 rerum
212 1611 275 1654 non
299 1590 557 1654 difficillimarum
584 1610 691 1672 neque
718 1603 753 1655 ut
782 1591 923 1656 edoctis
946 1590 1129 1654 hominibus
1151 1589 1273 1654 diiudi-

93 1705 193 1756 centur
215 1713 366 1776 maguum
387 1695 669 1774 argumentationis
690 1695 877 1776 adparatum
904 1695 1137 1776 requirentium
1160 1692 1273 1774 dispu-

93 1797 200 1858 tatione
226 1796 268 1858 ad
297 1797 430 1860 iuvenes
459 1795 603 1860 discendi
633 1797 765 1878 cupidos
795 1797 916 1860 tructus
944 1799 1060 1879 aliquis
1083 1796 1273 1860 eruditionis

92 1896 253 1961 redundet.
300 1899 451 1962 videmur
472 1899 557 1960 euim
579 1899 673 1962 nobis
695 1900 753 1962 hoc
767 1899 931 1964 scribendi
946 1900 1047 1963 officio
1070 1911 1139 1964 tum
1160 1900 1273 1963 rectis-

92 2000 163 2062 sime
185 2000 274 2082 iungi
297 2021 369 2065 cum
392 2003 551 2083 prooemia
574 2001 694 2084 quibus
715 2001 755 2066 ad
778 2004 900 2066 scholas
922 2005 1096 2085 diligenter
1118 2002 1272 2083 trequen-

90 2101 194 2166 tandas
223 2106 394 2167 invitamus
422 2103 596 2167 earundem
631 2106 808 2168 scholarum
837 2105 996 2188 quandam
1027 2107 1118 2188 quasi
1148 2115 1272 2187 partem

91 2203 214 2270 iacimus
236 2219 269 2270 et
292 2207 325 2269 in
347 2226 411 2270 uno
433 2208 612 2271 litterarum
634 2227 769 2290 genere,
795 2210 945 2290 quoniam
968 2210 1065 2274 multa
1088 2228 1125 2270 ac
1145 2207 1274 2270 diversa

89 2309 236 2390 conplecti
259 2329 322 2372 non
344 2329 528 2391 possumuS,
554 2311 727 2392 discipulos
749 2314 913 2393 pergimus
935 2314 1116 2376 instituere.

169 2411 441 2477 Adoniazusarum
475 2433 571 2478 versu
605 2413 645 2476 77
679 2416 832 2478 Praxiuoa
866 2426 1032 2496 postquam
1066 2435 1138 2478 cum
1172 2415 1273 2494 Gorgo

89 2511 273 2598 duabusque
289 2517 413 2580 ancillis
428 2528 582 2599 perrupta
598 2517 729 2580 tandem
744 2517 839 2581 turba
854 2521 888 2581 in
903 2521 1007 2582 aulam
1031 2520 1150 2598 regiam
1173 2537 1274 2598 penc-

89 2619 179 2682 travit
201 2622 280 2682 haec
302 2621 466 2700 exclamat,

211 2717 368 2786 κάλλιστ’·
397 2720 509 2787 “dubet
528 2725 648 2788 πᾶσαι”
671 2717 687 2788 ‘o
709 2719 763 2788 τὰν
785 2719 854 2788 νυὸν
877 2718 938 2788 εἶπ’
964 2718 1144 2809 &sceldice

88 2823 190 2905 itaque
219 2826 389 2908 proverbio
418 2828 521 2890 utitur
549 2826 634 2908 quod
663 2845 733 2890 eem
762 2827 859 2891 hebet
891 2828 1023 2890 iormam
1055 2845 1150 2909 quem
1180 2826 1274 2891 hodie

88 2928 254 2991 multorum
276 2948 348 2993 esse
363 2930 510 2994 novimus
525 2929 708 3012 adagiorum
727 2930 949 3012 dictorumque
964 2931 1168 3010 iocularium,
1193 2930 1274 2992 Ger·

87 3032 278 3096 menioomm
294 3034 431 3096 maxime
446 3043 479 3096 et
493 3031 712 3114 Anglioomm:
739 3035 862 3116 proiert
883 3034 1003 3098 dietum
1025 3034 1179 3115 additque
1202 3034 1275 3114 quis

87 3133 126 3193 ita
153 3134 283 3200 dixerit.
331 3155 402 3199 eam
430 3137 563 3198 sormam
586 3137 704 3200 Graece
726 3139 900 3218 Latineque
931 3137 1102 3220 proverbia
1132 3139 1165 3198 in
1188 3146 1274 3200 tanta

86 3253 192 3300 eorum
217 3257 298 3320 quae
321 3239 363 3302 ad
385 3259 442 3304 nos
464 3243 613 3323 pervenit
635 3240 841 3304 multitudine
864 3240 984 3305 habent
1006 3241 1207 3322 paucissima.

166 3343 316 3423 Legimus
339 3353 444 3406 tamen
467 3343 554 3425 apud
568 3345 693 3408 Festum
716 3364 749 3426 p.
768 3346 831 3408 282
847 3347 886 3408 ll.
915 3345 1039 3423 ‘rideo‘‚
1066 3343 1163 3424 inquit
1178 3341 1277 3406 Galba

85 3447 229 3508 materie.
271 3437 470 3526 proverbium
499 3454 558 3523 cst,
589 3447 668 3528 qnod
690 3448 818 3510 Sinnius
843 3449 947 3529 Capito
977 3449 1020 3510 ita
1042 3448 1273 3528 interpretetur,

87 3547 130 3606 ‘si
163 3545 222 3627 [ita
244 3549 432 3628 Muellerus,
465 3548 549 3612 liber
577 3550 652 3631 nisi)
687 3552 741 3630 qui
766 3554 799 3613 io
825 3551 978 3632 principio
1004 3551 1052 3612 rei
1073 3550 1204 3612 nitentia
1227 3548 1277 3610 irt-

83 3647 204 3713 edoctae
226 3651 367 3732 deficiunt
388 3654 500 3714 naimo.
541 3652 696 3734 Sulpicius
713 3653 811 3716 Galba
833 3672 901 3716 cnm
916 3655 949 3715 io
961 3653 1153 3734 provinciam
1169 3653 1277 3714 exiens

84 3751 122 3812 ud
140 3761 266 3834 portam
288 3755 388 3835 ipsam
410 3755 579 3818 canterium
600 3773 690 3818 suum
708 3755 976 3820 animadvertisset
990 3755 1142 3831 cecidisse,
1171 3753 1274 3814 ‘rideo'

83 3854 196 3936 inquit,
226 3858 390 3933 ‘wabrie
415 3864 442 3919 te
470 3855 562 3937 (liber
585 3855 759 3938 conteritas)
787 3859 849 3920 iam
872 3858 988 3921 lassum
1011 3876 1092 3934 csse,
1124 3875 1192 3920 cum
1214 3864 1277 3918 tom

83 3957 203 4042 longum
234 3962 292 4022 iter
322 3960 422 4022 iturus
451 3961 509 4023 vioe
538 3959 570 4022 id
597 3963 642 4024 sis
663 3961 855 4043 inpressos.”
905 3960 1102 4042 provinciam
1124 3961 1158 4021 iu
1181 3976 1277 4040 quam

82 4060 176 4124 Galba
208 4061 469 4144 proficiscebatur
499 4073 645 4144 putamus
667 4061 816 4125 Achaiam
840 4063 949 4126 luisse.
997 4064 1116 4124 etenim
1139 4061 1279 4124 isidorus

81 4161 166 4247 Orig.
186 4184 197 4227 r
214 4165 256 4227 35
273 4165 291 4226 3
317 4165 458 4247 indeque
475 4166 615 4228 lulianus
630 4166 798 4229 Toletenus
821 4167 854 4228 iu
869 4164 946 4228 Arte
967 4166 1169 4246 grammatica
1185 4184 1195 4225 r
1214 4164 1275 4224 tte

80 4277 241 4350 tamquam
273 4269 445 4349 zeugmatis
475 4270 657 4350 exemplum
680 4269 766 4332 hunc
787 4287 916 4332 versum
946 4267 1113 4347 adferunt,
1146 4268 1277 4330 mocio

80 4369 217 4453 Sulpicio
234 4373 312 4434 sorti
333 4371 422 4447 doto,
449 4372 553 4434 Gallia
570 4373 679 4436 Cottae.
721 4391 816 4454 quem
832 4389 961 4434 versum
975 4371 1161 4434 Franciscus
1175 4369 1278 4432 Dousa

80 4473 293 4552 probabiliter
322 4475 439 4537 Lucilio
470 4474 597 4539 tribuit:
631 4493 711 4538 nam*
733 4475 827 4538 simul
858 4493 928 4538 cum
957 4493 993 4538 eo
1017 4472 1156 4536 lsidorus
1178 4471 1275 4534 alium
