3240 5094
423 379 512 444 lsusx
535 399 700 446 aramenus
723 401 901 446 ausuum
926 384 1019 448 tull.
1241 371 1315 445 493

214 572 413 653 Peragrapho
444 571 483 634 ll
506 571 649 634 Valesius
678 570 768 634 dedit
797 573 850 636 scd
875 574 970 656 poulo
995 583 1102 656 posteo
1122 596 1184 638 uno
1206 595 1248 639 eac
1269 577 1316 640 bis

128 675 344 754 Gundomado,
367 669 431 756 'qui
448 677 548 756 potior
569 683 637 737 erat
655 675 782 757 fidaque
801 678 966 757 firmioris,
988 697 1046 760 per
1068 681 1198 744 insidias
1221 681 1317 743 inter-

127 787 225 860 empto
248 780 345 842 omnis
368 780 432 852 cius
452 779 584 860 populus
606 797 674 841 urm
696 781 810 842 nostris
832 780 964 844 hostibus
980 784 1178 865 conspirauit,
1203 789 1231 846 et
1245 803 1317 848 con-

122 881 227 964 festim
261 881 436 944 Vadomarii
459 881 562 963 plebs,
597 887 632 944 ut
659 882 836 959 adscrebut,
872 884 1043 966 opminibus
1071 885 1150 948 bella
1176 888 1317 948 cientium

123 985 332 1048 barbarorum
354 1003 419 1048 sese
434 986 605 1048 cmiunrcit.
645 995 730 1048 recte
746 1005 822 1048 saue
839 985 1020 1068 inprobavit
1035 989 1177 1052 Valesius
1193 990 1316 1052 Gelenii

124 1088 326 1166 adserebant,
359 1086 417 1152 sed
438 1087 695 1151 animadvertere
719 1088 857 1152 debebat
882 1109 945 1152 uon
969 1093 1124 1173 integram
1148 1112 1218 1155 esse
1241 1112 1317 1155 seu-

124 1193 270 1254 tentiam.
317 1203 350 1254 et
371 1209 505 1254 vacuum
529 1202 577 1254 est
598 1203 672 1254 ante
693 1199 727 1256 ut
749 1192 909 1256 adserebat
931 1196 963 1256 in
980 1193 1060 1256 libro
1075 1194 1224 1258 Fuldensi
1241 1215 1317 1258 eou-

127 1297 270 1377 plurium
293 1294 486 1377 syllabarum
510 1282 658 1376 spatium.
697 1295 883 1360 Ammianus
898 1298 1079 1360 huiusmodi
1095 1299 1174 1380 quid
1189 1300 1318 1362 videtur

126 1400 305 1480 scripsisse,
331 1406 359 1462 et
379 1398 534 1481 amosestim
555 1399 730 1462 Vadomarii
747 1399 843 1482 plebs,
869 1394 951 1486 (orso
966 1398 1181 1490 menesium),
1206 1411 1240 1465 ut
1259 1403 1317 1465 od-

124 1501 257 1578 serebat,
281 1503 453 1585 opminibus
476 1513 537 1565 etc.

214 1606 411 1686 paragrapho
427 1605 467 1668 bi
492 1606 534 1667 ita
555 1605 622 1668 iere
638 1604 844 1669 scribendum
860 1616 919 1687 est,
944 1615 973 1670 et
987 1627 1094 1671 secans
1109 1617 1196 1693 terpa
1210 1609 1318 1672 ceden-
1340 1669 1342 1672 .

123 1709 199 1770 tium
228 1709 331 1786 malm,
364 1728 432 1771 cum
454 1709 606 1771 interdum
630 1709 724 1791 flemis
746 1708 868 1772 ensibus
887 1709 1024 1792 feriendi
1043 1731 1103 1773 non
1126 1721 1318 1794 suppeterent

125 1812 347 1889 instmmenta,
381 1806 522 1898 (suerro)
545 1813 620 1894 ipsis
649 1811 793 1876 barbaris
822 1814 882 1876 reto
910 1832 1014 1876 eorum
1035 1815 1180 1878 uitalibus
1202 1817 1317 1878 inmer-

122 1913 221 1996 pebat.
270 1914 426 1978 eiusmodi
450 1917 535 1978 euim
558 1916 761 1997 participium
784 1919 883 1978 oratio
906 1918 1074 1980 manifesto
1097 1919 1244 1999 requirit.

213 2019 412 2099 Peragrepho
435 2019 474 2079 63
505 2017 712 2082 scribendum
740 2029 808 2100 est,
838 2030 874 2083 ut
896 2018 1039 2100 videtur,
1071 2040 1114 2084 em
1135 2017 1316 2084 Alamannis

124 2139 198 2182 cero
219 2139 280 2184 sesa
301 2140 424 2184 surarvs
443 2122 529 2214 milia
544 2141 705 2204 corporum
720 2131 883 2186 numeratu
898 2131 981 2186 sunt.
1020 2124 1117 2188 habet
1132 2127 1218 2187 enim
1234 2125 1317 2188 liber

122 2223 293 2286 Fuldensis
315 2225 448 2288 scoralir's·
472 2225 569 2288 milio.

212 2330 282 2390 blox
305 2329 502 2410 paragrapho
518 2328 558 2390 bb
583 2329 626 2390 ita
649 2328 829 2410 scribimur,
854 2337 883 2393 et
903 2337 938 2394 ut
959 2339 1082 2414 cuperet
1104 2339 1228 2394 avennis
1250 2333 1317 2394 lae-

122 2435 240 2508 titiam,
273 2432 396 2494 concilio
425 2451 498 2494 euru
528 2451 689 2494 serarium
721 2431 972 2496 Gbnodomarium
1001 2433 1061 2497 sibi
1082 2436 1170 2498 tussit
1194 2436 1313 2517 offerri.

123 2534 259 2617 praebet
281 2536 367 2597 enim
389 2534 557 2598 Fuldensis
579 2535 662 2598 liber
683 2537 808 2598 concilr'o
832 2583 983 2600 ......
1008 2540 1207 2619 muspeciore.

129 2701 130 2706 ,
211 2637 305 2700 Libro
320 2657 380 2700 xru
396 2640 414 2700 l
432 2640 467 2701 at
496 2629 781 2711 scribimus‘hllioc
796 2634 866 2712 θεὸς
882 2639 987 2725 μέγας,
1012 2637 1156 2724 δεσπότης
1171 2634 1312 2727 οὐρανοῦ,

123 2735 302 2827 δεδώρημαί
317 2764 364 2804 αοι
381 2739 446 2827 βίον
458 2736 754 2805 ΑΠΡΟΣΚΟΠΟΝ.
787 2743 904 2824 legitur
918 2743 1004 2825 apud
1016 2744 1183 2807 Gelonium
1195 2739 1315 2830 baphe-

121 2866 213 2930 uopou
236 2843 322 2925 quod
344 2845 436 2908 nihili
459 2856 518 2908 est.
564 2855 716 2927 occupata
739 2856 787 2908 est
810 2846 990 2910 emendatio
1013 2848 1045 2908 in
1066 2847 1227 2911 Thesauro
1242 2849 1316 2910 Ste-

125 2949 225 3030 phani
248 2958 272 3012 t.
298 2949 350 3012 12
374 2968 406 3030 p.
434 2950 528 3012 lhhl.

213 3051 287 3133 Cap.
315 3053 390 3114 lbi
413 3051 583 3114 scribimus
604 3059 639 3115 ut
660 3053 692 3114 in
712 3054 855 3136 Tapeticis
878 3052 965 3116 libris
980 3055 1091 3138 epar
1105 3073 1159 3116 vsa
1175 3057 1315 3118 Bseorms

119 3155 252 3238 fulmine
274 3173 348 3216 moa·
370 3155 535 3239 taupendas
557 3155 632 3218 adeo
652 3154 788 3219 hebetari
808 3163 843 3219 ut
862 3175 917 3219 nec
938 3159 1084 3220 tanibum
1105 3176 1160 3220 nec
1180 3158 1312 3220 maiores

121 3259 241 3341 alipius
261 3260 379 3340 possint
400 3259 510 3322 audire
527 3247 692 3342 scaporum*
738 3269 786 3322 est
809 3261 894 3322 enim
911 3263 944 3322 in
961 3259 1043 3323 libro
1058 3261 1206 3324 Fuldensi
1221 3281 1337 3344 usqe-e

121 3363 212 3426 uicis.
260 3363 335 3426 hinc
357 3363 516 3426 Prellerus
537 3363 663 3444 llythol.
689 3363 776 3424 Rom.
801 3385 834 3444 p.
853 3364 915 3426 aab
944 3365 1084 3448 Vepoiicis
1106 3363 1311 3427 scribendum

124 3485 195 3528 esse
226 3466 371 3527 coniecit.
417 3485 475 3528 uos
503 3466 552 3530 oet
579 3464 764 3528 addendum
794 3485 864 3530 esse
886 3467 1069 3530 censuimus
1091 3477 1124 3530 et
1145 3467 1313 3530 maluimus

124 3571 260 3652 Bepoicis
282 3567 424 3630 scribere
447 3588 543 3650 quam
566 3569 813 3634 Gromaticarum
841 3569 883 3651 (p.
909 3571 972 3633 3l8
996 3581 1027 3634 et
1049 3571 1122 3654 350)
1150 3571 1314 3652 exemplar

123 3675 227 3753 sequi.
267 3673 399 3736 Servius
422 3673 454 3734 iu
470 3671 550 3734 hen.
568 3691 597 3733 u
614 3672 654 3736 72
677 3673 731 3754 qui
751 3672 824 3736 libri
848 3672 1016 3756 (Sibyllini)
1044 3676 1075 3736 in
1097 3675 1205 3756 templo
1220 3672 1313 3756 Apol·
1376 3701 1381 3710 ·

123 3777 197 3839 linis
225 3775 448 3854 sanabantur,
480 3794 535 3838 nec
564 3778 625 3858 ipsi
653 3783 786 3854 tautum,
818 3778 872 3841 sed
893 3785 919 3840 et
942 3779 1130 3841 Marciorum
1153 3787 1180 3841 et
1201 3781 1313 3862 Bepoes

129 3879 250 3964 (Bppois
272 3879 364 3962 Dan.)
390 3878 555 3961 nymphae,
581 3897 658 3961 puae
680 3887 777 3942 ortem
801 3883 969 3961 scripserat
987 3881 1209 3963 sulpuritorum
1234 3881 1313 3964 (sul-

120 3983 333 4066 puritorumi)
358 3982 442 4064 apud
467 3984 587 4046 Tuscos.

211 4087 407 4167 Peragrapho
423 4087 442 4145 5
458 4086 576 4166 legitur
597 4085 676 4168 quod
697 4087 741 4148 iia
762 4093 842 4148 recte
855 4086 1034 4168 dispositum
1049 4095 1093 4150 est
1108 4089 1332 4170 impraepedite

122 4189 309 4271 conpletum,
336 4190 467 4252 Hortari
486 4191 604 4252 nomine
622 4189 770 4272 petendus
792 4197 861 4251 erat
883 4191 963 4272 repis
986 4191 1114 4253 saltemus
1126 4210 1227 4274 papus
1250 4202 1310 4253 etc.

123 4295 191 4355 hiat
213 4293 311 4354 oratio
334 4311 441 4373 neque
463 4292 630 4375 conpletum
653 4291 748 4354 habet
771 4291 854 4356 liber
875 4292 1059 4372 liuldausis,
1085 4294 1143 4356 secl
1166 4295 1308 4377 conpleta.

123 4399 232 4476 itaque
254 4393 459 4458 scribendum
483 4405 530 4456 est
554 4415 613 4468 oro
637 4397 680 4458 itu
701 4403 782 4459 recte
804 4415 955 4461 orsrostro
970 4416 1004 4458 ur
1019 4398 1226 4479 impraepedite
1240 4417 1312 4460 coa-

121 4499 201 4582 pleta
226 4499 353 4560 llortari
373 4508 433 4560 etc.
