3186 5108
387 393 476 454 lnnrx
499 411 666 456 eserinam
688 413 866 456 ιεετινιιιι
886 394 979 456 4859.
1209 381 1280 454 149

106 579 131 642 id
150 580 224 642 libre
247 581 300 644 ille
328 599 392 644 nen
416 583 522 645 minus
550 583 755 646 confirmatur
783 602 878 664 qnam
907 585 1086 648 sententiae
1117 587 1239 648 ratione
1262 605 1280 646 a

104 685 245 765 Scaligere
279 686 391 767 pnlere
425 695 604 768 perspecta.
660 687 718 749 hee
748 687 834 748 enim
862 686 991 766 dicitur,
1033 688 1140 770 ‘saepe
1169 707 1282 752 narras

103 789 205 852 Deliam
227 787 420 852 advenisse.’
466 791 599 871 quintus
621 809 733 852 versus
762 790 794 852 in
817 789 943 853 Aldinis
971 791 1208 873 exemplaribus
1237 793 1280 854 ita

102 893 224 973 scriptus
246 901 311 972 est,
349 893 468 955 Venae
489 901 544 956 aet
565 892 635 970 tibi,
668 891 722 956 sed
749 895 811 956 iem
833 894 907 956 milti
927 895 1054 958 nunties
1078 896 1142 972 iste,
1173 894 1282 958 addite

102 995 128 1054 in
148 997 285 1076 margine
308 997 471 1058 asterisco.
518 1006 627 1078 postea
649 1005 685 1059 ut
706 998 834 1060 numeri
856 997 962 1080 alique
983 996 1075 1061 mede
1090 999 1282 1079 conpleren-

102 1107 144 1159 lnr
163 1098 224 1160 iem
245 1087 448 1180 geminatnm¹
471 1109 520 1162 εει
549 1098 732 1181 frustraque
752 1099 907 1182 deinceps
930 1101 1074 1163 hemines
1096 1099 1178 1164 decli
1202 1116 1304 1183 poe-t

101 1203 325 1266 lacerationem
344 1204 525 1284 reciperare
540 1202 745 1267 studuerunt.
774 1203 860 1285 qued
879 1223 937 1266 nes
952 1203 1101 1267 dedimus
1118 1214 1280 1287 sumptum

100 1313 198 1368 estex
220 1304 302 1369 libre
325 1306 378 1369 ille
401 1317 508 1370 nostre
530 1327 636 1390 neque
659 1308 738 1388 qnin
753 1326 867 1371 verum
889 1309 931 1370 sit
953 1307 1083 1370 videtnr
1105 1328 1195 1390 pesse
1219 1308 1281 1372 dn-

101 1406 194 1471 bitari.
242 1409 383 1492 denique
406 1411 439 1472 in
464 1411 526 1473 line
546 1411 782 1492 epigrammatis
804 1411 876 1493 qemi
895 1412 1093 1494 scripsimus,
1119 1422 1152 1474 et
1174 1411 1281 1475 dative

14 1529 15 1534 ¹
98 1529 166 1592 epus
193 1531 263 1576 esse
293 1513 435 1595 lleynins
473 1515 691 1578 intellexerat:
731 1514 899 1594 legebatur
928 1533 1019 1597 qnae,
1059 1514 1280 1580 liberantem

99 1616 301 1680 Bruxeliensis
322 1619 377 1700 qui
397 1617 494 1680 habet
522 1628 554 1682 et
576 1629 649 1681 ante
672 1619 852 1700 proximum
875 1618 1011 1681 verbnm
1035 1637 1197 1681 erasarum
1220 1619 1281 1682 ali-

98 1729 164 1798 quot
192 1721 370 1783 litterarum
393 1723 542 1803 spatium.
589 1740 653 1785 nen
681 1723 847 1803 paruimus
876 1732 981 1785 antem
1004 1722 1165 1803 Scaligere
1192 1721 1281 1786 dieite

98 1823 124 1883 in
139 1822 223 1886 dicite
247 1823 434 1887 mutandum
451 1845 521 1888 esse
537 1826 749 1888 existimanti:
776 1845 848 1887 nam
864 1845 971 1907 neque
987 1825 1174 1908 dactylicum
1191 1826 1280 1890 dieite

98 1927 124 1986 in
145 1926 200 1988 hec
221 1946 350 1990 carmen
379 1937 447 1991 tute
470 1927 648 1992 admittitur
676 1947 783 2011 neque
813 1931 883 1992 iure
906 1929 1049 1992 effendas
1078 1929 1110 1990 in
1134 1948 1171 1992 ee
1193 1929 1279 2010 qnod

97 2039 177 2108 meta
198 2049 261 2092 non
285 2031 345 2094 iam
370 2051 470 2094 nnnm
492 2033 627 2095 Tuccam
656 2031 714 2096 sed
736 2032 863 2096 dilatata
888 2033 1028 2096 eratione
1051 2032 1146 2096 simul
1170 2034 1280 2115 plnres

96 2130 278 2214 adloquitur.
649 2137 651 2142 ’

171 2235 314 2300 Alterum
349 2239 572 2302 catalecterum
609 2241 820 2320 epigramma,
860 2240 1057 2302 intellectum
1093 2239 1225 2304 fortasse
1261 2261 1279 2303 a

96 2340 291 2421 Quintiliane,
317 2361 378 2404 nen
403 2344 610 2422 intellectum,
635 2353 671 2406 nt
693 2343 833 2422 videtur,
858 2341 899 2405 ab
921 2341 1070 2423 Ausonio,
1099 2343 1192 2407 hodie
1215 2363 1278 2406 nen

95 2451 206 2507 tanturn
227 2445 398 2510 obscurum
422 2455 469 2509 εει
491 2446 547 2510 sed
572 2447 667 2508 etiarn
689 2445 910 2527 depravatum,
936 2465 1043 2527 neque
1064 2466 1180 2528 operae
1203 2467 1279 2528 pre·

96 2547 165 2608 tium
187 2546 331 2612 lecerunt
347 2551 402 2632 qui
426 2552 459 2612 in
475 2549 641 2614 enodando
656 2551 835 2631 aenigmate
858 2549 1095 2629 laboraverunt,
1120 2552 1181 2614 nisi
1199 2549 1278 2614 torte
1339 2577 1342 2584 ·

96 2650 198 2715 melius
232 2671 326 2734 quam
357 2655 473 2716 ceteris
507 2672 559 2716 res
591 2654 744 2716 successit
772 2654 880 2715 loanni
911 2651 1079 2717 Frederieo
1108 2653 1275 2734 (irnperio,
1323 2695 1326 2700 -

95 2755 176 2818 cuius
204 2755 325 2819 dehoc
347 2757 489 2819 carmine
517 2757 778 2820 commentarium
808 2766 917 2819 extare
947 2777 989 2820 ex
1011 2758 1110 2820 Geelii
1139 2758 1278 2839 catalogo

94 2855 229 2920 ecdicum
260 2879 354 2924 mann
383 2861 574 2943 scriptorum
602 2861 804 2925 Leidensinm
828 2882 861 2942 p.
880 2861 941 2924 253
972 2859 1155 2924 didicimus.
1202 2861 1277 2924 libri

95 2960 300 3027 Bruxeliensis
322 2965 400 3027 haee
422 2974 470 3028 est
493 2965 661 3046 scriptura,

259 3067 482 3130 Clerialierum
504 3075 625 3131 amator
647 3068 703 3132 istc
724 3067 887 3130 verberum

257 3173 317 3234 Iste
339 3173 395 3234 iste
415 3171 519 3234 rhetor
540 3190 670 3254 namque
691 3178 840 3262 qumeeres
862 3177 940 3233 tetris

260 3275 476 3357 Tedicltidydcs
497 3283 649 3357 tyrannus
671 3276 765 3338 etlr'en
783 3273 882 3355 febris

260 3377 344 3440 Thau
364 3379 512 3462 pellipum
534 3387 563 3442 et
582 3381 683 3462 psinet
704 3380 782 3440 mele
805 3379 891 3442 illisit

256 3484 321 3546 lete
342 3483 445 3544 emnia
468 3483 528 3546 ista
549 3481 645 3544 verbe
666 3483 786 3546 miscuit
804 3483 913 3566 fratri.

173 3584 206 3644 ln
229 3587 321 3648 tertie
344 3585 484 3648 carmine
508 3605 578 3648 cnm
604 3587 636 3647 in
659 3586 800 3668 antiquis
823 3585 916 3649 libris
939 3586 1016 3649 haec
1038 3587 1155 3667 scripta
1178 3587 1253 3664 sint,

255 3695 345 3770 tuque
367 3707 449 3752 neec
468 3689 574 3772 petella
596 3689 667 3752 telis
690 3695 718 3750 et
740 3695 789 3750 tue

256 3800 380 3875 strepere
398 3811 512 3876 presse
533 3811 590 3856 rus
612 3791 706 3855 ebibit
727 3799 755 3855 ct
776 3793 852 3855 milti

254 3905 289 3959 ul
312 3897 362 3959 ille
385 3915 495 3960 versus
517 3913 730 3978 usqrtequeqete
748 3898 881 3977 pertinet

253 4018 348 4083 perier
370 4019 512 4083 socerque
530 3998 712 4082 perdidistis
734 4001 846 4076 emere,

95 4097 226 4180 Scaliger
251 4103 436 4184 sequendus
465 4113 529 4182 est,
562 4105 617 4184 qni
641 4109 730 4166 tuone
758 4113 789 4166 et
818 4105 847 4165 ei
867 4103 942 4166 milti
969 4103 1176 4166 scribendum
1206 4123 1276 4166 esse

96 4199 255 4268 intellexit:
291 4206 483 4270 sedendam
507 4206 686 4270 interiectio
709 4206 804 4270 etiam
826 4216 918 4269 antea
943 4206 1138 4271 restituenda
1162 4216 1221 4286 est,
1249 4225 1276 4267 er

96 4309 140 4364 trec
161 4307 286 4390 stupere
304 4328 426 4392 presse,
453 4329 517 4374 nen
540 4308 626 4391 qued
650 4309 702 4372 ille
726 4310 824 4373 veluit
847 4309 915 4372 teu.

174 4411 280 4484 Quarti
304 4415 454 4478 carminis
476 4413 669 4478 versiculum
693 4432 811 4478 nonum
835 4414 1036 4478 Burmannus
1065 4423 1115 4476 ter
1142 4413 1276 4494 repetita

97 4511 294 4580 Thalassienis
317 4518 528 4600 invocatione„
559 4536 652 4598 qnam
677 4537 716 4580 ex
740 4516 873 4580 iambico
896 4518 1025 4600 Vergilii
1050 4516 1276 4599 epigrammate
