3184 5108
309 357 381 428 238
604 372 691 434 lunas
715 391 880 434 rncrrouvu
903 389 1078 432 rrsrrmnva
1096 371 1189 432 l863.

394 562 472 624 liunt
495 563 688 642 generaliter
705 561 806 624 colore
829 560 924 641 lnlvo,
950 570 999 622 set
1022 571 1126 622 tamen
1149 559 1238 620 albos
1259 577 1330 620 oum
1354 558 1474 638 ingenti·
1572 569 1573 572 ’

392 664 453 727 bus
475 665 559 728 iubis
582 666 689 728 leones
718 674 749 727 et
780 667 811 726 in
834 666 950 726 taurini
980 666 1120 745 eorporis
1147 661 1364 743 magnitudine
1392 659 1473 722 Indus
1572 701 1573 716 ι

392 769 540 831 babuisse
563 770 674 831 lertur.
721 779 753 830 et
776 771 844 849 ipse
867 769 1063 830 vastissimae
1086 767 1135 828 leo
1158 767 1276 828 iormae
1299 765 1474 828 describitur

392 893 487 953 quem
511 873 661 935 Hercules
682 872 744 935 sub
767 891 846 952 rupe
870 873 1015 933 Nemeaei
1039 873 1153 932 montis
1175 869 1300 932 occidit.

426 979 486 1062 ¹3.
527 976 663 1038 Elelanti
691 986 797 1038 autem
828 976 900 1037 licet
930 975 991 1037 sibi
1021 976 1128 1037 leones
1156 977 1304 1049 timeant,
1342 971 1475 1034 omnibus

391 1091 495 1141 tamen
527 1080 659 1159 cognitis
685 1081 820 1142 maiores
849 1089 923 1140 sunt
950 1077 1175 1140 animantibus.
1222 1079 1277 1158 qui
1306 1087 1384 1157 aput
1405 1075 1476 1136 Gan·
1572 1109 1573 1124 .

391 1181 517 1260 garidas
540 1192 571 1244 et
594 1182 686 1245 Indos
710 1193 740 1244 ct
764 1184 847 1244 inter
866 1183 969 1244 Nilum
992 1182 1122 1244 lluvium
1147 1191 1178 1242 et
1200 1182 1380 1242 Brixontem
1403 1177 1475 1240 nasci

390 1284 612 1367 perhibentur.
666 1305 799 1366 quorum
831 1286 967 1366 Pyrrhus
1001 1286 1034 1346 in
1067 1285 1194 1346 Romam
1224 1304 1261 1345 xx
1294 1286 1413 1364 primus
1441 1280 1476 1342 ad

390 1389 542 1451 auxilium
565 1387 641 1449 belli
665 1388 810 1468 deduxit,
842 1387 927 1470 quod
956 1400 1061 1450 turres
1082 1386 1123 1448 ad
1146 1386 1229 1448 bella
1252 1407 1322 1449 cum
1347 1389 1475 1466 interpo-

301 1521 303 1524 ·
390 1494 460 1554 sitis
483 1491 707 1554 iaculatoribus
737 1501 861 1572 portant
892 1502 924 1552 et
956 1492 1063 1553 bostes
1091 1493 1206 1552 erectis
1234 1487 1477 1571 promuscidibus

390 1595 537 1658 caedunt.
585 1615 718 1675 quorum
743 1614 868 1675 quoque
891 1593 1072 1656 Alexander
1088 1593 1215 1656 Macedo
1238 1592 1476 1656 innumerabiles

389 1698 459 1760 albo
482 1701 572 1780 nigro
596 1711 627 1760 et
650 1697 827 1762 rubicundo
849 1699 1001 1778 varioque
1018 1699 1119 1759 colore
1141 1716 1176 1758 se
1200 1697 1232 1758 in
1256 1697 1344 1759 ludia
1366 1695 1474 1759 vidisse

389 1801 430 1863 ad
451 1801 649 1865 Aristotelem
672 1802 893 1883 philosophum
917 1789 1106 1882 descripsit.'

457 1907 487 1967 l.
527 1905 644 1984 Onagri
666 1906 812 1966 animalia
836 1915 920 1984 sunt,
946 1923 1008 1967 non
1031 1904 1168 1967 bestiae:
1203 1912 1250 1966 set
1273 1905 1392 1984 ingenti
1416 1904 1477 1963 ani-

388 2027 438 2070 mo
460 2019 491 2070 et
513 2027 607 2089 saepe
630 2007 710 2072 elata
739 2009 918 2071 exultantes
947 2006 1133 2070 fortitudine
1164 2027 1238 2070 saxa
1265 2007 1305 2069 de
1328 2005 1476 2068 montibus

389 2112 541 2174 evellunt.
588 2111 645 2175 sed
668 2113 729 2192 ipsi
752 2114 784 2173 in
808 2109 944 2174 desertis
967 2113 1132 2174 Persarum
1155 2131 1225 2174 esse
1247 2131 1319 2174 cum
1347 2109 1476 2171 incredi-

388 2212 508 2278 bilibus
523 2214 714 2295 quibusdam
735 2215 888 2298 prodigiis
906 2214 1001 2277 boum
1017 2214 1170 2277 habentes
1186 2234 1302 2276 cornua
1318 2224 1349 2276 et
1364 2213 1476 2294 maguis

387 2317 612 2382 describuntur
634 2318 830 2401 corporibus.

452 2423 482 2483 5.
523 2424 632 2502 Tigres
654 2433 728 2484 sunt
750 2423 836 2484 ierae
860 2422 1037 2484 horrendae
1052 2423 1259 2485 animositatis
1273 2441 1353 2502 quae
1377 2424 1408 2482 iu
1430 2421 1476 2480 ln-

387 2525 439 2587 dia
473 2533 506 2587 et
535 2537 611 2606 aput
641 2527 799 2607 Hyrcanos
827 2537 860 2587 et
887 2527 920 2588 iu
948 2524 1097 2588 Armenia
1125 2533 1310 2598 nascuntur.
1356 2535 1389 2586 et
1409 2533 1476 2586 suut

386 2627 478 2691 valde
502 2647 631 2709 rapaces
654 2639 686 2690 ct
708 2632 805 2690 mirac
828 2627 1019 2691 velocitatis:
1053 2629 1140 2692 unde
1162 2640 1194 2691 et
1215 2629 1318 2710 Tigris
1339 2627 1476 2709 Assyrio

387 2749 457 2796 rum
479 2731 595 2794 fluvius
618 2751 653 2793 eo
676 2732 762 2813 quod
784 2731 984 2812 rapidissimo
1007 2751 1101 2795 cursu
1125 2732 1164 2794 ad
1188 2734 1288 2794 instar
1311 2733 1402 2794 istius
1424 2729 1477 2791 be·

386 2837 463 2907 stiae
494 2855 511 2897 a
540 2846 646 2898 monte
674 2837 809 2898 Caucaso
837 2838 1017 2928 prorumpit
1044 2816 1093 2896 ab*
1115 2855 1151 2898 ea
1181 2854 1296 2897 nomen
1324 2836 1476 2916 accepisse

387 2939 589 3002 describitur.

387 3133 409 3180 t.
436 3130 509 3180 luluo
534 3135 575 3181 set
593 3133 696 3181 tantum
715 3129 745 3190 A,
772 3129 877 3181 lutuoso
896 3133 984 3180 tarum
1006 3131 1034 3180 a.
1128 3135 1153 3179 a.
1175 3129 1243 3180 iouis
1262 3127 1291 3179 A.
1387 3135 1410 3180 a.
1431 3129 1471 3179 ba·

300 3215 389 3266 baisse
409 3216 489 3266 lodus
508 3217 537 3268 B.
593 3217 736 3266 Ateoondrt
754 3217 863 3278 epistota
882 3229 909 3278 p.
925 3221 955 3266 aa
981 3217 1030 3266 sed
1054 3214 1163 3266 adiuero
1188 3216 1241 3266 albi
1264 3215 1363 3274 leones,
1391 3220 1475 3266 tauro-

300 3314 359 3352 rum
379 3305 483 3366 magnis
500 3303 673 3368 comparandi
690 3303 857 3367 corporibus.
895 3304 1022 3369 quicum
1046 3303 1147 3366 ingenti
1167 3315 1315 3360 murmure.
1343 3301 1476 3356 concussis

299 3386 451 3439 cervicibus
467 3389 654 3454 stantibusque
672 3389 724 3440 alte
743 3389 820 3450 iubis,
842 3391 868 3439 in
888 3389 998 3440 modum
1018 3389 1162 3440 lulminum
1182 3389 1207 3438 in
1227 3401 1276 3440 uos
1295 3391 1424 3454 impetum
1441 3386 1475 3438 la·

299 3475 382 3525 ciunt.
472 3481 495 3525 3.
517 3477 673 3527 discribitur
689 3477 719 3527 A.
809 3480 833 3527 t.
854 3477 958 3527 ercules
977 3477 1006 3527 A.
1078 3477 1160 3526 nimie
1179 3475 1209 3534 A,
1235 3477 1334 3526 nimiae
1353 3477 1383 3526 B.

299 3565 323 3610 ⁵.
345 3575 372 3610 ιιι
391 3563 429 3614 De
448 3561 563 3613 elelauto
582 3563 611 3623 A,
637 3577 655 3612 ιι
674 3562 814 3627 Elephanti
832 3563 872 3614 B?
936 3563 1042 3614 Elilauii
1063 3563 1093 3614 B.
1151 3563 1201 3613 sibi
1221 3562 1306 3615 outB.
1376 3567 1401 3613 b.
1422 3567 1475 3612 tan·

299 3649 356 3698 tum
375 3649 404 3697 A.
477 3649 640 3713 Gangaridas
660 3649 802 3712 Barperua:
828 3647 982 3712 gargaridos
1001 3649 1032 3706 B,
1057 3647 1193 3714 gararidos
1210 3647 1240 3698 A.
1331 3652 1354 3698 t.
1375 3647 1475 3700 brison-

299 3737 352 3784 tam
371 3735 399 3783 A.
485 3739 508 3784 8.
530 3747 628 3800 pyrrus
644 3734 674 3792 A,
701 3735 808 3800 phirrus
827 3735 857 3786 Β.
930 3735 1078 3786 romaniam
1098 3737 1127 3786 B.
1206 3739 1230 3786 9.
1251 3733 1303 3786 beli
1324 3736 1353 3785 B.
1416 3735 1475 3799 quat

300 3818 334 3869 A:
359 3822 453 3885 quill.
526 3822 689 3886 intraposttis
707 3821 845 3885 Berperus.
940 3825 980 3870 ta.
1001 3819 1142 3886 portabant
1162 3822 1190 3870 li.
1263 3825 1363 3873 etesias
1380 3823 1409 3872 A.

299 3919 408 3971 promus
430 3907 543 3957 oedibus
560 3908 591 3966 A,
616 3920 728 3972 promus
751 3907 861 3958 sedibus
882 3909 909 3957 e.
1013 3912 1053 3958 ta.
1074 3907 1245 3972 pbilosopum
1265 3908 1299 3967 A,
1323 3907 1473 3973 philyppum

301 3992 328 4042 li.
384 3992 528 4044 Alemondri
551 3995 661 4055 epistota
676 4007 704 4055 p.
719 3996 750 4043 to
776 3994 833 4058 ipse
857 4006 918 4044 cum
946 3995 1010 4043 Poro
1034 4007 1097 4056 rege
1121 3997 1148 4043 ei
1171 3993 1292 4056 equitatu
1316 3991 1473 4058 macedone

292 4077 376 4130 vvideo
399 4081 504 4142 agmina
530 4077 677 4130 bestiarum
702 4081 729 4129 in
753 4091 802 4130 uos
823 4081 918 4130 erectis
940 4079 1159 4144 promuscidibus
1183 4079 1327 4129 tendentia.
1364 4089 1472 4144 quarum

297 4164 431 4228 quaedam
451 4167 541 4230 nigrae
559 4169 586 4216 el
603 4165 734 4216 candidae
752 4167 779 4215 et
798 4165 872 4216 rubri
890 4165 987 4216 coloris
1006 4169 1032 4216 at
1051 4165 1140 4216 variae
1160 4164 1293 4230 quaedam
1311 4168 1394 4215 erant.

299 4253 339 4300 tt.
361 4263 398 4300 ιιιι
417 4249 453 4300 lio
471 4264 571 4316 onagro
588 4252 619 4311 A,
646 4264 673 4300 ιιι
692 4251 788 4316 Onagri
808 4252 847 4301 B?
936 4255 976 4304 tn.
997 4253 1109 4315 sepem
1135 4251 1245 4302 seseli.
1317 4251 1444 4301 montiA.

300 4335 511 4388 tauelluntb.
607 4341 648 4386 tt.
669 4338 767 4388 bovum
787 4338 817 4389 B.
914 4342 953 4388 ⁴8.
974 4338 1111 4403 corporeis
1127 4338 1158 4390 A.
1254 4335 1472 4400 raubettgrts

297 4423 328 4485 A,
353 4421 541 4486 ra’ligrcsB?
598 4423 711 4474 laeraA.
794 4427 835 4474 20.
856 4425 994 4474 armoenia
1006 4423 1035 4484 A,
1056 4423 1208 4474 carmoenia
1223 4419 1266 4474 li.
1333 4427 1375 4476 it.
1395 4423 1472 4490 ipsius

297 4509 326 4559 A.
410 4510 646 4565 sacraemnta,
673 4509 842 4560 cuicaasuA.
925 4512 968 4560 at.
988 4510 1143 4560 discribitur
1160 4509 1213 4560 AB.
1286 4511 1397 4562 Isidem
1411 4511 1469 4572 arip.
