<?xml version="1.0" encoding="UTF-8"?>
<!DOCTYPE html PUBLIC "-//W3C//DTD XHTML 1.0 Transitional//EN"
    "http://www.w3.org/TR/xhtml1/DTD/xhtml1-transitional.dtd">
<html xmlns="http://www.w3.org/1999/xhtml" xml:lang="en" lang="en">
 <head>
  <title>
</title>
<meta http-equiv="Content-Type" content="text/html;charset=utf-8" />
  <meta name='ocr-system' content='tesseract 3.04.00' />
  <meta name='ocr-capabilities' content='ocr_page ocr_carea ocr_par ocr_line ocrx_word'/>
</head>
<body>
  <div class='ocr_page' id='page_1' title='image "./mavriciihavptii00haupgoog/mavriciihavptii00haupgoog_0048.png"; bbox 0 0 3268 5108; ppageno 0'>
   <div class='ocr_carea' id='block_1_1' title="bbox 378 410 1273 490">
    <p class='ocr_par' dir='ltr' id='par_1_1' title="bbox 378 410 1273 490">
     <span class='ocr_line' id='line_1_1' title="bbox 378 410 1273 490; baseline 0.003 -4"><span class='ocrx_word' id='word_1_1' title='bbox 378 429 465 488; x_wconf 76' lang='lat' dir='ltr'>lunai</span> <span class='ocrx_word' id='word_1_2' title='bbox 489 445 656 490; x_wconf 74' lang='lat' dir='ltr'>sacrrouru</span> <span class='ocrx_word' id='word_1_3' title='bbox 679 445 858 488; x_wconf 74' lang='lat' dir='ltr'>arsrrmnrn</span> <span class='ocrx_word' id='word_1_4' title='bbox 884 427 977 488; x_wconf 79' lang='lat' dir='ltr'>latr.</span> <span class='ocrx_word' id='word_1_5' title='bbox 1225 410 1273 482; x_wconf 83' lang='grc'>35</span> 
     </span>
    </p>
   </div>
   <div class='ocr_carea' id='block_1_2' title="bbox 94 615 1306 4322">
    <p class='ocr_par' dir='ltr' id='par_1_2' title="bbox 94 615 1305 3286">
     <span class='ocr_line' id='line_1_2' title="bbox 101 615 1275 700; baseline 0.004 -29"><span class='ocrx_word' id='word_1_6' title='bbox 101 619 202 674; x_wconf 90' lang='lat' dir='ltr'>tuntur.</span> <span class='ocrx_word' id='word_1_7' title='bbox 251 617 350 678; x_wconf 87' lang='lat' dir='ltr'>veluti</span> <span class='ocrx_word' id='word_1_8' title='bbox 381 615 466 697; x_wconf 90' lang='lat' dir='ltr'>quod</span> <span class='ocrx_word' id='word_1_9' title='bbox 488 615 707 679; x_wconf 83' lang='lat' dir='ltr'>Wernsdorlio</span> <span class='ocrx_word' id='word_1_10' title='bbox 730 618 864 698; x_wconf 82' lang='lat' dir='ltr'>placuit,</span> <span class='ocrx_word' id='word_1_11' title='bbox 895 615 1124 700; x_wconf 77' lang='lat' dir='ltr'>stupae-pleno,</span> <span class='ocrx_word' id='word_1_12' title='bbox 1156 634 1215 696; x_wconf 88' lang='lat' dir='ltr'>per</span> <span class='ocrx_word' id='word_1_13' title='bbox 1241 633 1275 676; x_wconf 88' lang='lat' dir='ltr'>se</span> 
     </span>
     <span class='ocr_line' id='line_1_3' title="bbox 100 713 1276 801; baseline 0.003 -26"><span class='ocrx_word' id='word_1_14' title='bbox 100 713 212 794; x_wconf 90' lang='lat' dir='ltr'>quidem</span> <span class='ocrx_word' id='word_1_15' title='bbox 243 716 363 781; x_wconf 90' lang='lat' dir='ltr'>bonum</span> <span class='ocrx_word' id='word_1_16' title='bbox 392 730 456 800; x_wconf 88' lang='lat' dir='ltr'>est,</span> <span class='ocrx_word' id='word_1_17' title='bbox 495 719 552 782; x_wconf 90' lang='lat' dir='ltr'>sed</span> <span class='ocrx_word' id='word_1_18' title='bbox 583 720 708 781; x_wconf 85' lang='lat' dir='ltr'>infirmo</span> <span class='ocrx_word' id='word_1_19' title='bbox 739 721 789 782; x_wconf 89' lang='lat' dir='ltr'>vel</span> <span class='ocrx_word' id='word_1_20' title='bbox 819 719 924 801; x_wconf 90' lang='lat' dir='ltr'>potius</span> <span class='ocrx_word' id='word_1_21' title='bbox 953 719 1040 781; x_wconf 94' lang='lat' dir='ltr'>nullo</span> <span class='ocrx_word' id='word_1_22' title='bbox 1071 717 1276 781; x_wconf 77' lang='lat' dir='ltr'>fundamento</span> 
     </span>
     <span class='ocr_line' id='line_1_4' title="bbox 101 821 1305 906; baseline 0.004 -29"><span class='ocrx_word' id='word_1_23' title='bbox 101 830 356 898; x_wconf 71' lang='lat' dir='ltr'>superstructum:</span> <span class='ocrx_word' id='word_1_24' title='bbox 395 825 468 904; x_wconf 92' lang='lat' dir='ltr'>quis</span> <span class='ocrx_word' id='word_1_25' title='bbox 497 826 583 884; x_wconf 86' lang='lat' dir='ltr'>enim</span> <span class='ocrx_word' id='word_1_26' title='bbox 607 821 715 884; x_wconf 89' lang='lat' dir='ltr'>credat</span> <span class='ocrx_word' id='word_1_27' title='bbox 742 843 781 884; x_wconf 86' lang='lat' dir='ltr'>ex</span> <span class='ocrx_word' id='word_1_28' title='bbox 804 831 911 906; x_wconf 74' lang='lat' dir='ltr'>stupeo</span> <span class='ocrx_word' id='word_1_29' title='bbox 941 823 1010 884; x_wconf 88' lang='lat' dir='ltr'>lieri</span> <span class='ocrx_word' id='word_1_30' title='bbox 1040 824 1181 904; x_wconf 90' lang='lat' dir='ltr'>potuisse</span> <span class='ocrx_word' id='word_1_31' title='bbox 1208 821 1305 884; x_wconf 76' lang='lat' dir='ltr'>itttt‘</span> 
     </span>
     <span class='ocr_line' id='line_1_5' title="bbox 100 911 1278 1008; baseline 0.004 -28"><span class='ocrx_word' id='word_1_32' title='bbox 100 923 178 985; x_wconf 90' lang='lat' dir='ltr'>immo</span> <span class='ocrx_word' id='word_1_33' title='bbox 206 936 301 1006; x_wconf 91' lang='lat' dir='ltr'>poeta</span> <span class='ocrx_word' id='word_1_34' title='bbox 331 927 498 1008; x_wconf 85' lang='lat' dir='ltr'><strong>scripsisse</strong></span> <span class='ocrx_word' id='word_1_35' title='bbox 528 925 668 1006; x_wconf 90' lang='lat' dir='ltr'>videtur,</span> <span class='ocrx_word' id='word_1_36' title='bbox 702 925 786 1008; x_wconf 93' lang='lat' dir='ltr'>quod</span> <span class='ocrx_word' id='word_1_37' title='bbox 815 935 850 988; x_wconf 94' lang='lat' dir='ltr'>ut</span> <span class='ocrx_word' id='word_1_38' title='bbox 879 911 1148 1008; x_wconf 83' lang='lat' dir='ltr'>simplicissimum</span> <span class='ocrx_word' id='word_1_39' title='bbox 1179 925 1278 986; x_wconf 87' lang='lat' dir='ltr'>Laclr-</span> 
     </span>
     <span class='ocr_line' id='line_1_6' title="bbox 101 1031 1274 1112; baseline 0.003 -25"><span class='ocrx_word' id='word_1_40' title='bbox 101 1045 197 1089; x_wconf 89' lang='lat' dir='ltr'>manno</span> <span class='ocrx_word' id='word_1_41' title='bbox 221 1047 349 1110; x_wconf 92' lang='lat' dir='ltr'>quoque</span> <span class='ocrx_word' id='word_1_42' title='bbox 373 1031 508 1112; x_wconf 81' lang='lat' dir='ltr'>placuit,</span> <span class='ocrx_word' id='word_1_43' title='bbox 543 1032 713 1093; x_wconf 85' lang='lat' dir='ltr'>Sollicitout</span> <span class='ocrx_word' id='word_1_44' title='bbox 741 1031 789 1092; x_wconf 88' lang='lat' dir='ltr'>illi</span> <span class='ocrx_word' id='word_1_45' title='bbox 809 1037 836 1091; x_wconf 90' lang='lat' dir='ltr'>te</span> <span class='ocrx_word' id='word_1_46' title='bbox 858 1031 983 1107; x_wconf 83' lang='lat' dir='ltr'>circum,</span> <span class='ocrx_word' id='word_1_47' title='bbox 1014 1031 1148 1108; x_wconf 86' lang='lat' dir='ltr'>Tautale,</span> <span class='ocrx_word' id='word_1_48' title='bbox 1181 1048 1274 1108; x_wconf 83' lang='lat' dir='ltr'>rouo,</span> 
     </span>
     <span class='ocr_line' id='line_1_7' title="bbox 99 1129 1279 1216; baseline 0.002 -26"><span class='ocrx_word' id='word_1_49' title='bbox 99 1131 311 1214; x_wconf 80' lang='lat' dir='ltr'>Sollicitaotque</span> <span class='ocrx_word' id='word_1_50' title='bbox 334 1129 427 1216; x_wconf 82' lang='lat' dir='ltr'>siti.*)</span> <span class='ocrx_word' id='word_1_51' title='bbox 467 1153 540 1195; x_wconf 93' lang='lat' dir='ltr'>nam</span> <span class='ocrx_word' id='word_1_52' title='bbox 562 1135 678 1195; x_wconf 86' lang='lat' dir='ltr'>circum</span> <span class='ocrx_word' id='word_1_53' title='bbox 700 1133 842 1213; x_wconf 80' lang='lat' dir='ltr'>intellegi</span> <span class='ocrx_word' id='word_1_54' title='bbox 862 1143 981 1215; x_wconf 90' lang='lat' dir='ltr'>potest:</span> <span class='ocrx_word' id='word_1_55' title='bbox 1008 1152 1199 1214; x_wconf 88' lang='lat' dir='ltr'>quamquam</span> <span class='ocrx_word' id='word_1_56' title='bbox 1216 1135 1279 1193; x_wconf 84' lang='lat' dir='ltr'>sci-</span> 
     </span>
     <span class='ocr_line' id='line_1_8' title="bbox 98 1235 1279 1318; baseline 0.002 -25"><span class='ocrx_word' id='word_1_57' title='bbox 98 1243 154 1294; x_wconf 91' lang='lat' dir='ltr'>tum</span> <span class='ocrx_word' id='word_1_58' title='bbox 175 1247 222 1297; x_wconf 88' lang='grc' dir='ltr'>εει</span> <span class='ocrx_word' id='word_1_59' title='bbox 245 1237 398 1318; x_wconf 81' lang='lat' dir='ltr'>Scaligeri</span> <span class='ocrx_word' id='word_1_60' title='bbox 422 1239 545 1316; x_wconf 85' lang='lat' dir='ltr'>siccum,</span> <span class='ocrx_word' id='word_1_61' title='bbox 579 1235 729 1316; x_wconf 87' lang='lat' dir='ltr'>idemque</span> <span class='ocrx_word' id='word_1_62' title='bbox 752 1235 941 1298; x_wconf 89' lang='lat' dir='ltr'>vocabulum</span> <span class='ocrx_word' id='word_1_63' title='bbox 970 1238 1184 1299; x_wconf 90' lang='lat' dir='ltr'>necessarium</span> <span class='ocrx_word' id='word_1_64' title='bbox 1208 1255 1279 1296; x_wconf 92' lang='lat' dir='ltr'>esse</span> 
     </span>
     <span class='ocr_line' id='line_1_9' title="bbox 98 1338 1277 1422; baseline 0 -24"><span class='ocrx_word' id='word_1_65' title='bbox 98 1348 232 1416; x_wconf 88' lang='lat' dir='ltr'>putamus</span> <span class='ocrx_word' id='word_1_66' title='bbox 262 1343 296 1401; x_wconf 93' lang='lat' dir='ltr'>in</span> <span class='ocrx_word' id='word_1_67' title='bbox 319 1341 440 1422; x_wconf 84' lang='lat' dir='ltr'>Vespae</span> <span class='ocrx_word' id='word_1_68' title='bbox 470 1339 587 1403; x_wconf 91' lang='lat' dir='ltr'>iudicio</span> <span class='ocrx_word' id='word_1_69' title='bbox 610 1340 674 1401; x_wconf 89' lang='lat' dir='ltr'>coci</span> <span class='ocrx_word' id='word_1_70' title='bbox 698 1350 730 1402; x_wconf 90' lang='lat' dir='ltr'>et</span> <span class='ocrx_word' id='word_1_71' title='bbox 753 1341 898 1421; x_wconf 88' lang='lat' dir='ltr'>pistoris,</span> <span class='ocrx_word' id='word_1_72' title='bbox 932 1342 964 1402; x_wconf 91' lang='lat' dir='ltr'>in</span> <span class='ocrx_word' id='word_1_73' title='bbox 994 1360 1056 1421; x_wconf 97' lang='lat' dir='ltr'>quo</span> <span class='ocrx_word' id='word_1_74' title='bbox 1079 1338 1164 1421; x_wconf 91' lang='lat' dir='ltr'>quod</span> <span class='ocrx_word' id='word_1_75' title='bbox 1187 1359 1218 1400; x_wconf 88' lang='lat' dir='ltr'>v.</span> <span class='ocrx_word' id='word_1_76' title='bbox 1238 1339 1277 1398; x_wconf 86' lang='lat'>83</span> 
     </span>
     <span class='ocr_line' id='line_1_10' title="bbox 98 1439 1278 1526; baseline 0.002 -26"><span class='ocrx_word' id='word_1_77' title='bbox 98 1439 276 1506; x_wconf 89' lang='lat' dir='ltr'>dictumest</span> <span class='ocrx_word' id='word_1_78' title='bbox 302 1445 392 1506; x_wconf 89' lang='lat' dir='ltr'>Solus</span> <span class='ocrx_word' id='word_1_79' title='bbox 415 1445 624 1526; x_wconf 79' lang='lat' dir='ltr'>aquaiiurium</span> <span class='ocrx_word' id='word_1_80' title='bbox 652 1443 742 1505; x_wconf 78' lang='lat' dir='ltr'>reddi</span> <span class='ocrx_word' id='word_1_81' title='bbox 769 1443 829 1505; x_wconf 83' lang='lat' dir='ltr'>sibi</span> <span class='ocrx_word' id='word_1_82' title='bbox 855 1444 1001 1506; x_wconf 82' lang='lat' dir='ltr'>Tantalus</span> <span class='ocrx_word' id='word_1_83' title='bbox 1029 1451 1114 1521; x_wconf 86' lang='lat' dir='ltr'>orat,</span> <span class='ocrx_word' id='word_1_84' title='bbox 1145 1461 1278 1505; x_wconf 81' lang='lat' dir='ltr'>acumen</span> 
     </span>
     <span class='ocr_line' id='line_1_11' title="bbox 99 1543 1280 1629; baseline 0.001 -25"><span class='ocrx_word' id='word_1_85' title='bbox 99 1545 233 1626; x_wconf 89' lang='lat' dir='ltr'>babebit,</span> <span class='ocrx_word' id='word_1_86' title='bbox 265 1549 327 1609; x_wconf 92' lang='lat' dir='ltr'>tale</span> <span class='ocrx_word' id='word_1_87' title='bbox 357 1549 478 1610; x_wconf 89' lang='lat' dir='ltr'>scilicet</span> <span class='ocrx_word' id='word_1_88' title='bbox 507 1547 618 1629; x_wconf 88' lang='lat' dir='ltr'>quales</span> <span class='ocrx_word' id='word_1_89' title='bbox 648 1557 723 1608; x_wconf 90' lang='lat' dir='ltr'>sunt</span> <span class='ocrx_word' id='word_1_90' title='bbox 753 1547 852 1626; x_wconf 89' lang='lat' dir='ltr'>inepti</span> <span class='ocrx_word' id='word_1_91' title='bbox 883 1548 1034 1610; x_wconf 90' lang='lat' dir='ltr'>carminis</span> <span class='ocrx_word' id='word_1_92' title='bbox 1064 1547 1213 1626; x_wconf 79' lang='lat' dir='ltr'>facetiae,</span> <span class='ocrx_word' id='word_1_93' title='bbox 1253 1543 1280 1606; x_wconf 93' lang='lat' dir='ltr'>si</span> 
     </span>
     <span class='ocr_line' id='line_1_12' title="bbox 96 1643 1281 1734; baseline 0.003 -26"><span class='ocrx_word' id='word_1_94' title='bbox 96 1650 237 1712; x_wconf 80' lang='lat' dir='ltr'>scribitur</span> <span class='ocrx_word' id='word_1_95' title='bbox 273 1669 374 1712; x_wconf 85' lang='lat' dir='ltr'>srccrs</span> <span class='ocrx_word' id='word_1_96' title='bbox 410 1652 628 1734; x_wconf 83' lang='lat' dir='ltr'>aqualiculum.</span> <span class='ocrx_word' id='word_1_97' title='bbox 691 1652 723 1712; x_wconf 95' lang='lat' dir='ltr'>in</span> <span class='ocrx_word' id='word_1_98' title='bbox 760 1643 880 1713; x_wconf 82' lang='lat' dir='ltr'>Aetnae</span> <span class='ocrx_word' id='word_1_99' title='bbox 916 1671 1067 1714; x_wconf 88' lang='lat' dir='ltr'>versuum</span> <span class='ocrx_word' id='word_1_100' title='bbox 1107 1670 1186 1732; x_wconf 92' lang='lat' dir='ltr'>quos</span> <span class='ocrx_word' id='word_1_101' title='bbox 1222 1649 1281 1712; x_wconf 89' lang='lat' dir='ltr'>ad-</span> 
     </span>
     <span class='ocr_line' id='line_1_13' title="bbox 96 1751 1281 1834; baseline 0.003 -24"><span class='ocrx_word' id='word_1_102' title='bbox 96 1754 271 1834; x_wconf 85' lang='lat' dir='ltr'>scripsimus</span> <span class='ocrx_word' id='word_1_103' title='bbox 293 1755 403 1816; x_wconf 91' lang='lat' dir='ltr'>ultimo</span> <span class='ocrx_word' id='word_1_104' title='bbox 427 1756 603 1817; x_wconf 89' lang='lat' dir='ltr'>rectissime</span> <span class='ocrx_word' id='word_1_105' title='bbox 624 1751 805 1816; x_wconf 80' lang='lat' dir='ltr'>Fridericus</span> <span class='ocrx_word' id='word_1_106' title='bbox 820 1753 952 1817; x_wconf 89' lang='lat' dir='ltr'>lacobus</span> <span class='ocrx_word' id='word_1_107' title='bbox 974 1775 1113 1816; x_wconf 82' lang='lat' dir='ltr'>rtranrvs</span> <span class='ocrx_word' id='word_1_108' title='bbox 1135 1753 1281 1816; x_wconf 90' lang='lat' dir='ltr'>scriben-</span> 
     </span>
     <span class='ocr_line' id='line_1_14' title="bbox 97 1853 1282 1938; baseline 0.003 -24"><span class='ocrx_word' id='word_1_109' title='bbox 97 1853 163 1917; x_wconf 93' lang='lat' dir='ltr'>dum</span> <span class='ocrx_word' id='word_1_110' title='bbox 190 1878 261 1920; x_wconf 89' lang='lat' dir='ltr'>esse</span> <span class='ocrx_word' id='word_1_111' title='bbox 284 1856 382 1919; x_wconf 88' lang='lat' dir='ltr'>vidit:</span> <span class='ocrx_word' id='word_1_112' title='bbox 416 1857 472 1920; x_wconf 89' lang='lat' dir='ltr'>sed</span> <span class='ocrx_word' id='word_1_113' title='bbox 496 1855 582 1938; x_wconf 94' lang='lat' dir='ltr'>quod</span> <span class='ocrx_word' id='word_1_114' title='bbox 613 1877 652 1918; x_wconf 83' lang='lat' dir='ltr'>ex</span> <span class='ocrx_word' id='word_1_115' title='bbox 681 1855 843 1920; x_wconf 87' lang='lat' dir='ltr'>codicibus</span> <span class='ocrx_word' id='word_1_116' title='bbox 865 1857 1112 1920; x_wconf 87' lang='lat' dir='ltr'>Helmstadiensi</span> <span class='ocrx_word' id='word_1_117' title='bbox 1143 1866 1174 1919; x_wconf 91' lang='lat' dir='ltr'>et</span> <span class='ocrx_word' id='word_1_118' title='bbox 1197 1857 1282 1918; x_wconf 81' lang='lat' dir='ltr'>lieh-</span> 
     </span>
     <span class='ocr_line' id='line_1_15' title="bbox 97 1957 1281 2044; baseline 0.005 -28"><span class='ocrx_word' id='word_1_119' title='bbox 97 1957 237 2039; x_wconf 77' lang='lat' dir='ltr'>digerano</span> <span class='ocrx_word' id='word_1_120' title='bbox 253 1960 430 2043; x_wconf 85' lang='lat' dir='ltr'>adsumpsit</span> <span class='ocrx_word' id='word_1_121' title='bbox 449 1961 529 2044; x_wconf 81' lang='lat' dir='ltr'>falsi</span> <span class='ocrx_word' id='word_1_122' title='bbox 547 1963 700 2023; x_wconf 87' lang='lat' dir='ltr'>consortia</span> <span class='ocrx_word' id='word_1_123' title='bbox 722 1969 848 2037; x_wconf 83' lang='lat' dir='ltr'>terrent,</span> <span class='ocrx_word' id='word_1_124' title='bbox 876 1961 908 2024; x_wconf 94' lang='lat' dir='ltr'>id</span> <span class='ocrx_word' id='word_1_125' title='bbox 923 1973 997 2044; x_wconf 87' lang='lat' dir='ltr'>apte</span> <span class='ocrx_word' id='word_1_126' title='bbox 1013 1962 1165 2043; x_wconf 87' lang='lat' dir='ltr'>explicari</span> <span class='ocrx_word' id='word_1_127' title='bbox 1189 1980 1281 2041; x_wconf 91' lang='lat' dir='ltr'>posse</span> 
     </span>
     <span class='ocr_line' id='line_1_16' title="bbox 96 2061 1283 2146; baseline 0.003 -26"><span class='ocrx_word' id='word_1_128' title='bbox 96 2080 253 2143; x_wconf 76' lang='lat' dir='ltr'>negamus;</span> <span class='ocrx_word' id='word_1_129' title='bbox 292 2061 377 2145; x_wconf 91' lang='lat' dir='ltr'>quod</span> <span class='ocrx_word' id='word_1_130' title='bbox 400 2074 506 2127; x_wconf 90' lang='lat' dir='ltr'>autem</span> <span class='ocrx_word' id='word_1_131' title='bbox 531 2067 562 2127; x_wconf 90' lang='lat' dir='ltr'>in</span> <span class='ocrx_word' id='word_1_132' title='bbox 585 2065 678 2126; x_wconf 90' lang='lat' dir='ltr'>libris</span> <span class='ocrx_word' id='word_1_133' title='bbox 700 2065 772 2126; x_wconf 91' lang='lat' dir='ltr'>olim</span> <span class='ocrx_word' id='word_1_134' title='bbox 798 2065 953 2146; x_wconf 91' lang='lat' dir='ltr'>inpressis</span> <span class='ocrx_word' id='word_1_135' title='bbox 975 2066 1094 2146; x_wconf 82' lang='lat' dir='ltr'>legitur</span> <span class='ocrx_word' id='word_1_136' title='bbox 1118 2065 1197 2146; x_wconf 84' lang='lat' dir='ltr'>salsi</span> <span class='ocrx_word' id='word_1_137' title='bbox 1223 2064 1283 2125; x_wconf 84' lang='lat' dir='ltr'>sibi</span> 
     </span>
     <span class='ocr_line' id='line_1_17' title="bbox 96 2167 1279 2250; baseline 0.002 -24"><span class='ocrx_word' id='word_1_138' title='bbox 96 2170 206 2228; x_wconf 81' lang='lat' dir='ltr'>conscia</span> <span class='ocrx_word' id='word_1_139' title='bbox 227 2177 325 2248; x_wconf 82' lang='lat' dir='ltr'>terra,</span> <span class='ocrx_word' id='word_1_140' title='bbox 352 2170 402 2230; x_wconf 92' lang='lat' dir='ltr'>vel</span> <span class='ocrx_word' id='word_1_141' title='bbox 425 2177 512 2231; x_wconf 84' lang='lat' dir='ltr'>terra</span> <span class='ocrx_word' id='word_1_142' title='bbox 532 2177 584 2249; x_wconf 89' lang='lat' dir='ltr'>est,</span> <span class='ocrx_word' id='word_1_143' title='bbox 612 2168 816 2230; x_wconf 89' lang='lat' dir='ltr'>confirmatur</span> <span class='ocrx_word' id='word_1_144' title='bbox 831 2167 939 2231; x_wconf 86' lang='lat' dir='ltr'>codice</span> <span class='ocrx_word' id='word_1_145' title='bbox 956 2167 1222 2250; x_wconf 73' lang='lat' dir='ltr'>cantabrigiensi,</span> <span class='ocrx_word' id='word_1_146' title='bbox 1248 2169 1279 2228; x_wconf 92' lang='lat' dir='ltr'>in</span> 
     </span>
     <span class='ocr_line' id='line_1_18' title="bbox 97 2270 1281 2354; baseline 0.001 -23"><span class='ocrx_word' id='word_1_147' title='bbox 97 2287 151 2348; x_wconf 92' lang='lat' dir='ltr'>quo</span> <span class='ocrx_word' id='word_1_148' title='bbox 172 2281 278 2334; x_wconf 88' lang='lat' dir='ltr'>tamen</span> <span class='ocrx_word' id='word_1_149' title='bbox 301 2280 416 2334; x_wconf 75' lang='lat' dir='ltr'>rari-ent</span> <span class='ocrx_word' id='word_1_150' title='bbox 439 2283 526 2333; x_wconf 90' lang='lat' dir='ltr'>recte</span> <span class='ocrx_word' id='word_1_151' title='bbox 549 2273 778 2354; x_wconf 91' lang='lat' dir='ltr'>scriptumest.</span> <span class='ocrx_word' id='word_1_152' title='bbox 825 2283 856 2335; x_wconf 89' lang='lat' dir='ltr'>et</span> <span class='ocrx_word' id='word_1_153' title='bbox 879 2273 962 2335; x_wconf 88' lang='lat' dir='ltr'>dicta</span> <span class='ocrx_word' id='word_1_154' title='bbox 984 2271 1064 2334; x_wconf 88' lang='lat' dir='ltr'>haec</span> <span class='ocrx_word' id='word_1_155' title='bbox 1079 2291 1150 2335; x_wconf 89' lang='lat' dir='ltr'>esse</span> <span class='ocrx_word' id='word_1_156' title='bbox 1165 2270 1281 2333; x_wconf 88' lang='lat' dir='ltr'>viden-</span> 
     </span>
     <span class='ocr_line' id='line_1_19' title="bbox 97 2375 1278 2458; baseline 0.004 -27"><span class='ocrx_word' id='word_1_157' title='bbox 97 2381 142 2433; x_wconf 91' lang='lat' dir='ltr'>tur</span> <span class='ocrx_word' id='word_1_158' title='bbox 168 2379 243 2438; x_wconf 90' lang='lat' dir='ltr'>satis</span> <span class='ocrx_word' id='word_1_159' title='bbox 272 2375 356 2436; x_wconf 87' lang='lat' dir='ltr'>bone</span> <span class='ocrx_word' id='word_1_160' title='bbox 408 2375 563 2456; x_wconf 81' lang='lat' dir='ltr'>Quidquid</span> <span class='ocrx_word' id='word_1_161' title='bbox 591 2383 618 2437; x_wconf 87' lang='lat' dir='ltr'>et</span> <span class='ocrx_word' id='word_1_162' title='bbox 647 2395 786 2438; x_wconf 80' lang='lat' dir='ltr'>vcranrrs</span> <span class='ocrx_word' id='word_1_163' title='bbox 811 2377 891 2458; x_wconf 81' lang='lat' dir='ltr'>falsi</span> <span class='ocrx_word' id='word_1_164' title='bbox 917 2376 977 2439; x_wconf 84' lang='lat' dir='ltr'>sibi</span> <span class='ocrx_word' id='word_1_165' title='bbox 1004 2379 1125 2438; x_wconf 84' lang='lat' dir='ltr'>conscia</span> <span class='ocrx_word' id='word_1_166' title='bbox 1153 2383 1278 2453; x_wconf 83' lang='lat' dir='ltr'>terrent,</span> 
     </span>
     <span class='ocr_line' id='line_1_20' title="bbox 98 2477 1282 2560; baseline -0.001 -21"><span class='ocrx_word' id='word_1_167' title='bbox 98 2477 115 2536; x_wconf 87' lang='lat' dir='ltr'>i.</span> <span class='ocrx_word' id='word_1_168' title='bbox 139 2499 165 2539; x_wconf 94' lang='grc' dir='ltr'><strong>ε.</strong></span> <span class='ocrx_word' id='word_1_169' title='bbox 197 2491 229 2542; x_wconf 91' lang='grc' dir='ltr'><strong>ει</strong></span> <span class='ocrx_word' id='word_1_170' title='bbox 256 2478 513 2560; x_wconf 90' lang='lat' dir='ltr'>quibuscumque</span> <span class='ocrx_word' id='word_1_171' title='bbox 552 2489 717 2560; x_wconf 88' lang='lat' dir='ltr'>praeterea</span> <span class='ocrx_word' id='word_1_172' title='bbox 748 2481 934 2542; x_wconf 89' lang='lat' dir='ltr'>commentis</span> <span class='ocrx_word' id='word_1_173' title='bbox 962 2480 1126 2543; x_wconf 92' lang='lat' dir='ltr'>hominum</span> <span class='ocrx_word' id='word_1_174' title='bbox 1160 2479 1282 2540; x_wconf 90' lang='lat' dir='ltr'>animos</span> 
     </span>
     <span class='ocr_line' id='line_1_21' title="bbox 97 2581 1281 2664; baseline 0.003 -25"><span class='ocrx_word' id='word_1_175' title='bbox 97 2591 198 2658; x_wconf 87' lang='lat' dir='ltr'>poetae</span> <span class='ocrx_word' id='word_1_176' title='bbox 220 2591 362 2660; x_wconf 87' lang='lat' dir='ltr'>terrent,</span> <span class='ocrx_word' id='word_1_177' title='bbox 396 2585 456 2664; x_wconf 90' lang='lat' dir='ltr'>ipsi</span> <span class='ocrx_word' id='word_1_178' title='bbox 486 2582 547 2644; x_wconf 89' lang='lat' dir='ltr'>sibi</span> <span class='ocrx_word' id='word_1_179' title='bbox 577 2583 692 2644; x_wconf 91' lang='lat' dir='ltr'>conscii</span> <span class='ocrx_word' id='word_1_180' title='bbox 723 2603 758 2644; x_wconf 90' lang='lat' dir='ltr'>se</span> <span class='ocrx_word' id='word_1_181' title='bbox 787 2583 863 2645; x_wconf 82' lang='lat' dir='ltr'>falsa</span> <span class='ocrx_word' id='word_1_182' title='bbox 891 2581 1046 2663; x_wconf 82' lang='lat' dir='ltr'>proferre.</span> <span class='ocrx_word' id='word_1_183' title='bbox 1094 2602 1167 2644; x_wconf 92' lang='lat' dir='ltr'>nam</span> <span class='ocrx_word' id='word_1_184' title='bbox 1197 2581 1281 2662; x_wconf 92' lang='lat' dir='ltr'>quod</span> 
     </span>
     <span class='ocr_line' id='line_1_22' title="bbox 97 2683 1279 2767; baseline 0.004 -26"><span class='ocrx_word' id='word_1_185' title='bbox 97 2683 141 2743; x_wconf 90' lang='lat' dir='ltr'>illa</span> <span class='ocrx_word' id='word_1_186' title='bbox 174 2683 242 2747; x_wconf 87' lang='lat' dir='ltr'>ialsi</span> <span class='ocrx_word' id='word_1_187' title='bbox 274 2687 467 2747; x_wconf 90' lang='lat' dir='ltr'>conscientia</span> <span class='ocrx_word' id='word_1_188' title='bbox 497 2689 640 2767; x_wconf 89' lang='lat' dir='ltr'>apoetis</span> <span class='ocrx_word' id='word_1_189' title='bbox 667 2684 707 2747; x_wconf 91' lang='lat' dir='ltr'>ad</span> <span class='ocrx_word' id='word_1_190' title='bbox 736 2686 901 2749; x_wconf 90' lang='lat' dir='ltr'>mendacia</span> <span class='ocrx_word' id='word_1_191' title='bbox 932 2707 1041 2750; x_wconf 90' lang='lat' dir='ltr'>eorum</span> <span class='ocrx_word' id='word_1_192' title='bbox 1076 2685 1279 2764; x_wconf 79' lang='lat' dir='ltr'>transfertur,</span> 
     </span>
     <span class='ocr_line' id='line_1_23' title="bbox 97 2785 1282 2871; baseline 0.003 -25"><span class='ocrx_word' id='word_1_193' title='bbox 97 2785 173 2849; x_wconf 89' lang='lat' dir='ltr'>nulla</span> <span class='ocrx_word' id='word_1_194' title='bbox 204 2789 455 2871; x_wconf 86' lang='lat' dir='ltr'>reprehensione</span> <span class='ocrx_word' id='word_1_195' title='bbox 484 2787 617 2871; x_wconf 81' lang='lat' dir='ltr'>dignum</span> <span class='ocrx_word' id='word_1_196' title='bbox 647 2799 706 2850; x_wconf 91' lang='lat' dir='ltr'>est.</span> <span class='ocrx_word' id='word_1_197' title='bbox 760 2791 947 2870; x_wconf 91' lang='lat' dir='ltr'>pronomine</span> <span class='ocrx_word' id='word_1_198' title='bbox 974 2801 1081 2852; x_wconf 90' lang='lat' dir='ltr'>autem</span> <span class='ocrx_word' id='word_1_199' title='bbox 1114 2791 1166 2851; x_wconf 91' lang='lat' dir='ltr'>illo</span> <span class='ocrx_word' id='word_1_200' title='bbox 1197 2788 1282 2869; x_wconf 92' lang='lat' dir='ltr'>quod</span> 
     </span>
     <span class='ocr_line' id='line_1_24' title="bbox 97 2891 1282 2975; baseline 0.003 -25"><span class='ocrx_word' id='word_1_201' title='bbox 97 2900 138 2950; x_wconf 86' lang='lat' dir='ltr'>est</span> <span class='ocrx_word' id='word_1_202' title='bbox 159 2891 305 2973; x_wconf 85' lang='lat' dir='ltr'>quidquid</span> <span class='ocrx_word' id='word_1_203' title='bbox 327 2904 359 2954; x_wconf 92' lang='grc' dir='ltr'><strong>ει</strong></span> <span class='ocrx_word' id='word_1_204' title='bbox 387 2893 440 2954; x_wconf 83' lang='grc' dir='ltr'>εΙίἰ</span> <span class='ocrx_word' id='word_1_205' title='bbox 464 2894 635 2975; x_wconf 88' lang='lat' dir='ltr'>scriptores</span> <span class='ocrx_word' id='word_1_206' title='bbox 658 2912 721 2956; x_wconf 94' lang='lat' dir='ltr'>non</span> <span class='ocrx_word' id='word_1_207' title='bbox 744 2913 919 2974; x_wconf 91' lang='lat' dir='ltr'>numquam</span> <span class='ocrx_word' id='word_1_208' title='bbox 943 2895 987 2955; x_wconf 89' lang='lat' dir='ltr'>ita</span> <span class='ocrx_word' id='word_1_209' title='bbox 1008 2894 1058 2956; x_wconf 90' lang='lat' dir='ltr'>usi</span> <span class='ocrx_word' id='word_1_210' title='bbox 1082 2902 1157 2955; x_wconf 91' lang='lat' dir='ltr'>sunt</span> <span class='ocrx_word' id='word_1_211' title='bbox 1185 2891 1282 2954; x_wconf 87' lang='lat' dir='ltr'>atad</span> 
     </span>
     <span class='ocr_line' id='line_1_25' title="bbox 94 2991 1282 3079; baseline 0.003 -27"><span class='ocrx_word' id='word_1_212' title='bbox 94 2991 232 3058; x_wconf 83' lang='lat' dir='ltr'>adverbii</span> <span class='ocrx_word' id='word_1_213' title='bbox 254 2997 517 3077; x_wconf 82' lang='lat' dir='ltr'>significationem</span> <span class='ocrx_word' id='word_1_214' title='bbox 540 3016 640 3078; x_wconf 91' lang='lat' dir='ltr'>prope</span> <span class='ocrx_word' id='word_1_215' title='bbox 662 2995 829 3058; x_wconf 87' lang='lat' dir='ltr'>accederet</span> <span class='ocrx_word' id='word_1_216' title='bbox 858 3005 890 3058; x_wconf 90' lang='lat' dir='ltr'>et</span> <span class='ocrx_word' id='word_1_217' title='bbox 919 2999 987 3079; x_wconf 91' lang='lat' dir='ltr'>ipse</span> <span class='ocrx_word' id='word_1_218' title='bbox 1018 2999 1070 3058; x_wconf 93' lang='lat' dir='ltr'>hic</span> <span class='ocrx_word' id='word_1_219' title='bbox 1095 3007 1187 3077; x_wconf 89' lang='lat' dir='ltr'>poeta</span> <span class='ocrx_word' id='word_1_220' title='bbox 1210 3015 1282 3056; x_wconf 92' lang='lat' dir='ltr'>cum</span> 
     </span>
     <span class='ocr_line' id='line_1_26' title="bbox 94 3094 1282 3183; baseline 0.004 -28"><span class='ocrx_word' id='word_1_221' title='bbox 94 3094 168 3157; x_wconf 83' lang='lat' dir='ltr'>dixit</span> <span class='ocrx_word' id='word_1_222' title='bbox 188 3117 220 3160; x_wconf 89' lang='lat' dir='ltr'>v.</span> <span class='ocrx_word' id='word_1_223' title='bbox 240 3101 278 3162; x_wconf 79' lang='lat'>23</span> <span class='ocrx_word' id='word_1_224' title='bbox 306 3101 460 3182; x_wconf 81' lang='lat' dir='ltr'>Quidquid</span> <span class='ocrx_word' id='word_1_225' title='bbox 483 3102 693 3181; x_wconf 73' lang='lat' dir='ltr'>inobliquam</span> <span class='ocrx_word' id='word_1_226' title='bbox 716 3101 829 3162; x_wconf 86' lang='lat' dir='ltr'>iactato</span> <span class='ocrx_word' id='word_1_227' title='bbox 852 3107 896 3162; x_wconf 87' lang='lat' dir='ltr'>est</span> <span class='ocrx_word' id='word_1_228' title='bbox 915 3099 1025 3183; x_wconf 72' lang='lat' dir='ltr'>fabula</span> <span class='ocrx_word' id='word_1_229' title='bbox 1046 3119 1181 3177; x_wconf 84' lang='lat' dir='ltr'>carueu,</span> <span class='ocrx_word' id='word_1_230' title='bbox 1209 3101 1282 3160; x_wconf 83' lang='lat' dir='ltr'>For·-</span> 
     </span>
     <span class='ocr_line' id='line_1_27' title="bbox 94 3189 727 3286; baseline 0.009 -28"><span class='ocrx_word' id='word_1_231' title='bbox 94 3201 148 3262; x_wconf 84' lang='lat' dir='ltr'>tius</span> <span class='ocrx_word' id='word_1_232' title='bbox 170 3204 288 3286; x_wconf 76' lang='lat' dir='ltr'>ipnotas</span> <span class='ocrx_word' id='word_1_233' title='bbox 310 3203 453 3264; x_wconf 87' lang='lat' dir='ltr'>molimur·</span> <span class='ocrx_word' id='word_1_234' title='bbox 472 3211 592 3286; x_wconf 83' lang='lat' dir='ltr'>pectore</span> <span class='ocrx_word' id='word_1_235' title='bbox 614 3189 727 3265; x_wconf 75' lang='grc' dir='ltr'>ειιναι.Ι</span> 
     </span>
    </p>

    <p class='ocr_par' dir='ltr' id='par_1_3' title="bbox 95 3304 1306 3593">
     <span class='ocr_line' id='line_1_28' title="bbox 175 3304 1306 3388; baseline 0.003 -23"><span class='ocrx_word' id='word_1_236' title='bbox 175 3305 245 3368; x_wconf 88' lang='lat' dir='ltr'>Post</span> <span class='ocrx_word' id='word_1_237' title='bbox 267 3325 378 3368; x_wconf 90' lang='lat' dir='ltr'>eornm</span> <span class='ocrx_word' id='word_1_238' title='bbox 402 3325 484 3388; x_wconf 92' lang='lat' dir='ltr'>quae</span> <span class='ocrx_word' id='word_1_239' title='bbox 508 3307 549 3368; x_wconf 89' lang='lat' dir='ltr'>de</span> <span class='ocrx_word' id='word_1_240' title='bbox 573 3304 685 3368; x_wconf 84' lang='lat' dir='ltr'>inferis</span> <span class='ocrx_word' id='word_1_241' title='bbox 714 3317 825 3388; x_wconf 89' lang='lat' dir='ltr'>poetae</span> <span class='ocrx_word' id='word_1_242' title='bbox 848 3309 972 3370; x_wconf 87' lang='lat' dir='ltr'>mentiti</span> <span class='ocrx_word' id='word_1_243' title='bbox 1002 3309 1067 3368; x_wconf 90' lang='lat' dir='ltr'>sint</span> <span class='ocrx_word' id='word_1_244' title='bbox 1093 3325 1306 3368; x_wconf 88' lang='lat' dir='ltr'>commemo-s</span> 
     </span>
     <span class='ocr_line' id='line_1_29' title="bbox 95 3409 1282 3492; baseline 0.003 -26"><span class='ocrx_word' id='word_1_245' title='bbox 95 3409 252 3489; x_wconf 89' lang='lat' dir='ltr'>rationem,</span> <span class='ocrx_word' id='word_1_246' title='bbox 278 3429 362 3492; x_wconf 89' lang='lat' dir='ltr'>quae</span> <span class='ocrx_word' id='word_1_247' title='bbox 385 3429 421 3472; x_wconf 91' lang='lat' dir='ltr'>eo</span> <span class='ocrx_word' id='word_1_248' title='bbox 444 3429 540 3472; x_wconf 90' lang='lat' dir='ltr'>versu</span> <span class='ocrx_word' id='word_1_249' title='bbox 563 3409 604 3472; x_wconf 92' lang='lat' dir='ltr'>de</span> <span class='ocrx_word' id='word_1_250' title='bbox 627 3430 689 3492; x_wconf 95' lang='lat' dir='ltr'>quo</span> <span class='ocrx_word' id='word_1_251' title='bbox 713 3411 804 3474; x_wconf 91' lang='lat' dir='ltr'>modo</span> <span class='ocrx_word' id='word_1_252' title='bbox 827 3411 967 3474; x_wconf 82' lang='lat' dir='ltr'>diximus</span> <span class='ocrx_word' id='word_1_253' title='bbox 989 3410 1174 3488; x_wconf 88' lang='lat' dir='ltr'>absolvitur,</span> <span class='ocrx_word' id='word_1_254' title='bbox 1204 3411 1282 3470; x_wconf 88' lang='lat' dir='ltr'>baec</span> 
     </span>
     <span class='ocr_line' id='line_1_30' title="bbox 95 3524 250 3593; baseline 0.026 -23"><span class='ocrx_word' id='word_1_255' title='bbox 95 3524 250 3593; x_wconf 88' lang='lat' dir='ltr'>secuntur,</span> 
     </span>
    </p>

    <p class='ocr_par' dir='ltr' id='par_1_4' title="bbox 216 3617 1074 3786">
     <span class='ocr_line' id='line_1_31' title="bbox 216 3617 1074 3698; baseline 0.001 -20"><span class='ocrx_word' id='word_1_256' title='bbox 216 3638 277 3679; x_wconf 82' lang='lat' dir='ltr'>nou</span> <span class='ocrx_word' id='word_1_257' title='bbox 299 3626 344 3680; x_wconf 86' lang='lat' dir='ltr'>est</span> <span class='ocrx_word' id='word_1_258' title='bbox 366 3625 452 3679; x_wconf 85' lang='lat' dir='ltr'>terra</span> <span class='ocrx_word' id='word_1_259' title='bbox 473 3617 570 3678; x_wconf 84' lang='lat' dir='ltr'>sotis:</span> <span class='ocrx_word' id='word_1_260' title='bbox 601 3617 800 3698; x_wconf 76' lang='lat' dir='ltr'>spondentur</span> <span class='ocrx_word' id='word_1_261' title='bbox 821 3621 950 3682; x_wconf 82' lang='lat' dir='ltr'>cumina</span> <span class='ocrx_word' id='word_1_262' title='bbox 971 3619 1074 3681; x_wconf 72' lang='lat' dir='ltr'>ditum</span> 
     </span>
     <span class='ocr_line' id='line_1_32' title="bbox 216 3724 966 3786; baseline 0.001 -4"><span class='ocrx_word' id='word_1_263' title='bbox 216 3740 271 3782; x_wconf 86' lang='lat' dir='ltr'>occ</span> <span class='ocrx_word' id='word_1_264' title='bbox 292 3729 428 3784; x_wconf 85' lang='lat' dir='ltr'>metuunt</span> <span class='ocrx_word' id='word_1_265' title='bbox 449 3725 549 3785; x_wconf 88' lang='lat' dir='ltr'>oculos</span> <span class='ocrx_word' id='word_1_266' title='bbox 572 3725 670 3786; x_wconf 85' lang='lat' dir='ltr'>alieno</span> <span class='ocrx_word' id='word_1_267' title='bbox 693 3725 852 3786; x_wconf 83' lang='lat' dir='ltr'>admittere</span> <span class='ocrx_word' id='word_1_268' title='bbox 874 3724 966 3785; x_wconf 88' lang='lat' dir='ltr'>coelo.</span> 
     </span>
    </p>

    <p class='ocr_par' dir='ltr' id='par_1_5' title="bbox 95 3821 1280 4322">
     <span class='ocr_line' id='line_1_33' title="bbox 95 3821 1280 3908; baseline 0.004 -29"><span class='ocrx_word' id='word_1_269' title='bbox 95 3821 132 3882; x_wconf 87' lang='lat' dir='ltr'>ita</span> <span class='ocrx_word' id='word_1_270' title='bbox 153 3821 228 3886; x_wconf 90' lang='lat' dir='ltr'>libri</span> <span class='ocrx_word' id='word_1_271' title='bbox 257 3825 331 3888; x_wconf 92' lang='lat' dir='ltr'>olim</span> <span class='ocrx_word' id='word_1_272' title='bbox 356 3827 505 3907; x_wconf 90' lang='lat' dir='ltr'>inpressi.</span> <span class='ocrx_word' id='word_1_273' title='bbox 553 3827 610 3890; x_wconf 92' lang='lat' dir='ltr'>sed</span> <span class='ocrx_word' id='word_1_274' title='bbox 640 3828 708 3890; x_wconf 90' lang='lat' dir='ltr'>vitii</span> <span class='ocrx_word' id='word_1_275' title='bbox 740 3827 953 3908; x_wconf 90' lang='lat' dir='ltr'>suspicionem</span> <span class='ocrx_word' id='word_1_276' title='bbox 984 3846 1111 3888; x_wconf 91' lang='lat' dir='ltr'>movere</span> <span class='ocrx_word' id='word_1_277' title='bbox 1142 3821 1280 3886; x_wconf 89' lang='lat' dir='ltr'>debebat</span> 
     </span>
     <span class='ocr_line' id='line_1_34' title="bbox 95 3926 1278 4011; baseline 0.003 -26"><span class='ocrx_word' id='word_1_278' title='bbox 95 3935 122 3984; x_wconf 91' lang='lat' dir='ltr'>et</span> <span class='ocrx_word' id='word_1_279' title='bbox 145 3927 211 4009; x_wconf 89' lang='lat' dir='ltr'>ipsa</span> <span class='ocrx_word' id='word_1_280' title='bbox 234 3932 344 4006; x_wconf 91' lang='lat' dir='ltr'>oratio,</span> <span class='ocrx_word' id='word_1_281' title='bbox 377 3949 457 4011; x_wconf 90' lang='lat' dir='ltr'>quae</span> <span class='ocrx_word' id='word_1_282' title='bbox 482 3951 543 3993; x_wconf 94' lang='lat' dir='ltr'>non</span> <span class='ocrx_word' id='word_1_283' title='bbox 567 3951 685 3994; x_wconf 81' lang='lat' dir='ltr'>conexa</span> <span class='ocrx_word' id='word_1_284' title='bbox 715 3941 763 3993; x_wconf 90' lang='lat' dir='ltr'>est</span> <span class='ocrx_word' id='word_1_285' title='bbox 794 3931 935 3992; x_wconf 90' lang='lat' dir='ltr'>cumeis</span> <span class='ocrx_word' id='word_1_286' title='bbox 965 3949 1046 4010; x_wconf 91' lang='lat' dir='ltr'>quae</span> <span class='ocrx_word' id='word_1_287' title='bbox 1069 3926 1278 4010; x_wconf 89' lang='lat' dir='ltr'>praecedunt,</span> 
     </span>
     <span class='ocr_line' id='line_1_35' title="bbox 95 4031 1280 4116; baseline 0.003 -29"><span class='ocrx_word' id='word_1_288' title='bbox 95 4041 123 4088; x_wconf 81' lang='lat' dir='ltr'>at</span> <span class='ocrx_word' id='word_1_289' title='bbox 148 4035 336 4114; x_wconf 89' lang='lat' dir='ltr'>scriptorum</span> <span class='ocrx_word' id='word_1_290' title='bbox 372 4034 515 4098; x_wconf 88' lang='lat' dir='ltr'>codicum</span> <span class='ocrx_word' id='word_1_291' title='bbox 549 4034 751 4116; x_wconf 86' lang='lat' dir='ltr'>depravatio:</span> <span class='ocrx_word' id='word_1_292' title='bbox 790 4053 863 4094; x_wconf 90' lang='lat' dir='ltr'>nam</span> <span class='ocrx_word' id='word_1_293' title='bbox 892 4032 1153 4095; x_wconf 86' lang='lat' dir='ltr'>Helmstadiensis</span> <span class='ocrx_word' id='word_1_294' title='bbox 1182 4031 1280 4093; x_wconf 87' lang='lat' dir='ltr'>codex</span> 
     </span>
     <span class='ocr_line' id='line_1_36' title="bbox 96 4131 1278 4218; baseline 0.003 -26"><span class='ocrx_word' id='word_1_295' title='bbox 96 4131 146 4195; x_wconf 88' lang='lat' dir='ltr'>boc</span> <span class='ocrx_word' id='word_1_296' title='bbox 169 4135 276 4216; x_wconf 88' lang='lat' dir='ltr'>habet,</span> <span class='ocrx_word' id='word_1_297' title='bbox 301 4139 362 4200; x_wconf 85' lang='lat' dir='ltr'>Nec</span> <span class='ocrx_word' id='word_1_298' title='bbox 384 4146 418 4199; x_wconf 89' lang='lat' dir='ltr'>ut</span> <span class='ocrx_word' id='word_1_299' title='bbox 440 4145 526 4200; x_wconf 86' lang='lat' dir='ltr'>terra</span> <span class='ocrx_word' id='word_1_300' title='bbox 548 4139 634 4218; x_wconf 87' lang='lat' dir='ltr'>satis,</span> <span class='ocrx_word' id='word_1_301' title='bbox 662 4137 904 4217; x_wconf 81' lang='lat' dir='ltr'>Rebdigeranus</span> <span class='ocrx_word' id='word_1_302' title='bbox 933 4138 1016 4198; x_wconf 89' lang='lat' dir='ltr'>Haec</span> <span class='ocrx_word' id='word_1_303' title='bbox 1036 4145 1072 4198; x_wconf 87' lang='lat' dir='ltr'>at</span> <span class='ocrx_word' id='word_1_304' title='bbox 1092 4156 1169 4198; x_wconf 83' lang='lat' dir='ltr'>uero</span> <span class='ocrx_word' id='word_1_305' title='bbox 1191 4137 1278 4197; x_wconf 84' lang='lat' dir='ltr'>satis.</span> 
     </span>
     <span class='ocr_line' id='line_1_37' title="bbox 96 4239 1280 4322; baseline 0.001 -26"><span class='ocrx_word' id='word_1_306' title='bbox 96 4239 271 4318; x_wconf 83' lang='lat' dir='ltr'>exquibus</span> <span class='ocrx_word' id='word_1_307' title='bbox 298 4243 385 4304; x_wconf 89' lang='lat' dir='ltr'>nullo</span> <span class='ocrx_word' id='word_1_308' title='bbox 413 4243 539 4322; x_wconf 83' lang='lat' dir='ltr'>negotio</span> <span class='ocrx_word' id='word_1_309' title='bbox 562 4241 769 4304; x_wconf 86' lang='lat' dir='ltr'>efficiendum</span> <span class='ocrx_word' id='word_1_310' title='bbox 799 4250 868 4301; x_wconf 87' lang='lat' dir='ltr'>crat</span> <span class='ocrx_word' id='word_1_311' title='bbox 896 4241 956 4302; x_wconf 84' lang='lat' dir='ltr'>Nec</span> <span class='ocrx_word' id='word_1_312' title='bbox 978 4259 1025 4320; x_wconf 84' lang='lat' dir='ltr'>rr,</span> <span class='ocrx_word' id='word_1_313' title='bbox 1057 4245 1153 4318; x_wconf 81' lang='lat' dir='ltr'>terra,</span> <span class='ocrx_word' id='word_1_314' title='bbox 1185 4243 1280 4302; x_wconf 80' lang='lat' dir='ltr'>sctr&#39;s:</span> 
     </span>
    </p>
   </div>
   <div class='ocr_carea' id='block_1_3' title="bbox 117 4399 295 4407">
    <p class='ocr_par' dir='ltr' id='par_1_6' title="bbox 117 4399 295 4407">
     <span class='ocr_line' id='line_1_38' title="bbox 117 4399 295 4407; baseline -0.006 0"><span class='ocrx_word' id='word_1_315' title='bbox 117 4399 124 4404; x_wconf 75' lang='grc' dir='ltr'>ν·</span> <span class='ocrx_word' id='word_1_316' title='bbox 137 4399 295 4407; x_wconf 75' lang='lat'>--—-——</span> 
     </span>
    </p>
   </div>
   <div class='ocr_carea' id='block_1_4' title="bbox 158 4479 1193 4632">
    <p class='ocr_par' dir='ltr' id='par_1_7' title="bbox 158 4479 1193 4632">
     <span class='ocr_line' id='line_1_39' title="bbox 158 4479 1193 4549; baseline -0.003 -16"><span class='ocrx_word' id='word_1_317' title='bbox 158 4483 181 4544; x_wconf 72' lang='grc' dir='ltr'><strong>ἰ</strong></span> <span class='ocrx_word' id='word_1_318' title='bbox 204 4483 300 4546; x_wconf 80' lang='lat' dir='ltr'>[Edidit</span> <span class='ocrx_word' id='word_1_319' title='bbox 318 4483 462 4548; x_wconf 79' lang='lat' dir='ltr'>Hauptius:</span> <span class='ocrx_word' id='word_1_320' title='bbox 485 4483 529 4535; x_wconf 86' lang='lat' dir='ltr'>hic</span> <span class='ocrx_word' id='word_1_321' title='bbox 547 4483 644 4549; x_wconf 81' lang='lat' dir='ltr'>Tityon</span> <span class='ocrx_word' id='word_1_322' title='bbox 662 4488 782 4534; x_wconf 83' lang='lat' dir='ltr'>stravere</span> <span class='ocrx_word' id='word_1_323' title='bbox 802 4496 907 4534; x_wconf 84' lang='lat' dir='ltr'>novena</span> <span class='ocrx_word' id='word_1_324' title='bbox 928 4483 954 4532; x_wconf 87' lang='lat' dir='ltr'>in</span> <span class='ocrx_word' id='word_1_325' title='bbox 974 4483 1065 4546; x_wconf 83' lang='lat' dir='ltr'>iugera</span> <span class='ocrx_word' id='word_1_326' title='bbox 1084 4479 1193 4532; x_wconf 80' lang='lat' dir='ltr'>foedum</span> 
     </span>
     <span class='ocr_line' id='line_1_40' title="bbox 481 4568 1140 4632; baseline -0.005 -12"><span class='ocrx_word' id='word_1_327' title='bbox 481 4571 626 4621; x_wconf 88' lang='lat' dir='ltr'>sollicitant</span> <span class='ocrx_word' id='word_1_328' title='bbox 645 4570 698 4620; x_wconf 89' lang='lat' dir='ltr'>illic</span> <span class='ocrx_word' id='word_1_329' title='bbox 718 4572 743 4618; x_wconf 89' lang='grc' dir='ltr'><strong>ιε</strong></span> <span class='ocrx_word' id='word_1_330' title='bbox 762 4571 874 4630; x_wconf 84' lang='lat' dir='ltr'>circum,</span> <span class='ocrx_word' id='word_1_331' title='bbox 897 4568 1018 4628; x_wconf 82' lang='lat' dir='ltr'>Tentata,</span> <span class='ocrx_word' id='word_1_332' title='bbox 1038 4569 1140 4632; x_wconf 81' lang='lat' dir='ltr'>pomo]</span> 
     </span>
    </p>
   </div>
   <div class='ocr_carea' id='block_1_5' title="bbox 1039 4673 1076 4720">
    <p class='ocr_par' dir='ltr' id='par_1_8' title="bbox 1039 4673 1076 4720">
     <span class='ocr_line' id='line_1_41' title="bbox 1039 4673 1076 4720; baseline 0 -16"><span class='ocrx_word' id='word_1_333' title='bbox 1039 4673 1076 4720; x_wconf 56' lang='grc'>3,</span> 
     </span>
    </p>
   </div>
   <div class='ocr_carea' id='block_1_6' title="bbox 0 0 1638 5108">
    <p class='ocr_par' dir='ltr' id='par_1_9' title="bbox 0 0 1638 5108">
     <span class='ocr_line' id='line_1_42' title="bbox 0 0 1638 5108; baseline 0 1"><span class='ocrx_word' id='word_1_334' title='bbox 0 0 1638 5108; x_wconf 95' lang='lat' dir='ltr'> </span> 
     </span>
    </p>
   </div>
  </div>
 </body>
</html>
