3240 5094
444 407 532 470 incar
554 425 719 472 tscrranra
743 427 920 472 rssrrmnra
947 409 1041 471 tart.
1261 397 1335 471 497

146 595 188 658 ad
208 597 381 679 principale
403 599 520 662 cadmea
542 601 696 680 insperato
719 599 801 663 scitu
820 605 998 681 mareotae,
1023 618 1122 681 quam
1141 603 1338 666 emendatio-

147 717 221 761 nem
242 698 408 781 adolphus
430 701 638 783 Kiesslingius
661 704 840 784 praecepit:
874 701 931 765 sed
954 702 1053 765 saltus
1076 704 1130 766 iile
1153 705 1337 769 divitiarum

147 801 308 867 absurdus
331 815 390 866 est.
437 803 643 868 scribendum
667 825 735 868 asse
758 804 888 868 ridetur
909 805 951 868 cd
973 825 1080 868 narra.

235 907 310 990 Cap.
336 911 355 968 8
382 909 420 968 tt
450 910 604 990 scriptum
634 919 683 972 est
708 911 859 988 Guneus,
892 909 973 972 unde
995 910 1125 974 advemit
1144 911 1236 976 taius
1258 913 1340 978 madi

144 1029 236 1090 ponsa
252 1011 408 1074 tomellus.
447 1032 510 1088 non
534 1012 731 1076 credendum
753 1023 802 1077 ast
816 1011 1016 1076 ammianum
1039 1025 1101 1080 tam
1118 1017 1335 1097 neglegenter,

148 1113 242 1175 imma
273 1125 334 1176 tam
366 1117 474 1197 inepte
506 1117 642 1180 locutum
673 1137 755 1180 esse.
803 1117 931 1198 scripsit
960 1119 1064 1199 potius
1093 1119 1185 1182 huius
1215 1139 1337 1184 nosram

145 1235 249 1297 pomo.

237 1321 313 1402 Cap.
339 1324 357 1382 9
384 1322 395 1381 i
432 1321 509 1384 haec
531 1322 697 1403 leguntur,
729 1331 761 1386 ot
779 1325 938 1406 prosperis
960 1325 1102 1388 Iulianus
1124 1326 1233 1388 elatior
1254 1327 1339 1390 nitra

147 1419 282 1486 domines
312 1426 373 1488 tom
401 1425 556 1507 spirabat,
587 1427 710 1509 periclis
740 1435 886 1508 copertus
916 1427 1055 1490 adsiduis
1084 1428 1163 1511 quod
1189 1431 1218 1492 ei
1238 1429 1338 1492 arbem

147 1527 315 1590 Romanum
334 1529 457 1610 placide
471 1532 533 1591 ium
548 1533 665 1614 repenti
678 1531 760 1592 vetut
773 1529 961 1592 mundonem
977 1534 1188 1614 cornucopiam
1203 1535 1339 1596 Fortuna

147 1636 271 1710 pestons
291 1634 427 1714 propitia
448 1641 557 1696 cuncto
577 1634 711 1716 pieriosa
732 1633 885 1715 deserebat
906 1641 933 1696 et
952 1653 1122 1716 prospera,
1154 1639 1338 1719 anteprersis

142 1735 347 1800 uictoriarum
370 1736 465 1798 titulis
486 1736 560 1798 hoec
581 1755 695 1819 proque
717 1737 853 1800 adiciens
872 1737 1037 1818 quoddam
1052 1741 1337 1822 teneretimperinm

145 1837 230 1900 sotus
259 1856 314 1900 nec
342 1837 469 1902 motibus
498 1841 625 1904 internis
654 1848 699 1903 est
721 1842 853 1902 concinis
876 1859 930 1902 nec
952 1839 1157 1904 barbarorum
1180 1845 1338 1926 qnisquam

145 1939 232 2002 uitro
261 1959 333 2004 suos
362 1943 491 2007 emsiiuit
512 1945 608 2025 fiores:
635 1944 742 2025 popuii
762 1963 863 2006 omnes
886 1943 1031 2006 coniuncte
1054 1962 1172 2026 semper
1194 1947 1341 2010 insectari

142 2045 316 2123 praeterito
336 2053 371 2108 ut
391 2045 540 2110 damnosa
561 2055 588 2110 ei
611 2049 709 2110 nomia
731 2047 763 2108 in
786 2046 892 2109 lauder
915 2049 981 2110 eine
1002 2047 1111 2110 stodiis
1126 2049 1215 2112 miris
1230 2067 1338 2112 occen-

145 2145 307 2210 debaniur.
350 2159 508 2230 postrema
530 2169 636 2232 neque
659 2160 837 2230 congruunt
859 2152 1022 2213 satiacum
1040 2153 1337 2232 reliquasententia

148 2267 255 2330 neque
280 2270 390 2316 verum
413 2264 462 2315 est
481 2255 614 2335 populas
629 2273 756 2336 semper
770 2252 863 2314 avide
880 2254 1028 2316 insectari
1044 2256 1216 2336 praeterita
1232 2237 1337 2336 ne'que

147 2353 297 2417 cohaeret
319 2357 418 2418 oratio
441 2377 511 2420 cum
535 2359 582 2420 eis
604 2375 685 2438 quae
708 2356 922 2438 praecedunt,
954 2358 1007 2420 sed
1029 2368 1133 2420 autem
1157 2357 1242 2440 quod
1265 2369 1338 2420 ante

143 2458 254 2539 popuii
274 2457 397 2522 addunt
413 2480 476 2523 non
492 2449 546 2523 ast'
562 2471 683 2542 aptum.
724 2463 923 2541 suspicantur
937 2461 1143 2524 scribendum
1159 2481 1229 2524 esse
1245 2479 1361 2529 raet-o

147 2579 236 2634 arara
258 2581 361 2628 omnes
383 2583 463 2627 orror
487 2583 621 2628 aaaron
644 2566 792 2627 insectari
808 2567 980 2647 praeterita
1001 2575 1061 2627 eta.

236 2667 432 2749 Paragrapho
449 2669 483 2729 tt
504 2669 582 2731 haec
602 2677 785 2747 narrantur,
810 2685 867 2750 quo
888 2667 985 2731 taedio
1001 2669 1142 2730 Iulianus
1157 2668 1337 2752 defetiqotos

145 2767 189 2832 ad
211 2770 408 2854 iorqitionum
425 2773 559 2834 commem
573 2773 673 2833 vistim
685 2773 815 2853 propius
840 2769 926 2834 ‘iube’
944 2773 1041 2852 inperii
1066 2773 1244 2854 ‘perimoiaso
1259 2791 1339 2856 par-

146 2873 218 2934 ruio
243 2875 355 2957 pedum
384 2877 513 2959 myrrino
541 2875 614 2936 dori
639 2893 800 2956 purpurea
828 2874 870 2936 ad
896 2873 1112 2937 adversarium
1137 2874 1335 2957 perferenda,

148 2993 254 3058 mam,
288 2985 319 3040 nt
347 2977 441 3041 miror
467 2979 616 3061 mteiiepi,
648 2977 834 3059 chlamydem
861 2977 952 3040 iuius
981 2977 1090 3040 coieris
1113 2986 1260 3042 memorat
1280 2977 1340 3041 sibi

149 3082 399 3158 consarcinasse,
430 3089 464 3144 ut
492 3083 569 3146 sciri
592 3084 691 3164 possit
718 3085 784 3144 sine
806 3079 924 3144 viribus
946 3083 1093 3144 maximis
1115 3059 1201 3162 mid
1207 3082 1341 3163 pannuli

145 3185 304 3264 proficient
333 3185 434 3248 ieoes.'
480 3183 681 3248 scribebatur
716 3192 861 3268 perroto,
906 3184 993 3265 quod
1024 3185 1099 3247 alirn
1129 3185 1336 3248 correximus

150 3305 264 3350 verum
288 3307 328 3350 ne
348 3290 519 3369 pericuioso
542 3287 673 3368 quidem
697 3299 782 3351 reate
805 3307 839 3350 se
863 3286 981 3350 habere
1006 3287 1151 3350 videtur:
1184 3289 1338 3370 seriptum

148 3399 257 3452 antam
288 3409 358 3454 esse
381 3390 499 3454 dicitur
521 3393 553 3454 in
579 3390 659 3454 libro
681 3390 831 3454 Fuldensi
853 3393 1052 3473 pensatam.
1100 3411 1158 3453 cur
1179 3393 1339 3472 pericula-

150 3512 222 3556 sum
246 3493 385 3557 lulianus
408 3495 504 3557 vilem
528 3497 622 3558 istum
645 3495 818 3574 hominem,
844 3504 878 3557 ut
900 3505 992 3558 antea
1016 3495 1144 3572 dicitur,
1169 3495 1339 3576 adpellarit

148 3596 237 3660 nodia
260 3597 353 3660 nobis
374 3599 450 3660 satis
473 3597 586 3662 idonea
607 3597 742 3679 adparet
757 3617 861 3662 causa.
902 3597 1029 3660 videtur
1044 3599 1148 3679 potius
1164 3617 1338 3680 pauperem

149 3710 181 3764 ot
203 3699 367 3764 sordidum
390 3702 535 3782 graviore
558 3704 663 3784 aliquo
686 3703 827 3766 convicio
843 3711 978 3764 notasse.
1025 3719 1125 3781 quare
1141 3705 1340 3782 suspicamur

148 3804 282 3866 fortasse
311 3803 517 3867 scribendum
546 3825 617 3868 esse
646 3823 837 3867 raorcrsosc.
885 3803 969 3884 quod
1001 3802 1188 3867 vocabulum
1211 3815 1340 3886 praeter

150 3907 324 3970 Martialem
347 3927 388 3970 ra
412 3908 489 3971 598
512 3908 732 3971 Onomastioon
758 3920 850 3971 vetus
873 3907 978 3971 habet.
1004 3909 1037 3968 in
1060 3926 1122 3988 qua
1145 3917 1193 3970 est
1211 3907 1338 3988 pedim-

149 4010 233 4072 losur
255 4009 411 4097 φθειριῶν.

237 4115 314 4196 Cap.
341 4116 414 4178 403
439 4116 575 4204 certiore
598 4113 819 4178 emendatione
841 4113 1012 4177 scribimus
1034 4113 1176 4176 iudicium
1191 4115 1270 4176 enim
1285 4113 1340 4176 iac

151 4225 195 4282 est
217 4218 382 4300 optandum
404 4227 431 4282 et
453 4227 580 4294 rectum,
597 4218 651 4280 abi
668 4237 726 4300 per
749 4220 841 4280 vario
862 4220 1048 4302 nepotiornm
1064 4219 1211 4279 martina
1227 4219 1338 4280 iustum

149 4339 222 4384 roas
251 4329 296 4385 est
317 4329 344 4384 et
367 4323 523 4384 minamine.
570 4323 723 4403 scriptum
754 4332 821 4384 erat
844 4321 893 4396 id,
926 4320 982 4384 sed
1006 4321 1084 4384 idem
1106 4321 1242 4401 requirit
1263 4339 1339 4382 seu-

149 4425 260 4488 tentie.
310 4427 366 4486 hoe
389 4427 474 4487 enim
491 4424 619 4502 dicitur,
646 4435 765 4488 rectum
783 4443 851 4486 esse
869 4425 1019 4487 iudicium
1037 4421 1092 4485 ubi
1111 4423 1195 4484 idem
1211 4441 1339 4504 semiper

151 4527 289 4590 habetur
311 4530 427 4591 iustum
451 4529 634 4610 pariterque
659 4527 742 4590 idem
766 4528 929 4590 iniustum.

202 4645 323 4698 aoopttt
336 4645 454 4698 osmonte.
469 4645 497 4686 11.
1100 4648 1131 4697 :12
