3268 5108
390 417 478 476 irruas
501 435 668 478 tncrtourn
690 435 870 479 snsrrrsnvu
896 417 990 478 teat.
1238 399 1285 472 37

101 607 150 685 qui
179 607 220 666 ita
242 615 368 687 poetam
398 607 564 688 scripsisse
593 607 735 686 putavit,
768 603 815 667 Ad
838 609 930 668 citam
954 590 1170 689 sceptrisque*
1193 605 1315 670 ammira

99 710 205 770 circum
227 717 310 771 meat
330 718 439 772 ortas.-
471 719 637 791 praeterea
660 710 739 771 haec
762 711 960 788 coniectura,
986 717 1021 771 ut
1043 719 1202 773 taceamus
1224 727 1288 770 non

98 813 233 892 intellegi
257 813 314 893 qui
344 815 506 894 potuerint
529 822 618 875 artus
649 815 682 875 in
705 813 784 875 idem
811 813 944 892 mutari,
976 813 1093 894 partim
1116 831 1152 874 eo
1175 811 1290 873 nititur

84 914 175 995 'qnod
199 917 285 994 ltaii,
317 927 353 978 ut
375 917 532 994 diximus,
559 915 742 999 iniquisque
764 918 978 998 scripserunt,
1011 917 1101 979 cuius
1124 917 1171 977 rei
1195 933 1287 977 causa

98 1039 164 1080 mox
195 1018 378 1100 adparebit.
426 1019 627 1082 laudabimus
658 1020 759 1099 siquis
792 1019 1055 1101 depravatissima
1089 1018 1188 1081 verba
1222 1017 1287 1081 leni

96 1123 262 1184 mutatione
287 1125 477 1185 correxerit:
511 1123 639 1185 interim
663 1143 720 1185 nos
742 1125 775 1186 in
798 1123 938 1186 carmine
961 1133 1006 1184 tot
1028 1133 1156 1202 tamque
1181 1124 1288 1203 gravi-

95 1223 151 1288 bus
166 1227 253 1288 vitiis
275 1227 370 1307 pleno
392 1226 559 1288 audaciore
584 1225 806 1290 emendatione
830 1229 877 1289 uti
892 1247 955 1289 non
972 1245 1163 1308 magnopere
1187 1225 1288 1288 reior-

97 1329 297 1410 midabimus,
323 1331 511 1412 praesertim
535 1332 567 1394 in
592 1330 680 1391 initio
704 1349 826 1410 versus,
852 1349 934 1411 quae
956 1331 1107 1392 vitiorum
1130 1328 1287 1411 quaedam

97 1435 181 1513 quasi
205 1433 302 1496 sedes
324 1445 383 1512 est,
409 1443 563 1515 utsupra
587 1432 738 1520 diximus.
786 1436 892 1514 itaque
915 1443 1064 1516 putamus
1086 1443 1210 1515 poetam
1233 1440 1288 1495 aut

97 1537 258 1618 scripsisse
287 1548 342 1599 aut
372 1535 514 1600 scribere
544 1547 630 1599 certe
659 1531 812 1619 potuisse¹
828 1545 918 1620 atquae
947 1539 1113 1600 amimaalt's
1149 1539 1205 1599 Per
1227 1544 1288 1598 tota

95 1648 230 1702 errantes
256 1647 448 1722 percurrunt
473 1659 603 1722 corpora
631 1659 727 1703 venae
753 1661 889 1714 usuram
913 1661 1002 1721 ιιιιι,
1035 1641 1162 1724 saeptis
1190 1641 1287 1702 omnis

95 1763 150 1824 aaa
177 1763 334 1823 eorunm,
371 1763 456 1804 rsnmr
491 1745 588 1806 Terra
615 1744 812 1828 vorapiaibas
846 1753 1003 1827 conceptas
1036 1744 1147 1828 diperil
1174 1763 1284 1807 auras.

97 1847 125 1908 in
148 1848 196 1910 his
218 1867 235 1909 a
260 1848 385 1909 Clerioo
406 1847 642 1928 adsumpsimus
666 1847 772 1910 isdem.
811 1848 869 1911 sed
892 1847 978 1911 idem
1001 1847 1144 1910 Clericus
1166 1857 1287 1910 temere

97 1954 217 2034 scripsit
243 1951 470 2034 foraminibus:
501 1969 574 2013 nam
598 1949 703 2014 hiatus
727 1962 758 2014 et
780 1951 937 2032 latebras,
972 1971 1051 2033 quas
1080 1962 1173 2014 antea
1195 1959 1287 2032 poeta

98 2054 232 2134 dixerat,
263 2055 432 2135 voragines
455 2064 540 2117 recte
564 2074 676 2117 vocare
701 2057 812 2137 potuit.
859 2055 1010 2118 vocabulo
1033 2054 1118 2136 quod
1141 2063 1188 2118 est
1211 2073 1287 2116 san·

99 2161 160 2240 puis
189 2157 369 2240 spondeum
398 2159 521 2239 expleri
552 2168 623 2239 post
652 2178 688 2222 ea
717 2178 798 2239 quae
828 2160 1047 2222 Lachmannus
1078 2158 1119 2222 ad
1149 2156 1286 2220 Lucretii

99 2263 184 2324 1853
209 2261 383 2343 adscripsit
412 2262 516 2325 notius
540 2263 600 2322 iam
628 2263 690 2324 erit
718 2274 812 2343 quem
843 2273 874 2326 et
896 2281 1000 2345 nuper
1023 2281 1085 2324 non
1108 2263 1206 2325 nullis
1228 2261 1288 2323 init

99 2377 124 2425 et
145 2366 216 2428 olim
247 2366 333 2428 Italis
361 2365 424 2426 illis
454 2367 509 2445 qui
538 2368 724 2448 sceptrisque
746 2368 944 2448 scripserunt
966 2366 1107 2448 dumque
1138 2383 1287 2427 numeros

98 2470 240 2530 carminis
258 2469 428 2531 restituere
445 2468 506 2530 sibi
522 2467 675 2530 videntur
689 2471 882 2532 sententiam
897 2479 1134 2551 perverterunt.
1171 2487 1287 2530 seeun-

101 2581 146 2633 tur
167 2573 257 2651 haec,

221 2677 336 2740 scilicet
357 2684 412 2738 aut
434 2677 516 2753 olim,
542 2675 640 2738 diviso
662 2693 788 2756 corpore
809 2675 918 2738 masidi

223 2781 255 2840 ia
277 2781 382 2841 maria
403 2799 440 2841 ac
463 2787 565 2842 terras
587 2788 616 2841 et
636 2780 752 2854 sidera,
778 2798 846 2842 sors
868 2778 942 2841 data
965 2781 1047 2842 caelo

219 2885 335 2964 prima,
362 2890 465 2945 secata
487 2884 595 2962 maris,
622 2882 791 2963 deseditqae
814 2883 917 2963 intimo
940 2883 1039 2963 lellus,

222 2987 276 3049 sed
298 2987 366 3048 totis
389 2989 505 3048 rimoso
526 2986 612 3048 cacis
635 2993 663 3047 et
684 2985 783 3066 qualis
806 3003 936 3048 aemam

221 3090 312 3152 emilii
333 3089 494 3171 inparibus
517 3091 605 3150 iactis
627 3107 670 3150 eo:
692 3097 823 3170 tempore
845 3090 948 3168 soccis,

221 3201 256 3254 ut
276 3192 382 3255 crebro
405 3193 558 3256 introrsus
581 3193 679 3273 spatio
702 3199 835 3254 vocitata
857 3192 1011 3274 corymbos

218 3297 403 3378 pendeatis
426 3315 502 3372 sesa,
531 3297 627 3358 simili
646 3313 760 3378 qumque
782 3304 869 3358 terro
887 3297 991 3378 fiyara

223 3402 255 3462 ia
278 3408 383 3463 tenues
406 3401 518 3462 laoeata
540 3401 608 3462 vias
630 3419 690 3460 aaa
713 3400 809 3462 omnis
832 3400 865 3460 ia
887 3407 990 3462 artum

224 3523 277 3567 irco
300 3506 414 3586 stipata
435 3503 511 3579 coit,·
534 3505 598 3564 siva
621 3503 668 3566 illi
689 3521 785 3565 caasa
807 3509 925 3564 vetusta
947 3511 991 3566 est

222 3627 275 3670 aec
297 3615 373 3670 nato
395 3615 440 3668 cst
458 3607 566 3688 facies,
592 3607 646 3670 sed
668 3605 744 3670 liber
767 3607 896 3687 spiritus
919 3607 1003 3668 intro

223 3713 368 3795 affuyicas
391 3711 514 3772 amlitur
537 3713 604 3786 iter,
631 3729 684 3772 sea
707 3708 829 3792 lympha
847 3711 979 3790 parmai

223 3815 282 3878 adit
303 3814 427 3902 lamam
450 3815 519 3876 limo
538 3814 707 3895 furtimque
729 3812 879 3876 obstantia
900 3813 1006 3890 mollit,

222 3927 275 3981 out
297 3921 388 3982 etiam
411 3919 523 3981 inclusi
543 3917 673 3980 solidum
697 3918 795 3981 vicere
817 3934 947 3998 vapores

222 4030 309 4104 atque
331 4024 397 4106 ipat
416 4023 554 4104 qrmesita
576 4023 630 4082 vio
651 4027 706 4096 cst,
732 4021 795 4082 sive
818 4022 920 4082 omnia
942 4023 1033 4084 cartis

221 4143 396 4209 papnavera
419 4126 508 4188 locis:
533 4143 591 4185 aaa
616 4131 661 4186 est
681 4123 729 4186 tto
751 4142 847 4185 caasa
870 4123 1014 4201 docendo,

224 4227 294 4291 dam
316 4237 372 4292 stet
393 4248 469 4311 opas
492 4245 614 4290 causac.

109 4327 136 4388 in
162 4331 260 4412 primo
289 4351 386 4396 versu
417 4331 518 4394 codex
542 4329 811 4411 Cantabrigiensis
839 4331 923 4392 haud
952 4330 1062 4392 habet:
1092 4319 1169 4410 ιιι,
1202 4331 1287 4411 quod

110 4433 213 4512 reliqui
238 4435 302 4498 iera
326 4435 400 4497 lihri
422 4434 590 4516 praebent,
616 4453 729 4497 verum
751 4454 821 4496 esse
842 4433 972 4497 lacobus
995 4435 1170 4497 rectissime
1193 4435 1288 4498 intol-

112 4531 189 4596 lerit.
228 4538 280 4600 scd
305 4541 336 4600 in
363 4540 494 4620 reliquis
511 4536 658 4601 versibus
681 4538 851 4618 plerasque
874 4539 942 4600 eius
964 4539 1129 4619 opiniones
1150 4536 1287 4620 probare
