3184 5108
330 355 403 424 298
627 367 715 428 innan
738 386 903 429 trcrtcnvu
927 367 1220 428 unanimitatem.

330 557 405 620 dum
430 557 481 618 sit.
529 557 666 636 primum
695 566 790 636 negat
812 575 891 636 opus
914 575 984 617 esse
1014 555 1113 618 ulad
1138 554 1408 636 Citrysothernidis
1432 554 1503 615 illam

330 661 607 739 interrogationem
636 649 655 743 ή
679 653 747 730 τοὺς
770 653 916 729 θανόντας
944 654 1136 742 ἐξαναστήσω
1157 656 1246 734 ποτέ;
1280 659 1445 738 quicquam
1470 657 1504 718 alt

329 765 452 826 Electra
477 762 719 843 respondeatur.
774 761 893 824 deinde
917 759 1003 842 quod
1034 760 1245 842 respondetur
1275 755 1329 824 οὐκ
1350 755 1416 822 ἔσθ’
1442 752 1500 841 ὅγ’

327 863 409 930 εἶπον
433 865 511 947 quid
541 864 698 944 significet
726 863 809 926 lacili
840 864 972 945 quidem
1002 883 1059 926 nos
1087 867 1269 927 coniectura
1298 865 1430 946 adsequi
1456 867 1503 942 ait,

327 969 384 1031 sed
406 967 573 1030 obscuram
596 977 700 1028 tamen
725 966 853 1029 dicendi
878 970 1030 1029 rationem
1047 967 1117 1029 vitii
1141 969 1353 1048 suspicionem
1376 987 1502 1028 movere.

326 1084 393 1135 turn
424 1071 509 1152 quod
540 1070 669 1133 additur
698 1063 813 1155 οὐγὰρ
836 1060 893 1132 ὧδ’
929 1061 1033 1155 ἄφρων
1061 1066 1135 1154 ἔρον
1169 1071 1302 1131 otiosum
1330 1090 1398 1132 esse
1426 1069 1502 1148 dic-it,

328 1179 422 1238 immo
445 1175 611 1236 insulsum.
660 1175 769 1254 itaque
792 1173 968 1236 tollendum
990 1193 1060 1235 esse
1084 1174 1167 1236 hunc
1186 1191 1317 1236 versum
1339 1184 1454 1251 censet,
1475 1184 1504 1234 ut
1589 1239 1590 1252 ρ

326 1289 432 1341 autem
462 1279 527 1340 tolli
557 1278 655 1358 possit
681 1276 872 1338 traiciendas
896 1295 965 1338 esse
996 1276 1075 1338 duos
1102 1277 1179 1338 alios
1210 1295 1333 1338 versus.
1387 1275 1417 1338 id
1440 1295 1504 1336 varo
1589 1255 1590 1288 r

329 1394 363 1444 ut
386 1382 439 1444 fiat
460 1382 554 1443 etiam
577 1377 773 1465 στιχοροθίας
793 1380 879 1460 leges
902 1377 1037 1440 suadere
1053 1378 1231 1441 adseverat.
1279 1379 1390 1441 scribit
1419 1380 1505 1460 igitur

436 1480 504 1546 ΗΛ.
551 1475 644 1553 οὕτως
667 1478 733 1566 ἔχει
756 1505 803 1544 σοι
824 1475 924 1546 ταῦτ’·
956 1475 1010 1544 ἐὰν
1034 1480 1066 1545 δέ
1090 1503 1142 1566 μοι
1163 1479 1237 1564 πίθη

434 1582 502 1649 XP.
549 1576 569 1668 ή
592 1580 660 1657 τούς
683 1579 830 1657 θανόντας
852 1581 1043 1668 ἐξαναστήσω
1065 1583 1151 1660 ποτές

434 1685 503 1752 ΗΛ.
549 1691 602 1772 τῆς
624 1691 675 1751 νῦν
697 1683 851 1772 παρούσης
872 1691 1009 1772 πημονῆς
1032 1681 1130 1758 λύσεις
1153 1681 1255 1772 βάρος.

433 1787 502 1854 ΧΡ.
547 1789 575 1854 τί
596 1786 654 1875 γὰρ
677 1785 810 1863 κελεύοις
833 1781 874 1855 ὧν
898 1786 959 1874 ἐγω
981 1789 1161 1876 ρερέγγοοςς

327 1915 388 1956 non
412 1893 601 1974 putabamus
624 1896 790 1957 inventum
819 1896 858 1956 iri
884 1895 939 1976 qui
969 1895 1027 1956 hoc
1056 1903 1257 1975 sequeretur.
1305 1913 1377 1955 cum
1410 1903 1504 1954 tamen

327 1999 440 2059 lactum
465 1999 516 2076 sit,
548 2017 605 2078 age
629 1996 865 2061 consideremus
888 1998 1019 2059 Nauclrii
1044 1998 1102 2058 ista
1126 1997 1336 2075 vaframenta,
1368 2015 1447 2075 quae
1468 1997 1505 2057 ita

327 2111 495 2181 conparata
517 2111 592 2164 suut
621 2111 656 2163 ut
678 2099 865 2180 diligentius
886 2100 1104 2162 attendentem
1127 2101 1183 2162 vix
1208 2100 1332 2180 possint
1354 2097 1503 2180 decipere.

326 2223 362 2264 ac
391 2205 529 2284 primmn
558 2204 690 2284 quidem
719 2222 800 2284 quae
831 2204 902 2266 illae
932 2203 996 2266 sint
1027 2222 1106 2284 quas
1135 2202 1293 2282 significat
1321 2199 1506 2286 στιχοροθέας

327 2308 415 2387 leges
437 2327 494 2369 uos
517 2306 647 2388 quidem
670 2309 868 2387 ignoramus:
903 2306 982 2370 illud
1012 2316 1135 2369 certum
1158 2317 1216 2385 est,
1249 2303 1504 2385 quemadmodum

326 2419 399 2471 ante
423 2418 572 2491 quattuor
595 2408 866 2490 Chrysothemidis
887 2427 1000 2472 versus
1022 2408 1085 2471 duo
1114 2418 1189 2471 sunt
1218 2406 1363 2470 eiusdem
1393 2417 1426 2470 et
1452 2406 1506 2470 duo

326 2513 481 2589 Electrae,
516 2513 557 2574 ita
581 2522 650 2592 pest
673 2513 743 2574 illos
766 2510 1037 2593 Chrysothemidis
1059 2520 1207 2591 quattuor
1229 2529 1343 2573 versus
1366 2511 1443 2574 duos
1461 2530 1506 2572 sc-

326 2617 381 2695 qui
410 2633 502 2694 posse
525 2615 670 2678 Electrae
700 2633 807 2695 neque
831 2615 927 2678 ullam
951 2633 1022 2676 esse
1045 2633 1170 2678 causum
1200 2632 1257 2676 cur
1288 2614 1351 2676 iam
1381 2615 1451 2676 hinc
1471 2611 1504 2675 ad

326 2718 466 2797 singulos
488 2738 601 2780 versus
623 2719 823 2798 conloquium
854 2719 991 2780 transire
1016 2716 1136 2780 debere
1164 2726 1350 2779 statuamus.
1398 2715 1504 2778 deinde

326 2820 412 2901 quod
435 2821 511 2884 dicit
540 2841 602 2882 non
626 2839 705 2900 opus
727 2839 797 2884 esse
825 2830 860 2882 ut
884 2818 1138 2902 Chrysothemidi
1168 2820 1377 2899 interroganti
1405 2809 1504 2902 ήτούς

325 2917 471 2995 θανόντας
494 2918 685 3007 ἐξαναστήσω
707 2922 793 3000 ποτέ;
828 2925 997 3004 quicquam
1020 2923 1144 2984 Electra
1167 2921 1369 3003 respondeat,
1395 2924 1421 2984 is
1442 2933 1504 2983 tau·

326 3037 392 3089 tum
416 3027 526 3088 credet
542 3028 597 3107 qui
614 3027 850 3106 conloquiorum
874 3027 1064 3105 tragicorum
1087 3024 1316 3105 pedetemptim
1338 3024 1504 3104 proceden-

326 3131 405 3192 tium
436 3129 700 3192 oensuetudinem
729 3147 847 3211 susque
876 3128 981 3209 deque
1012 3127 1117 3192 habet.
1170 3127 1287 3190 deinde
1316 3121 1353 3190 σθ
1374 3123 1431 3212 γὰρ
1451 3117 1502 3188 ὁδ’

327 3223 431 3317 ἄφρων
454 3229 527 3317 ἔφυν
557 3233 690 3294 otiosum
714 3251 782 3294 esse
811 3243 907 3312 atque
936 3232 1091 3294 insulsum
1121 3249 1182 3292 nou
1214 3230 1339 3310 putabit
1368 3231 1428 3292 nisi
1455 3229 1501 3309 qui

327 3337 459 3398 nimium
482 3347 565 3397 amat
588 3335 713 3398 acutula
730 3334 874 3414 dicteria,
899 3334 1063 3416 pudetque
1084 3351 1329 3396 commemorare
1353 3351 1434 3413 quae
1454 3334 1503 3393 Se

326 3439 476 3519 phocleae
491 3440 623 3502 orationi
646 3440 760 3502 similia
782 3437 857 3500 alibi
883 3438 1101 3500 inveniuntur.
1145 3435 1287 3516 denique
1302 3437 1501 3498 certissimum

326 3553 436 3604 estne
460 3540 536 3602 terri
561 3541 692 3621 quidem
715 3559 806 3621 posse
830 3542 920 3602 istam
951 3541 1047 3603 unius
1068 3557 1181 3600 versus
1203 3537 1412 3601 abiectionem
1434 3537 1502 3600 due

327 3664 462 3725 rumque
484 3645 617 3706 aliorum
639 3645 869 3708 traiectionem.
916 3662 989 3706 nam
1012 3652 1177 3724 postquam
1193 3641 1317 3702 Electra
1340 3643 1386 3702 sic
1408 3640 1502 3704 dicere

329 3749 457 3828 incepit,
483 3743 535 3810 ἐὰν
559 3745 591 3808 δέ
609 3769 659 3829 μοι
672 3745 767 3831 τίθη,
792 3765 972 3810 sermonem
988 3746 1057 3808 eius
1073 3745 1320 3825 Chrysothemis
1346 3745 1408 3806 uisi
1430 3743 1501 3804 latua

327 3860 385 3930 est,
412 3869 474 3911 non
497 3859 601 3931 potest
622 3850 856 3930 interrumpere
879 3839 975 3940 ἰθοή
997 3843 1065 3919 τοὺς
1080 3843 1226 3918 θανόντος
1247 3841 1437 3929 ἐξαναστήσω
1456 3867 1502 3905 πο·

325 3951 375 4019 cl:
409 3952 550 4015 nondum
575 3954 659 4014 enim
689 3955 858 4033 quicquam
890 3951 971 4014 dixit
992 3952 1116 4014 Electra
1143 3948 1182 4012 ad
1211 3949 1298 4030 quod
1328 3947 1500 4029 responderi

326 4057 424 4144 possit
447 4055 564 4118 frustra
588 4075 657 4118 eam
681 4055 846 4118 consilium
874 4057 1005 4135 agitare.
1053 4063 1160 4116 contra
1190 4051 1246 4114 ubi
1276 4051 1431 4116 illedixit
1456 4043 1499 4111 ἐὰν

327 4158 359 4221 δέ
383 4181 434 4242 μοι
455 4155 548 4241 πίθη,
573 4153 634 4240 Τής
656 4160 707 4220 νῦν
722 4151 875 4243 παρούσης
897 4159 1034 4240 πημονῆς
1051 4150 1149 4227 λύσεις
1171 4149 1277 4240 βάρος,
1302 4156 1427 4236 egregia
1443 4161 1498 4213 arte

327 4263 497 4342 Sophocles
520 4261 663 4324 timidam
686 4263 835 4341 puellam,
867 4280 948 4342 quae
971 4261 1074 4322 aliena
1097 4269 1145 4322 est
1166 4257 1207 4320 ab
1231 4259 1283 4320 illo
1306 4267 1396 4320 aestu
1416 4253 1497 4318 animi

327 4366 444 4444 illaque
475 4364 606 4427 audacia
634 4385 697 4444 qua
718 4365 842 4426 Electra
866 4362 1009 4444 Aegisthi
1039 4381 1149 4425 necem
1172 4361 1345 4424 meditatur
1372 4369 1407 4424 ut
1431 4357 1499 4420 sola

327 4469 411 4534 cium
442 4467 516 4532 inde
547 4467 663 4532 doloris
690 4467 834 4548 accipiat,
867 4467 975 4530 mirari
1005 4464 1079 4530 iacit
1107 4485 1169 4546 quo
1198 4473 1289 4546 pacto
1318 4464 1417 4526 minui
1437 4477 1496 4524 aar
