3184 5108
369 403 458 462 lunnx
480 417 644 461 nncrronvu
668 419 845 462 ιιιετιιιιιιι
871 401 964 461 4863.
1184 385 1258 456 225

163 609 262 671 usque
285 590 326 653 ad
348 589 534 654 umbilicum
564 601 637 652 sunt
659 609 790 672 corpore
812 590 959 670 virginali
989 600 1020 652 et
1045 589 1181 651 humano
1204 609 1260 670 ge-

163 695 231 755 neri
254 694 444 774 simillimae,
474 713 657 775 squamosas
684 704 789 756 tamen
818 695 953 775 piscium
982 692 1098 756 caudas
1127 691 1257 772 hahent,

164 798 278 878 quihus
302 801 334 860 in
358 799 482 878 gurgite
507 818 634 880 semper
656 787 775 860 latent.¹

226 903 256 963 8.
297 904 541 983 hippocentauri
577 921 730 983 equorum
766 912 797 964 et
829 903 992 966 hominum
1029 901 1148 965 hahent
1183 911 1285 964 con-⁸

107 1007 123 1063 5
164 1007 291 1068 mixtam
322 1015 467 1068 naturam
496 1015 527 1068 et
556 1027 642 1068 more
670 1007 808 1068 serarum
835 1015 910 1069 sunt
937 1009 1038 1088 eapite
1068 1017 1181 1084 setoso,
1213 1016 1262 1068 set

164 1129 201 1171 ex
230 1119 321 1190 parte
351 1111 456 1191 aliqua
486 1111 641 1172 humanae
673 1129 801 1172 normae
831 1110 1007 1188 simillimo,
1040 1129 1102 1190 quo
1131 1121 1262 1191 possunt

164 1213 303 1294 incipere
327 1212 424 1294 loqui,
449 1222 496 1274 set
519 1216 642 1276 insueto
664 1213 747 1276 labia
770 1215 925 1276 humanae
948 1213 1122 1294 loquutioni
1142 1214 1261 1277 nullam

164 1317 195 1376 in
219 1316 316 1378 verba
339 1335 448 1378 vocem
472 1315 682 1398 distinguunt.

227 1423 257 1481 9.
297 1421 336 1481 Et
365 1420 523 1500 quendam
554 1421 711 1483 hominem
743 1423 775 1482 in
804 1421 877 1483 Asia
905 1409 1014 1483 natum
1046 1420 1087 1482 ab
1115 1423 1262 1484 humanis

91 1525 122 1582 lt]
165 1521 350 1604 parentibus
372 1535 545 1586 monstrosa
568 1525 778 1587 conmixtione
802 1523 971 1587 didicimus
992 1527 1046 1606 qui
1070 1525 1207 1607 pedihus
1230 1535 1261 1588 et

164 1636 274 1689 ventre
297 1628 356 1688 luit
379 1629 513 1707 genitori
538 1647 665 1708 conpar,
698 1639 746 1690 set
768 1638 873 1691 tamen
897 1627 959 1691 duo
981 1639 1107 1710 pectora
1131 1640 1162 1691 et
1184 1649 1263 1710 qua-

165 1742 233 1792 tuor
256 1749 368 1794 manus
392 1741 421 1792 et
446 1731 520 1793 hina
543 1732 644 1812 capita
668 1732 788 1810 habuit,
821 1730 913 1793 etad
937 1735 1037 1812 ipsius
1065 1723 1260 1796 mirationem

164 1836 275 1897 multos
298 1855 459 1898 rumorcsa
483 1835 687 1898 contrahebat
708 1837 825 1916 opinio.

229 1940 279 1999 40.
320 1940 401 2002 Sunt
429 1940 513 2000 enim
536 1939 707 2020 Aethiopes
733 1950 797 2002 toto
823 1959 953 2020 corpore
984 1942 1084 2021 nigri,
1116 1942 1160 2002 sol
1184 1961 1263 2023 quos

93 2041 122 2099 15
164 2041 298 2122 llagrans
321 2043 419 2104 nimio
441 2041 554 2104 ardore
578 2062 704 2123 semper
722 2043 837 2123 adurit,
864 2043 949 2124 quod
972 2043 1031 2106 suh
1055 2047 1146 2106 tertio
1169 2065 1263 2106 zona-

165 2165 233 2206 mm
255 2146 489 2208 ferventissimo
513 2157 544 2207 ct
567 2145 685 2208 torrido
709 2147 817 2209 mundi
847 2147 963 2210 circulo
986 2147 1201 2226 demorantur,
1232 2159 1263 2209 et

164 2268 180 2310 a
209 2268 326 2330 vapore
354 2249 648 2312 ardentissimorum
682 2249 823 2312 siderum
861 2261 1017 2313 terrarum
1046 2251 1264 2316 defenduntur

164 2351 305 2414 latebris.
354 2363 384 2416 et
406 2356 452 2416 sic
471 2374 488 2416 e
507 2357 662 2416 contrario
685 2374 761 2434 prae
785 2354 901 2434 lrigore
925 2356 1020 2417 nivali
1045 2375 1144 2436 genus
1160 2354 1263 2436 quod-

166 2565 188 2608 t.
209 2560 350 2626 usqueA:
369 2563 498 2626 eiusque
518 2561 548 2611 B.
620 2563 798 2612 suntornli.
880 2568 905 2613 Β.
926 2576 1062 2614 scamcsas
1081 2566 1184 2614 tantum
1202 2564 1232 2614 A.

88 2651 110 2695 t.
128 2659 231 2712 semper
248 2649 274 2696 in
293 2647 398 2712 gurgite
418 2648 447 2697 li.
539 2651 561 2696 l.
583 2661 617 2698 vu
636 2647 674 2697 Dc
694 2648 893 2714 hipccenteuris
909 2649 938 2708 A,
959 2661 984 2699 rx
1003 2650 1209 2714 hippocentauri
1225 2650 1263 2699 li?

86 2731 252 2796 l'pocenlonri
266 2733 296 2794 A,
316 2733 495 2798 Epocantanri
509 2735 539 2783 li.
611 2747 750 2799 aequorum
764 2735 793 2784 A.
863 2737 886 2786 t.
903 2739 927 2786 5.
948 2739 1120 2785 commixtum
1140 2741 1262 2786 natumm

89 2818 179 2870 habent
191 2821 220 2869 Β.
294 2823 319 2870 t.
340 2820 458 2870 humano
471 2820 500 2870 A.
555 2833 663 2884 possem
677 2821 708 2871 Β.
780 2825 803 2873 8.
826 2833 920 2870 uocem
941 2823 966 2871 in
986 2821 1112 2872 uerhali.
1167 2823 1264 2872 distin-

87 2909 145 2966 gunt
161 2907 189 2957 A.
223 2907 394 2969 probabiliter
411 2907 541 2972 Bcrperus
556 2912 633 2970 putot
650 2907 813 2957 obversatum
831 2921 885 2957 csse
907 2909 1028 2970 scriptori
1049 2909 1116 2971 quod
1135 2907 1263 2970 llierony-

88 3003 138 3040 mus
154 2997 246 3043 novet
267 2995 295 3042 in
313 2995 367 3044 cita
385 2992 463 3043 Pauli
480 2996 601 3045 eremitae
622 2995 648 3056 tt.
664 3009 681 3043 ι.
701 3007 728 3058 p.
744 2995 792 3042 tit
812 2995 849 3043 ed.
870 3007 895 3042 c.
919 2996 1003 3058 itit),
1025 2994 1157 3060 conspicit
1175 2994 1264 3044 homi-

88 3089 142 3126 nem
159 3091 229 3142 equo
248 3079 371 3140 mixtum,
395 3080 439 3129 cui
463 3080 553 3144 opinio
577 3083 716 3144 poeturum
742 3080 951 3144 hippocentauro
970 3079 1131 3130 vocabulum
1156 3081 1261 3132 indidit.

87 3175 135 3224 quo
146 3164 201 3215 riso
218 3164 345 3215 columis
363 3165 539 3230 impressione
557 3167 625 3229 signi
638 3169 724 3216 armat
742 3165 855 3216 frontem
870 3171 897 3216 et
917 3166 995 3215 ‘heus
1013 3165 1049 3217 tu'
1068 3168 1164 3231 inquit,
1188 3170 1264 3232 ‘qua-

89 3261 143 3298 nam
161 3251 186 3300 in
203 3255 279 3317 parta
297 3250 342 3301 hic
360 3263 456 3302 servus
474 3251 516 3301 dei
535 3251 668 3303 habitat‘l'
692 3257 719 3302 at
738 3251 781 3302 ille
800 3251 945 3302 barbarum
965 3253 1055 3302 nescio
1078 3251 1143 3317 quid
1162 3251 1264 3302 iniren-

88 3333 149 3386 dens
169 3341 195 3386 ct
213 3338 338 3402 lrangens
361 3338 450 3402 potius
468 3337 550 3388 verba
569 3353 648 3404 quam
674 3339 838 3403 proloquens
863 3340 933 3388 inter
956 3338 1093 3388 horrentia
1118 3352 1163 3388 ora
1191 3340 1263 3388 senis

88 3419 206 3473 blandum
225 3425 360 3489 qnaesivit
377 3423 525 3488 alloquium
545 3427 572 3474 et
590 3425 699 3476 dextrae
718 3427 889 3489 protensione
909 3437 1004 3476 manus
1022 3426 1142 3490 cupitum
1164 3424 1265 3476 indicet

89 3507 142 3568 iter,
161 3513 186 3560 et
203 3511 243 3561 sic
259 3513 383 3576 petentes
395 3523 505 3576 campos
517 3511 620 3561 volucri
639 3513 823 3562 transmittens
841 3511 901 3575 iugo
914 3525 946 3561 ex
960 3512 1045 3562 oculis
1063 3511 1185 3562 mirantis
1200 3524 1265 3561 eva-

88 3595 148 3644 nuit.
234 3601 259 3648 9.
280 3611 325 3648 ιιιι
344 3597 381 3647 De
406 3596 514 3646 homine
539 3596 638 3662 duplici
665 3599 694 3658 A,
728 3599 799 3648 xiie
818 3598 935 3664 quodam
961 3598 1070 3648 homine
1093 3597 1193 3662 duplici
1217 3599 1263 3661 qui

88 3683 268 3733 commixtione
289 3685 439 3734 monstrosa
459 3681 512 3733 duo
530 3695 641 3748 corpora
663 3697 778 3749 superne
796 3684 889 3735 habuit
903 3685 941 3734 li?
1012 3689 1053 3734 to.
1073 3684 1264 3734 commixtione

89 3771 229 3820 monstmsu
253 3771 285 3820 Β.
410 3773 451 3819 tt.
479 3770 565 3820 trentri
589 3771 618 3820 A.
708 3775 748 3821 set
772 3775 877 3821 tantum
903 3771 933 3820 A.
1021 3775 1049 3820 et
1072 3784 1113 3820 om
1135 3771 1165 3820 A.

89 3851 238 3917 Aopurtiaur
261 3857 292 3906 de
310 3859 358 3906 civ.
378 3857 419 3906 dei
436 3870 478 3906 ιιι
497 3861 520 3916 8,
542 3863 754 3907 cornmemorctus
772 3871 788 3906 c
808 3857 929 3920 Beryero,
958 3859 1020 3906 ante
1043 3869 1129 3906 annos
1151 3856 1263 3920 aliquot,

89 3942 170 3989 nostra
187 3945 260 3993 certe
279 3942 420 4002 memoria,
440 3943 466 3992 in
486 3943 592 3992 Oriente
607 3943 705 4008 duplex
724 3943 805 3993 homo
824 3945 900 3993 natus
917 3947 958 3993 est
975 3942 1161 4008 superioribus
1179 3955 1267 3992 mem-

89 4023 148 4087 bris,
173 4027 342 4079 interioribus
360 4027 482 4093 simplex.
521 4041 581 4078 nam
601 4029 655 4080 duo
674 4032 750 4079 erant
773 4029 869 4094 capita,
895 4033 1021 4094 quattuor
1040 4041 1144 4089 manus,
1172 4033 1266 4078 venter

89 4113 172 4162 antem
190 4127 259 4165 unns
277 4119 304 4164 et
322 4113 405 4179 pedes
423 4115 478 4165 duc
497 4115 566 4164 sicut
584 4115 630 4164 uni
651 4115 763 4164 homini.
801 4118 828 4164 ct
847 4114 948 4166 tamdiu
968 4116 1032 4166 vixit
1055 4118 1085 4164 ut
1109 4115 1207 4164 multos
1232 4115 1265 4164 ad

89 4209 146 4246 cum
162 4199 308 4251 videndum
333 4200 401 4252 loma
420 4201 599 4251 contraheret.
691 4202 731 4250 tt.
753 4213 804 4249 ιιιιι
824 4199 861 4249 Dc
880 4199 1034 4266 ethiopibus
1050 4201 1081 4260 A,
1113 4215 1137 4251 ιιι
1156 4201 1267 4252 Aethio-

90 4293 135 4344 pes
150 4290 177 4335 et
192 4299 275 4350 genus
293 4287 429 4352 quoddam
446 4287 569 4353 Riphaeis
588 4287 725 4337 montibus
738 4287 857 4336 vicinum
872 4287 911 4336 li?
963 4289 1035 4337 enim
1054 4301 1096 4337 om
1114 4289 1143 4338 Β.
1199 4299 1266 4352 quas

92 4370 132 4426 (αθ
148 4383 164 4420 ιι
180 4373 245 4436 corr)
266 4373 307 4424 sol
326 4374 354 4423 A.
447 4377 487 4423 tt.
508 4373 580 4438 quod
600 4373 635 4422 A:
656 4374 717 4438 quia
739 4373 767 4422 Β.
841 4371 892 4422 sub
910 4376 1026 4436 quatuor
1050 4387 1193 4424 arenarum
1212 4372 1268 4423 ter-

39 4527 43 4534 ,
90 4457 255 4512 uentlssimus
274 4460 303 4510 Β.
396 4464 435 4510 tc.
457 4461 484 4510 et
502 4457 637 4510 horrendo
655 4461 683 4509 A.
756 4459 976 4508 demonstrantur
994 4459 1022 4508 A.
1115 4464 1154 4509 ιε.
1176 4463 1203 4509 et
1226 4471 1268 4508 om

93 4539 121 4587 B·
185 4559 232 4610 pro
251 4545 304 4596 AB.

141 4642 248 4696 llxuptti
263 4645 373 4697 opuscula
390 4645 418 4686 ll.
1030 4647 1061 4698 15
