3268 5108
400 386 488 444 lnnax
511 403 675 446 mortorum
700 402 878 444 rasrrvuuvu
905 381 997 441 ⁴855.
1190 457 1191 460 Ἴ
1248 361 1294 434 73

115 576 179 654 bile,
203 595 310 656 neque
334 576 434 638 ullum
457 593 609 656 umquam
624 584 749 656 poetam
766 575 939 635 Romanum
955 567 1204 632 Alexandrinam
1219 588 1296 648 poe-

115 683 155 742 sin
181 680 303 742 lelieius
334 680 489 742 imitatum
520 697 590 740 esse
622 688 780 759 putamus.
828 693 910 757 quae
934 675 1003 736 laus
1026 692 1088 734 non
1119 674 1293 750 minuetur,

115 784 202 864 siquis
235 781 315 844 lorte
344 803 443 865 pauca
474 781 630 863 quaedam
664 782 770 845 minus
799 789 872 861 apte
904 785 1181 858 congruenterque
1212 775 1294 838 dieta

115 885 367 968 deprehenderit.
414 887 512 948 veluti
544 884 629 966 quod
657 906 688 946 v.
716 883 775 946 478
806 881 946 945 Ariadna
973 879 1051 943 dicit
1081 880 1296 942 Idomeneusne

112 998 199 1070 mlum
220 993 366 1066 metesa,
388 991 414 1052 si
431 991 534 1052 omnia
557 989 792 1052 accuratissime
809 988 973 1061 rimamur,
999 985 1142 1065 neglecta
1160 1002 1230 1046 esse
1245 985 1296 1045 vi-

115 1093 196 1156 detur
211 1102 392 1174 temporum
409 1094 498 1154 ratio.
540 1095 661 1174 Lyctius
676 1101 799 1155 montes
814 1089 891 1153 dicit
906 1087 1064 1151 Ariadna:
1087 1105 1159 1150 narn
1175 1088 1295 1168 Lyctius

114 1197 277 1260 idomeneus
300 1206 431 1259 vocatur
453 1216 471 1256 a
493 1197 632 1278 Vergilio
654 1195 814 1258 Aeneidos
835 1213 869 1256 ιιι
894 1194 968 1255 tet.
1015 1211 1128 1254 verum
1150 1191 1203 1252 hie
1224 1190 1296 1252 lde-

114 1320 234 1364 meneus
255 1298 463 1379 DeucalideS,
496 1310 533 1362 ut
554 1298 672 1363 dieitur
696 1301 727 1362 in
752 1297 867 1376 iliade,
899 1315 998 1378 nepos
1020 1295 1098 1373 luit,
1130 1304 1166 1357 ut
1187 1304 1296 1357 narrat

113 1403 308 1484 Apollodorus
330 1423 365 1465 ιιι
388 1405 405 1464 3
433 1405 462 1484 l,
488 1404 614 1482 Minoia,
645 1403 729 1466 lilius
750 1402 966 1478 Deucalionis,
992 1397 1100 1460 fratris
1122 1396 1292 1462 Ariadnae.

113 1511 209 1588 inepta
234 1517 339 1570 umen
362 1509 617 1588 vituperaremus
641 1507 796 1570 Catullum
816 1503 902 1587 quod
931 1511 1095 1584 poetarum
1125 1503 1195 1565 iure
1217 1521 1296 1564 usus

113 1613 138 1672 in
158 1612 209 1673 tali
237 1631 269 1672 re
292 1621 454 1692 tempora,
486 1629 568 1692 quae
593 1613 625 1672 in
648 1611 765 1674 fabulis
794 1627 857 1670 non
879 1625 1072 1688 magnopere
1095 1605 1295 1686 conputanda

112 1726 189 1794 sunt,
224 1733 285 1776 non
317 1715 412 1777 nimis
441 1715 566 1777 curiose
597 1715 833 1796 circumspexit.
881 1721 1023 1774 ceterum
1052 1711 1220 1790 genetivus
1242 1709 1295 1771 ille

112 1818 277 1882 immanens
306 1819 384 1880 scite
416 1809 610 1898 eaeogitatus
640 1827 688 1881 est
722 1837 740 1878 a
770 1816 969 1879 Lachmanno
1003 1813 1036 1874 in
1070 1815 1295 1875 commentario

113 1924 286 1984 iueretiaue
308 1943 341 2004 p.
365 1923 445 2001 tea,
472 1941 543 1984 cum
567 1921 761 1984 Idmoneosne
782 1920 835 1982 vel
858 1918 983 1980 idoneos
1006 1936 1059 1996 ne,
1086 1914 1172 1998 quod
1194 1914 1295 1977 tradi-

112 2035 167 2087 tum
189 2036 249 2105 est,
273 2025 315 2087 ab
332 2025 417 2088 italis
439 2043 502 2087 non
525 2026 602 2088 satis
626 2034 712 2088 recte
737 2025 768 2088 in
786 2023 996 2086 Idomeneasne
1011 2007 1173 2083 muta¹tum
1197 2029 1320 2082 osseus

111 2128 160 2190 sed
180 2127 314 2210 adparet
336 2148 397 2190 non
429 2129 523 2210 plane
546 2139 665 2192 certam
693 2148 763 2192 asse
795 2115 1071 2190 emendationem:¹
1102 2141 1296 2205 quamquam

113 2233 265 2294 meliorem
293 2233 405 2295 saltem
434 2232 475 2294 ab
506 2251 542 2294 ea
573 2234 696 2296 inscitia
725 2251 761 2294 ae
789 2232 969 2294 temeritate
999 2248 1062 2292 non
1091 2237 1296 2310 expectamus

112 2355 182 2415 quae
203 2356 291 2400 nunc
308 2337 341 2398 in
358 2335 472 2398 Catulli
495 2337 633 2398 carmina
650 2345 823 2416 grassatur.
862 2354 926 2397 non
949 2334 1055 2396 minus
1077 2343 1183 2396 autern
1199 2349 1294 2412 ιιιιιιιιι

111 2439 154 2500 illa
177 2439 338 2502 idomenei
361 2441 614 2502 commemoratio
637 2440 697 2503 alia
720 2440 870 2503 carminis
892 2457 966 2520 pars
989 2438 1021 2500 in
1044 2455 1106 2518 qua
1129 2455 1192 2498 non
1215 2436 1295 2498 nulli

111 2539 304 2606 offenderunt
326 2545 471 2607 excusari
487 2553 602 2624 potest.
643 2562 714 2606 nam
739 2543 825 2606 idem
848 2552 940 2624 poeta
956 2543 1011 2623 qui
1028 2551 1136 2623 postea
1157 2541 1189 2602 in
1205 2550 1294 2602 veste

110 2664 164 2726 qua
185 2647 309 2728 geniale
325 2645 469 2710 Thetidis
490 2647 641 2728 pulvinar
662 2657 779 2710 tectum
796 2646 892 2709 luerit
906 2645 1077 2709 Ariadnam
1094 2664 1175 2727 quae
1190 2644 1296 2707 liuen-

111 2750 200 2810 lisono
223 2759 430 2832 prospectans
445 2751 538 2813 litere
553 2750 630 2814 Diae
646 2753 766 2812 Thesea
790 2749 957 2813 cedentem
981 2750 1080 2812 celeri
1103 2767 1174 2812 eum
1195 2748 1295 2810 elassa

111 2862 245 2917 tueretur
267 2856 384 2936 pictam
400 2853 499 2917 luisse
522 2863 632 2916 narrat
646 2855 825 2935 Theseique
849 2854 1081 2934 navigationem
1099 2852 1205 2915 multis
1220 2871 1296 2913 var-

111 2955 191 3018 sibus
218 2960 441 3040 persequitur,
478 2959 511 3019 in
544 2959 701 3040 principio
735 2959 903 3036 carminis,
940 2956 1016 3020 duro
1045 2955 1129 3036 Argo
1157 2974 1296 3018 comme-

112 3069 218 3138 morat,
251 3063 283 3123 in
307 3080 370 3143 qua
393 3071 518 3124 vectum
545 3062 637 3124 Palea
660 3061 769 3124 Thetis
796 3063 935 3142 primum
958 3061 1177 3143 conspexerit,
1209 3059 1295 3122 hunc

111 3161 146 3224 de
167 3184 201 3227 ea
222 3166 296 3228 navi
320 3183 451 3228 versum
475 3165 565 3244 lecit,
594 3165 650 3228 illa
672 3164 780 3228 rudem
802 3183 896 3228 cursa
916 3165 1021 3246 primo
1043 3163 1149 3226 instruit
1169 3159 1296 3244 Amphi-

110 3267 203 3329 triten.
256 3268 388 3332 luerunt
416 3271 471 3350 qui
502 3269 658 3332 Catullum
681 3270 838 3330 carminis
867 3269 1120 3332 convenientiam
1149 3285 1293 3329 servasse

111 3388 207 3452 neque
228 3373 355 3434 omnino
379 3391 485 3452 mare,
518 3371 575 3435 sed
599 3373 729 3434 Pontum
753 3373 914 3435 Euxinum
936 3371 1145 3453 Amphitrites
1166 3371 1294 3432 nornine

111 3471 284 3556 designasse
315 3477 543 3558 opinarentur:
568 3495 673 3558 .quem
701 3474 741 3536 ad
771 3474 898 3538 modum
928 3495 945 3537 a
975 3473 1116 3537 Phaedro
1140 3492 1186 3536 ιιιι
1209 3473 1229 3535 ’1
1254 3475 1292 3534 tt

111 3574 186 3659 Argo
208 3582 284 3643 ratis
314 3579 433 3643 dieitur
462 3579 652 3661 inhospitalis
677 3581 782 3660 primo
811 3598 888 3661 quae
913 3579 999 3642 Ponti
1025 3579 1112 3642 ainus
1140 3575 1290 3658 patefecit.

111 3681 162 3742 scd
177 3683 234 3745 hec
248 3685 274 3746 si
289 3683 445 3746 voluisset
460 3683 612 3762 Catullus,
638 3683 775 3744 cavisset
796 3684 947 3746 orationis
963 3681 1061 3744 lorma
1085 3699 1126 3742 ue
1141 3679 1294 3742 lectorum

111 3795 225 3848 mentes
247 3788 277 3850 in
300 3797 407 3850 notam
424 3788 510 3850 illam
534 3795 565 3848 at
583 3805 781 3849 communem
805 3788 988 3849 memoriam
1011 3787 1216 3848 incurrerant
1231 3803 1293 3864 qua

111 3883 185 3968 Argo
207 3890 305 3970 prima
328 3891 470 3954 omnium
493 3892 623 3953 navium
646 3890 743 3954 luisse
767 3889 968 3955 narrabatur.
1008 3908 1114 3970 neque
1137 3907 1213 3950 vero
1235 3906 1294 3969 po-

112 3992 164 4052 tuit
185 3993 280 4054 velle:
307 4013 380 4056 nam
405 3994 464 4055 hoe
486 3996 591 4056 statim
614 3993 718 4074 addit,
744 4011 821 4074 quea
843 3995 935 4057 simul
957 4000 1115 4057 dorostro
1138 3999 1294 4054 ventosum

109 4093 245 4172 percidit
264 4115 377 4179 muter
410 4099 557 4179 Tortaque
579 4099 703 4180 remmio
733 4097 849 4178 spumis
872 4097 1031 4160 incanduit
1052 4094 1153 4172 undo,
1187 4097 1294 4156 Emer·

111 4215 170 4257 sere
193 4197 266 4279 [reti
292 4201 414 4264 canenti
442 4219 457 4262 e
484 4203 604 4285 purple
626 4200 728 4263 voltus
758 4196 931 4281 Aequoreoe
958 4207 1127 4263 monstrum
1150 4198 1293 4261 Nereides

112 4299 298 4367 admirantes.
347 4306 454 4385 itaque
483 4315 574 4387 poeta
598 4323 707 4367 corum
731 4322 812 4385 quae
836 4303 887 4364 hie
909 4301 1035 4366 dixerat
1063 4312 1189 4384 postea,
1222 4321 1293 4364 cum

113 4402 216 4466 Thesei
240 4410 470 4490 navigationem
493 4407 709 4486 describeret,
734 4407 851 4470 oblitus
874 4415 932 4468 est.
980 4405 1038 4468 sed
1061 4405 1293 4468 obliviscuntur

114 4523 212 4569 aarum
237 4513 325 4574 etiam
350 4513 496 4592 lectores,
522 4511 598 4575 dum
614 4511 790 4574 dulcissimi
807 4511 957 4572 carminis
973 4511 1160 4572 varietatem
1176 4527 1292 4572 secun-
