3240 5094
418 393 506 455 lunrx
528 412 695 458 nrorrouru
717 411 895 457 esurirem
917 393 1010 454 l8'll.
1232 375 1307 450 435

121 581 177 659 qni
198 590 313 661 putant
334 583 501 644 metricum
524 601 588 645 non
614 582 711 646 fuisse
733 583 830 645 alium
852 601 948 663 quam
971 582 1006 644 C.
1027 580 1181 645 Avidium
1203 579 1310 642 llelio-

123 680 251 762 dorum,
285 683 324 746 de
353 703 416 765 quo
438 685 565 747 homine
588 695 717 767 praeter
738 686 815 748 alios
831 685 928 748 docte
950 684 1157 765 disputarunt
1179 686 1311 746 Latron-

122 786 192 847 nius
219 783 411 867 (Reclerclres
433 805 490 850 sur
512 773 646 871 l'lipyptc
667 807 699 868 p.
725 789 785 852 883
810 787 866 870 ss.)
893 796 925 850 ct
945 775 1209 868 Wadding¹tonus
1236 783 1334 867 (Mt-t

122 891 215 951 moire
241 907 300 952 sur
328 889 361 951 lo
387 890 576 974 chronologia
604 891 641 953 de
671 891 702 952 lc
729 891 778 952 vic
805 890 847 952 dn
875 890 998 952 ritteur
1025 885 1129 952 Aelius
1158 885 1310 952 Aristides

122 1011 153 1072 p.
180 991 218 1052 ts
244 991 305 1074 sl:
338 1011 532 1074 praenomen
562 995 592 1056 ei
615 994 713 1056 luisse
737 993 828 1073 Gaio,
860 992 947 1074 quod
975 1001 1068 1054 antee
1091 991 1308 1073 ignorabatur,

120 1093 227 1157 docuit
256 1096 422 1178 inscriptio
452 1099 536 1160 circa
565 1097 700 1178 primam
729 1097 792 1159 Nili
824 1105 1009 1159 cataractam
1039 1114 1144 1177 nuper
1179 1096 1312 1157 inventa

122 1216 216 1278 mm
237 1199 449 1262 llommscnus
471 1199 574 1262 edidit
596 1211 628 1263 et
650 1201 821 1282 explicavit
848 1193 1015 1281 (Arcbocol.
1041 1200 1164 1281 zeituup
1184 1206 1207 1260 t.
1232 1215 1311 1260 xxvii

122 1321 154 1381 p.
181 1301 241 1362 lue
266 1299 339 1382 ss).
386 1311 481 1382 neget
508 1321 585 1366 saue
607 1303 796 1366 Ritscbelius
818 1303 935 1384 Opusc.
967 1311 991 1364 t.
1016 1321 1027 1364 1
1050 1321 1082 1383 p.
1110 1301 1169 1362 tte
1194 1309 1226 1362 et
1249 1301 1310 1360 l88

121 1405 287 1467 Irenaeum
317 1404 358 1467 ad
380 1404 531 1468 Hadriani
561 1415 697 1469 aetatem
720 1404 834 1469 referri
861 1423 971 1487 posse:
1002 1404 1061 1467 sed
1091 1401 1312 1466 desideramus

120 1505 189 1569 cius
219 1509 398 1571 sententiae
427 1509 577 1571 invictam
604 1509 764 1590 nullisque
787 1507 1040 1572 dubitationibus
1063 1506 1230 1569 obnoxiam
1254 1503 1312 1568 da-

122 1612 391 1673 monstrationem.
446 1612 541 1673 immo
571 1622 737 1694 postquam
767 1631 804 1674 ea
832 1629 913 1692 quae
943 1609 984 1672 de
1014 1607 1182 1671 Heliodoro
1215 1618 1312 1689 atque

119 1712 250 1775 irenaeo
273 1732 292 1775 a
314 1713 414 1776 doctis
437 1713 619 1777 hominibus
649 1715 807 1796 disputata
833 1723 908 1777 sunt
929 1710 1161 1794 perpendimus
1182 1709 1312 1773 videtur

120 1825 226 1878 tamen
250 1814 343 1878 nobis
365 1817 445 1878 nibil
474 1815 559 1898 quod
582 1827 672 1904 extra
694 1817 941 1880 controversiam
963 1818 1100 1898 positum
1122 1816 1163 1876 sit
1185 1813 1312 1875 obstare

118 1919 292 1997 quominus
314 1919 534 1982 existimemus
555 1920 720 1984 irenaeum
743 1929 845 1984 aetate
867 1937 1040 2002 supparem
1063 1918 1160 1982 inisse
1182 1919 1216 1978 L.
1235 1915 1313 1978 lulio

121 2021 269 2100 Vestino,
294 2023 351 2103 qui
372 2021 531 2085 Hadriano
553 2023 594 2086 ab
617 2025 763 2104 epistulis
779 2024 852 2102 luit,
878 2021 983 2084 studia
1005 2031 1111 2084 autem
1134 2020 1312 2083 litterarum

120 2125 236 2187 similia
252 2134 349 2205 atque
365 2125 418 2188 illa
433 2137 623 2207 persecutus
638 2137 698 2190 est.
738 2126 779 2189 de
791 2126 919 2188 Vestino
934 2125 1103 2186 Mauricius
1118 2119 1313 2184 Schmidtius

122 2227 154 2288 in
177 2226 425 2301 Quaestionibus
449 2229 654 2310 Hesychiauis
683 2250 716 2311 p.
742 2247 846 2291 cxxxiv
869 2247 895 2290 s.
921 2227 964 2289 ite
985 2228 1126 2308 loquitur
1148 2234 1184 2288 ut
1205 2242 1312 2305 nequa

119 2331 297 2412 selegisse
320 2329 468 2393 videatur
497 2350 578 2412 quae
600 2330 818 2394 Bernhardius
840 2329 957 2394 Suidae
980 2339 1004 2392 t.
1030 2349 1040 2390 r
1062 2350 1095 2411 p.
1119 2349 1156 2390 xc
1186 2328 1314 2408 scripsit

121 2451 227 2514 neque
260 2435 387 2496 omnino
420 2453 513 2496 nosse
548 2435 788 2516 inscriptionem
817 2433 965 2514 Corporis
992 2431 1183 2494 Boeckbiaui
1214 2430 1310 2509 5900,

122 2535 161 2597 de
196 2555 263 2618 qua
294 2539 422 2618 egregia
451 2536 604 2600 disseruit
633 2537 822 2600 Letronnius
861 2534 1058 2617 (Recierclres
1091 2553 1147 2598 sur
1180 2518 1314 2617 l'ldqypte

120 2657 152 2720 p.
171 2640 248 2719 250,
275 2641 374 2702 lusor.
399 2639 436 2702 de
458 2623 591 2722 l'E'pyptc
612 2648 664 2702 t.1
687 2660 719 2721 p.
738 2639 812 2702 279.
831 2637 920 2720 359).
967 2657 1037 2700 eam
1060 2637 1310 2717 inscriptionem,

122 2753 283 2824 repertam
307 2743 340 2804 in
363 2743 413 2804 via
429 2743 583 2822 Ostiensi,
609 2741 665 2805 ubi
688 2742 893 2824 sepulchrum
907 2739 1029 2802 Vestini
1052 2740 1149 2804 inisse
1170 2738 1310 2817 videtur,

118 2847 185 2908 sola
208 2847 352 2908 servavit
373 2846 491 2928 sylloge
507 2845 748 2908 Einsidelensis.
789 2847 822 2907 in
845 2863 907 2924 qna
930 2843 1047 2924 sylloge
1070 2863 1141 2905 cum
1160 2843 1313 2923 scriptum

121 2949 161 3009 sit
189 2944 517 3028 OYllC'l'lNllll,
548 2958 583 3011 ut
613 2949 771 3011 firmatum
802 2957 849 3010 est
872 2947 1050 3009 testimonio
1072 2945 1256 3008 Mommseni
1279 2945 1313 3004 in

119 3049 284 3114 Analectis
307 3052 521 3132 epigraphiois
548 3049 700 3131 (Bericbte
722 3051 778 3113 der
799 3049 828 3112 ir.
854 3049 954 3114 suciis.
979 3048 1134 3133 pesetlsclt.
1160 3047 1215 3110 dor
1237 3048 1314 3108 wes-

121 3154 240 3217 seusclr.
270 3153 351 3214 latu
376 3175 408 3236 p.
434 3151 523 3237 tlt),
555 3153 696 3216 dubitari
726 3161 830 3234 potest
858 3161 966 3216 utrum
995 3152 1060 3214 illic
1087 3159 1250 3233 peccatum
1273 3149 1315 3210 sit

122 3277 162 3318 au
185 3257 294 3339 potius
316 3258 349 3319 iu
373 3255 490 3320 Suidae
512 3258 641 3336 Lexico,
667 3257 700 3318 in
724 3275 786 3337 quo
809 3255 860 3318 bis
882 3249 1046 3339 Οὐηστῖνος
1068 3255 1222 3334 scriptum
1246 3260 1311 3313 est:

124 3377 196 3424 nam
219 3361 255 3421 in
277 3359 395 3422 scholio
424 3361 456 3421 in
480 3361 667 3440 Gregorium
690 3360 922 3422 Nazianzeuum
951 3357 1035 3438 quod
1058 3353 1314 3418 Monteialconius

123 3463 156 3524 in
179 3464 286 3526 Diario
308 3463 414 3525 ltalioo
441 3482 473 3544 p.
499 3464 560 3524 ttl
586 3461 687 3525 edidit
709 3461 825 3524 menda
848 3471 896 3524 est
918 3455 1119 3544 Οὐσηστίνου,
1151 3460 1184 3519 in
1206 3456 1314 3518 Basilii

121 3567 242 3628 scholio
272 3564 358 3645 quod
387 3564 597 3628 Boissonadus
626 3565 787 3645 evulgavit
820 3563 902 3646 [Not.
928 3571 957 3626 et
977 3569 1060 3632 eoetr.
1091 3571 1114 3624 t.
1139 3580 1212 3640 xp.
1238 3559 1309 3642 233)

123 3656 299 3744 Ἰουστῖνος,
329 3687 424 3748 quem
455 3687 596 3730 errorem
618 3667 835 3730 Bernhardius
863 3667 1011 3729 correxit.
1058 3665 1108 3726 his
1136 3681 1241 3744 nuper
1262 3680 1317 3723 ac-

121 3772 218 3832 cessit
243 3769 328 3850 quod
342 3771 483 3834 Millerus
505 3791 545 3834 ex
568 3770 778 3852 Etymologioo
793 3769 972 3832 Florentino
995 3768 1126 3849 protulit
1153 3763 1316 3848 (lle'looqes

122 3873 161 3934 de
183 3875 356 3936 litteratore
378 3891 505 3956 praeque
527 3895 559 3955 p.
585 3873 679 3955 seul:
706 3873 762 3936 ubi
785 3893 857 3935 cum
879 3873 1033 3951 scriptum
1055 3872 1097 3932 sit
1114 3861 1259 3952 Ἰωάννης
1282 3865 1317 3930 ἐκ

126 3976 235 4066 Θηβῶν
259 3973 440 4062 Οὐηστῖνος,
472 3987 558 4039 certe
581 3976 651 4038 lulii
681 3995 797 4038 noman
822 3994 886 4037 non
909 3976 1020 4055 elingit
1042 3973 1313 4055 depravationem,

126 4081 166 4144 dc
190 4102 254 4165 qua
276 4081 397 4144 Millero
420 4079 501 4142 nihil
522 4077 673 4142 suboluit.

212 4185 308 4247 Tituli
331 4182 485 4246 librorum
509 4201 587 4263 quos
603 4183 769 4244 Irenaeum
791 4181 957 4262 scripsisse
974 4177 1089 4240 Suidas
1111 4185 1219 4240 narrat
1240 4193 1317 4257 per-

124 4289 228 4368 spicui
251 4305 361 4350 omnes
377 4295 461 4348 sunt.
501 4304 607 4366 neque
627 4287 713 4348 enim
729 4283 869 4347 dubitari
891 4291 994 4364 potest
1015 4283 1048 4343 in
1070 4279 1153 4341 libro
1174 4273 1317 4364 περὶτῆς

123 4383 288 4474 Ἀθηναίων
310 4385 500 4474 προπομπίας
523 4390 626 4467 egisse
650 4405 724 4450 eum
739 4384 779 4449 de
795 4387 977 4468 principatu
994 4402 1089 4466 quem
1104 4381 1317 4444 Athenienses

127 4503 196 4573 post
225 4493 309 4556 bella
332 4494 455 4554 Persica
485 4493 569 4554 inter
591 4489 726 4552 Graecos
754 4498 941 4553 tenuerunt.
987 4484 1133 4549 vocabuli
1163 4484 1318 4565 exemplis

1056 4604 1111 4657 28*
