3184 5108
314 357 387 428 282
608 369 695 430 lanas
718 385 883 430 tncrtasva
907 385 1092 428 assensum
1111 367 1204 428 leet.

401 557 560 620 Postulant
591 567 695 620 autem
730 556 983 620 emendationem
1017 557 1122 618 statim
1152 555 1303 618 versiculi
1338 556 1381 618 illi
1413 557 1487 636 capi-

314 665 356 725 tis
379 681 412 740 u,

493 766 553 826 som
577 761 708 826 Pbcebns
731 762 868 824 breviare
890 763 943 824 via
964 769 1167 826 contremeret
1188 769 1289 824 ortam

491 867 567 928 lucis
589 873 618 928 et
639 865 761 928 obscuri
781 864 956 928 crescebant
976 872 1111 946 tempora
1134 867 1241 943 somni,

492 972 610 1050 sumpte
631 987 721 1031 snam
743 970 859 1030 vactrr'os
881 966 1010 1051 carpebat
1035 967 1161 1049 Gyatbio
1183 985 1312 1051 repausa

491 1081 520 1135 et
541 1069 685 1152 deformis
707 1069 800 1134 biems
821 1077 926 1154 protos
948 1069 1092 1151 carpebat
1113 1070 1242 1133 bonam

492 1175 595 1238 divitis
618 1176 759 1240 autumni
780 1175 901 1256 auoque
922 1191 1078 1236 senescere
1099 1172 1217 1236 Bacrbo

492 1276 636 1358 carpebat
657 1295 752 1340 raras
774 1295 863 1339 serres
886 1275 1066 1338 vindemitor
1087 1294 1178 1339 uuas.

316 1385 419 1464 primo
448 1399 544 1442 versu
581 1389 762 1442 constanter
797 1378 964 1441 toleratum
1000 1397 1071 1441 esse
1100 1387 1200 1442 ortam
1235 1389 1401 1460 postquam
1428 1380 1490 1442 Fra

317 1485 451 1548 mondus
480 1483 638 1546 intellexit
667 1483 847 1546 necessario
875 1480 1082 1544 scribendum
1111 1501 1183 1544 esse
1212 1482 1331 1559 orbem,
1368 1481 1400 1544 id
1426 1499 1489 1544 sane

317 1590 508 1650 miraremur
535 1587 598 1650 uisi
627 1587 662 1647 in
690 1585 740 1648 his
762 1586 878 1648 litteris
907 1586 953 1647 nil
979 1584 1131 1647 admirari
1160 1583 1395 1650 didicissemus.
1443 1581 1490 1648 sed

317 1703 427 1773 postca
456 1690 506 1752 bis
533 1691 670 1771 positum
693 1687 837 1770 carpebat
857 1687 950 1750 valde
973 1687 1132 1769 displicet.
1180 1689 1239 1750 etsi
1262 1689 1348 1750 enim
1370 1707 1388 1749 a
1410 1686 1493 1748 nimis

318 1793 452 1856 delicato
475 1793 681 1874 repetitarum
704 1789 876 1852 verborum
906 1789 1044 1870 lastidio,
1077 1810 1139 1871 quo
1161 1801 1194 1854 et
1215 1791 1269 1854 alii
1297 1790 1389 1852 multi
1416 1789 1493 1852 laba

319 1906 431 1959 rerunt
452 1907 484 1957 ct
507 1897 575 1976 ipse
597 1892 677 1956 adeo
705 1913 777 1956 cum
799 1896 916 1956 Lucani
940 1893 1130 1956 Pharsaliam
1158 1902 1309 1956 tractaret
1331 1893 1491 1968 Bentleius,

318 1997 544 2062 abstinendum
574 2017 644 2060 esse
672 2016 856 2076 censemus,
893 2005 999 2058 mman
1029 1998 1062 2058 in
1093 1997 1234 2058 Senecae
1260 1995 1410 2060 versibus
1441 2013 1493 2056 non

318 2113 442 2164 tantum
476 2103 648 2182 repetitum
684 2098 769 2162 idem
804 2098 917 2162 eadem
951 2100 1050 2162 lorma
1078 2099 1213 2162 verbum
1248 2099 1415 2162 molestum
1443 2109 1492 2174 est,

319 2205 376 2268 sed
399 2206 467 2285 ipsa
489 2205 647 2266 sententia
669 2204 775 2265 minus
797 2202 937 2266 dilucida
960 2213 1009 2266 est
1039 2211 1071 2265 et
1094 2203 1193 2284 inepti
1216 2203 1373 2266 acuminis
1399 2202 1493 2284 specie

318 2306 461 2370 offendit.
508 2325 581 2368 nam
608 2305 736 2368 bonores
763 2307 904 2368 autumni
925 2307 1045 2368 Seneca
1073 2325 1165 2387 poma
1193 2305 1276 2368 dixit
1304 2317 1352 2384 ut,
1382 2323 1422 2368 ne
1443 2303 1494 2366 alia

319 2409 511 2488 adieramus,
543 2409 636 2472 liores
666 2411 748 2472 ueris
770 2409 898 2472 bonores
920 2409 1040 2472 Statius
1060 2407 1161 2472 Theb.
1179 2428 1198 2470 x
1221 2407 1296 2470 788.
1345 2407 1422 2490 quid
1443 2407 1494 2486 igi-

319 2525 371 2575 tur
400 2512 557 2575 inficetius
580 2511 642 2575 diei
671 2515 774 2592 potuit
796 2531 891 2592 quam
914 2513 983 2590 hoc,
1017 2510 1247 2593 ‘decerpebant
1273 2511 1377 2576 hiems
1400 2527 1492 2592 poma,
1578 2579 1579 2582 Ἴ

318 2616 511 2679 vindemitor
548 2614 692 2677 residuas
726 2615 757 2676 in
786 2614 907 2676 vitibus
942 2615 1055 2678 uvasi’
1106 2613 1236 2677 videtur
1271 2615 1393 2678 Seneca
1425 2613 1495 2676 scri-

318 2722 419 2801 psisse
443 2725 470 2782 ct
491 2716 635 2798 deformis
657 2717 751 2780 biems
772 2725 877 2800 pratas
899 2737 1047 2780 rrmaasr
1069 2717 1195 2780 bonores
1217 2718 1329 2780 Divitis
1356 2715 1492 2780 mmmm.

318 2823 438 2884 Plinius
460 2821 742 2883 nat.hist.1rlb
770 2820 831 2903 ll8)
857 2821 999 2902 loquitur
1026 2820 1066 2884 de
1093 2821 1245 2904 aquileras
1273 2819 1392 2902 adilatu
1416 2837 1495 2902 pono
1578 2799 1579 2840 ³

319 2925 499 3006 deturpante
520 2925 618 3006 napis.

405 3029 564 3090 Secuntur
587 3044 668 3107 quae
698 3025 784 3088 nulla
806 3024 991 3088 dillicultete
1015 3025 1158 3108 inpedita
1186 3037 1279 3105 eunt,
1307 3035 1383 3108 puta
1410 3027 1494 3107 napis

319 3131 461 3214 intellepi,
491 3132 522 3192 si
545 3129 666 3207 macra
697 3130 811 3191 mensis
840 3137 908 3191 erat
932 3127 1066 3206 October,
1097 3128 1162 3192 dies
1190 3131 1298 3192 tertius
1328 3130 1398 3192 idas
1420 3130 1495 3192 aaa

319 3233 395 3295 bris.
442 3232 550 3294 borant
570 3251 631 3294 non
650 3250 775 3314 possam
797 3239 910 3294 certam
931 3231 986 3296 tibi
1006 3232 1125 3295 dicere:
1152 3231 1280 3313 facilius
1308 3233 1390 3296 inter
1407 3231 1495 3314 pata

320 3335 426 3417 sopitos
455 3353 546 3417 praes
581 3338 661 3398 inter
695 3334 849 3417 barolopia
885 3337 1056 3398 conueniet:
1091 3342 1192 3398 tamen
1219 3338 1300 3400 inter
1329 3339 1495 3400 semiana

321 3440 478 3520 septimum
506 3445 584 3501 erat.
631 3436 689 3501 sed
717 3437 792 3500 hinc
821 3437 991 3500 incidimus
1019 3440 1052 3500 in
1075 3439 1247 3519 perplexa:
1276 3440 1369 3502 abab
1396 3439 1495 3500 nubet

320 3541 518 3623 αάφιέιωιιηι
538 3559 638 3603 omnes
664 3548 769 3622 poetae
795 3559 856 3602 non
878 3542 1007 3604 contuiti
1028 3549 1114 3605 ortus
1142 3549 1171 3604 cl
1192 3559 1317 3606 mausus
1340 3539 1496 3604 desorbet

319 3653 354 3707 nt
374 3645 465 3707 enam
487 3643 617 3706 murm
639 3643 718 3706 dieas
740 3645 920 3727 inquietent:
956 3643 1351 3708 ascomannorum
1373 3653 1435 3708 tora
1455 3641 1496 3704 bo-

320 3750 416 3810 nara?
466 3765 528 3810 non
563 3748 668 3827 inepte
702 3747 869 3829 Scioppius
900 3757 932 3810 et
960 3746 1137 3810 Gronovius
1175 3748 1277 3810 ‘nims’s
1307 3746 1432 3810 metice'
1457 3747 1495 3806 in

320 3853 423 3933 paics:
454 3850 511 3913 sed
541 3861 646 3913 cetera
677 3851 757 3912 male
779 3859 965 3913 tractarunt.
1012 3869 1085 3912 nam
1107 3858 1142 3914 ut
1162 3851 1252 3912 etum
1274 3849 1436 3930 manicam
1462 3863 1494 3908 ue

321 3955 431 4016 scitius
453 3951 584 4034 quidem
607 3971 701 4032 quam
730 3953 777 4014 illi
799 3952 947 4016 lecerunt
967 3953 1155 4018 mutandum
1177 3960 1236 4031 est,
1268 3951 1328 4016 sed
1349 3967 1495 4032 quaereu-

321 4056 397 4120 dum
425 4055 512 4118 unde
541 4056 619 4118 haec
641 4057 791 4118 orationis
820 4053 918 4118 lorma
948 4065 1034 4118 recte
1056 4053 1283 4138 suspendatur.
1330 4051 1413 4136 quod
1432 4068 1494 4114 aaa

323 4160 524 4239 intellegeret
545 4158 677 4220 llaasius
704 4159 747 4220 ita
770 4157 907 4239 scripsit,
938 4160 1030 4222 nimis
1057 4160 1171 4222 untes
1196 4157 1378 4240 aptasse.
1422 4171 1494 4218 nunc

321 4260 400 4326 adeo
433 4279 533 4324 omncs
565 4269 670 4342 poetae
697 4279 758 4324 non
791 4263 920 4324 connati
945 4269 1031 4324 crues
1058 4269 1087 4324 cl
1114 4279 1239 4326 occasus
1266 4259 1442 4336 describere,
1469 4261 1495 4318 al

322 4365 412 4428 etiarn
434 4364 566 4426 mediam
587 4363 666 4426 diem
688 4365 861 4446 meaiolani.
907 4383 971 4428 non
994 4383 1185 4445 quaeramus
1206 4383 1302 4445 mam
1326 4375 1410 4428 recte
1436 4359 1494 4422 dic-

322 4479 390 4532 tum
412 4469 453 4530 sit
481 4466 561 4529 illud
587 4467 678 4529 nimis
700 4469 813 4530 nesa'ce
835 4466 1024 4549 adpariescis:
1054 4485 1167 4530 verum
1197 4477 1297 4530 totum
1327 4465 1405 4530 illud
1432 4479 1493 4526 ver·
