3204 5104
402 365 489 428 lnnnr
513 379 675 426 sacernam
699 380 877 424 issrrrsrra
903 361 996 424 4867.
1222 345 1291 418 351

117 550 257 614 absentem
279 553 444 615 insectatus
464 569 550 614 sum:
573 551 644 614 alim
665 550 736 628 ltoc,
760 569 828 614 crem
850 552 968 615 tristior
988 569 1080 634 paam
1099 569 1161 632 par
1176 558 1244 612 erat
1265 551 1297 612 in

117 661 191 718 coctu
216 654 370 718 lominum
394 655 616 739 proprederere
645 656 693 718 uel
722 673 789 717 cum
817 657 850 718 in
877 653 992 718 tleotm
1022 661 1055 716 tu
1080 653 1173 716 libros
1195 653 1244 716 uel
1264 653 1297 715 in

117 759 243 820 mnuiuio
266 756 420 822 lectitabas
443 777 496 822 nec
518 777 570 843 epo
593 759 665 821 dum
687 766 721 822 tu
742 757 869 822 theatris
896 775 951 820 nec
979 756 1052 819 dum
1072 757 1220 820 convivis
1242 753 1298 818 ab·

117 859 266 924 stinclram.
313 871 400 942 patet
422 861 627 926 scribendum
651 880 721 924 esse
744 862 776 923 in
792 879 907 924 cosrru
930 859 1093 922 lominum.
1140 868 1248 941 postea
1266 865 1297 922 tu

118 963 194 1044 quod
221 974 296 1028 ante
326 963 451 1028 tlteatris
480 964 597 1046 legitur
625 962 855 1027 removendum
885 973 951 1028 cst:
985 962 1093 1026 turbat
1115 964 1199 1027 euim
1223 981 1298 1024 sen-

117 1068 250 1129 tentiam.

196 1170 253 1251 Ep.
280 1189 309 1232 rr
333 1171 371 1232 l3
396 1191 428 1252 p.
454 1172 494 1232 83
518 1169 582 1256 [76
605 1172 643 1232 N.
649 1167 669 1253 [
699 1172 737 1232 Μ.
765 1170 879 1232 Caesar
902 1169 980 1232 haee
1001 1168 1128 1249 scribit,
1161 1169 1213 1232 sed
1236 1171 1297 1231 iam

117 1272 225 1354 aliquid
253 1274 464 1336 cmnmmiscar
494 1281 522 1337 et
550 1273 628 1355 quad
656 1279 761 1336 orator
789 1273 912 1354 quidam
934 1269 1049 1335 Atticus
1071 1269 1296 1336 Atheniensium

115 1377 271 1438 cantionem
292 1375 447 1454 monebat,
477 1394 725 1458 nonnumquam
750 1374 985 1457 permittendum
1015 1374 1128 1460 leyilus
1150 1376 1295 1453 dormire,

116 1477 196 1542 ems
217 1475 370 1542 Amstenis
389 1481 564 1562 propietates
583 1481 744 1564 paulisper
773 1481 924 1560 quiescere
951 1479 1111 1542 concedam
1132 1497 1235 1560 meque
1256 1477 1298 1540 cd

115 1582 201 1644 mmm
219 1581 409 1646 ‘tulmentum
435 1592 554 1666 paetum
585 1590 676 1668 totum
706 1589 895 1659 convertam,
926 1582 1025 1646 testeis
1044 1584 1135 1664 prius
1158 1583 1297 1644 erodun-

116 1684 205 1748 cnleis
223 1686 400 1750 Tullianeis.
439 1686 651 1750 dubitandum
667 1695 714 1748 est
732 1704 772 1748 an
788 1683 969 1748 histrionum
988 1693 1077 1766 poeto
1095 1685 1298 1748 nundinetur

116 1789 229 1851 Latine.
276 1807 376 1870 quare
398 1788 603 1853 scribendum
626 1789 757 1851 tortasse
781 1797 829 1850 est
851 1805 1071 1852 nrararoracru.
1118 1789 1298 1850 Onomasti-
1352 1851 1357 1859 ,

115 1909 183 1952 cum
209 1901 302 1955 vetus
329 1893 525 1957 histrionicus
554 1885 752 1977 imsupereaie.
799 1909 876 1954 usus
902 1899 951 1954 est
973 1909 1009 1954 ea
1032 1910 1108 1953 voce
1130 1891 1294 1972 leianus,

115 1995 165 2073 qui
194 2013 303 2076 operas
329 1995 524 2060 histrionicas
552 1995 635 2058 dixit
661 1995 729 2075 Dig.
755 2013 835 2056 xxxa
858 1992 911 2055 73.
958 1992 1152 2058 histrionicas
1181 1995 1298 2057 lideras

114 2093 192 2159 dixit
213 2097 427 2160 Tertullianus
441 2095 491 2161 Ad
513 2099 682 2164 untionesr
703 2099 752 2176 40,
778 2097 968 2160 histrionicos
989 2080 1299 2180 pestus'Amhrosins

114 2199 155 2261 De
176 2200 287 2262 alliciis
310 2202 528 2264 ministrorum
551 2221 561 2264 1
587 2202 625 2262 l8
649 2186 711 2262 73.Ι

197 2303 339 2384 Epistula
360 2303 402 2366 ad
423 2299 685 2368 M.'Caesaremv
709 2305 747 2368 li
770 2322 802 2385 p.
821 2305 862 2365 89
878 2301 942 2388 [80
956 2305 995 2365 Ν.
1001 2301 1021 2386 [
1044 2305 1121 2366 haec
1143 2313 1191 2366 est
1212 2301 1321 2385 apudt

115 2405 240 2486 ltaium,
267 2406 417 2482 Quomodo
440 2409 591 2470 manseris
613 2407 694 2470 domi
714 2409 830 2470 nescire
852 2409 949 2488 capto.
997 2425 1048 2490 epe
1070 2408 1221 2469 cervicum
1244 2406 1299 2468 do-

114 2507 174 2572 lare
197 2518 340 2592 arreptus
362 2529 441 2574 snm.
489 2511 574 2588 vale,
601 2510 729 2574 domine.
776 2509 930 2572 domuum
952 2510 1064 2572 soluta.
1112 2508 1299 2590 Schopenas

114 2613 235 2691 putavit
263 2614 411 2694 quemvis
439 2615 581 2676 risurum
613 2631 683 2676 esse
710 2613 773 2694 legi
802 2621 949 2694 oportere
979 2613 1104 2675 rescire.
1152 2610 1299 2676 videmus

113 2715 216 2792 potius
242 2715 414 2796 legendum
443 2736 513 2780 esse
544 2715 695 2794 Quomodo
724 2718 893 2792 manseres,
924 2732 1055 2794 neurus,
1088 2732 1169 2778 sorau
1198 2717 1295 2797 cupio.

113 2825 142 2877 et
163 2817 320 2880 credibile
344 2829 393 2883 est
415 2821 474 2882 hoe
495 2820 611 2882 multos
632 2817 763 2882 uidisse.

197 2922 255 3004 Ep.
281 2941 301 2983 v
323 2922 365 2986 32
388 2943 421 3004 p.
446 2923 485 2985 93
510 2919 573 3006 [85
596 2923 635 2984 N.
640 2919 661 3005 J
682 2922 761 2984 haec
783 2922 902 3002 scripta
922 2930 1015 2998 sunt,
1040 2922 1078 2982 Et
1098 2938 1180 2982 nunc
1201 2937 1298 2983 sonus

112 3029 139 3086 et
159 3023 298 3107 deinceps
321 3026 444 3090 ualidus
467 3027 564 3089 laetus
586 3041 704 3108 compos
729 3025 1118 3107 monumentorumque
1140 3023 1218 3086 dcem
1239 3043 1299 3086 nn-

111 3126 216 3204 ιαιειη,
247 3129 292 3190 mi
317 3131 473 3212 mopister.
520 3147 597 3212 quae
618 3147 686 3191 mea
711 3129 845 3209 precatio
867 3127 1020 3190 sollernuis
1042 3144 1159 3210 seraper
1181 3128 1299 3190 aucum·

109 3229 142 3308 fit
167 3238 279 3311 planto
305 3233 403 3314 omps
432 3229 547 3295 accedit
575 3239 603 3295 et
630 3231 705 3294 mili
728 3231 859 3312 firmins
888 3229 930 3292 ad
958 3229 1142 3313 ditiquedum
1164 3237 1193 3292 et
1214 3237 1298 3292 aetas

111 3335 312 3396 movnsimae
330 3332 556 3415 familiaritatis
578 3342 711 3398 nostrae.
758 3332 900 3396 seribere
923 3341 1045 3414 oportet
1066 3349 1296 3395 rsuramnrarr.

195 3437 254 3517 Ep.
294 3435 336 3498 ad
364 3435 559 3500 Antoninum
590 3438 814 3519 imperatorem
851 3445 883 3500 et
913 3437 1048 3500 invicem
1078 3453 1088 3497 ι
1122 3437 1133 3496 4
1169 3456 1201 3517 p.
1237 3437 1296 3498 403

110 3534 172 3618 [et
195 3539 234 3600 N.
239 3536 270 3622 J.
317 3539 386 3603 uate
408 3547 436 3603 et
454 3557 620 3622 perennem
640 3539 743 3604 mullis
766 3542 856 3603 nanis
878 3538 987 3601 bonam
1009 3537 1226 3617 valetudinem,
1257 3541 1301 3601 mi

111 3643 255 3723 maprster
269 3644 393 3723 optime,
419 3642 602 3706 laetissimus
617 3642 819 3706 incolumitate
830 3643 912 3723 fileae
927 3650 1067 3724 nepotum
1080 3643 1194 3724 peneri.
1235 3659 1298 3702 non

112 3753 257 3822 putamus
280 3743 415 3808 verbum
438 3743 479 3808 ab
493 3743 652 3808 Antonino
674 3745 775 3808 omitti
798 3745 938 3826 potuisse
961 3753 1015 3807 aut
1037 3745 1297 3826 praetermissum

111 3864 213 3910 essen
230 3844 375 3926 librario,
400 3846 458 3910 sed
480 3846 687 3912 scribendum
711 3848 815 3928 patius
838 3867 908 3912 esse
927 3848 996 3912 vele
1010 3856 1039 3911 et
1052 3865 1180 3911 renerum
1195 3848 1298 3910 multis

111 3951 200 4013 annes
223 3969 300 4014 sora
323 3967 513 4013 rsnmrnum.

195 4053 230 4114 ln
247 4052 437 4117 Catonianae
459 4053 610 4116 arationis
633 4053 749 4116 eximia
771 4053 926 4136 particula
949 4073 1031 4136 quae
1053 4053 1112 4134 Ep.
1138 4051 1178 4116 ad
1199 4051 1298 4116 Anto-

110 4156 222 4220 ninum
245 4174 255 4216 r
278 4157 297 4218 2
321 4176 353 4237 p.
381 4157 440 4217 440
465 4154 551 4240 [400
568 4157 606 4218 Ν.
613 4153 632 4238 [
654 4165 779 4219 servata
803 4166 851 4218 est
874 4158 951 4219 haec
973 4157 1139 4237 leguntur,
1164 4155 1233 4218 vide
1255 4157 1298 4218 sis

110 4277 165 4338 prro
188 4259 251 4320 loca
272 4277 325 4322 res
339 4257 461 4340 paullino
475 4263 546 4336 siet,
570 4260 617 4322 uti
637 4260 716 4342 quod
738 4257 936 4340 reipublicae
950 4258 1023 4320 leuc
1036 4259 1193 4340 fecissem,
1217 4259 1298 4321 aride

108 4364 242 4444 matiam
264 4361 432 4443 cape'ebom
465 4379 547 4424 nunc
574 4362 652 4424 idem
674 4361 752 4424 illud
773 4380 942 4425 memorare
963 4379 1022 4424 uon
1046 4361 1158 4438 audeo,
1189 4379 1227 4423 ne
1249 4363 1298 4423 in-

111 4465 211 4527 vidiae
240 4467 306 4528 siet.
360 4464 500 4528 diximus
530 4465 607 4526 alins
635 4463 675 4526 de
705 4473 738 4526 ut
766 4467 984 4527 coniunctione
1018 4466 1049 4526 in
1080 4465 1146 4526 loca
1175 4465 1298 4544 signiti-
