3204 5104
313 354 387 426 362
605 368 694 428 lsorx
717 387 882 430 necarem
904 385 1088 430 armatura
1109 364 1202 427 teet.

312 577 380 634 res,
412 575 524 641 mepta
552 558 704 621 hereditas
733 565 855 640 apeme,
886 575 955 619 cum
979 559 1110 638 pecunia
1138 558 1305 638 voluptates
1333 557 1492 638 ponentur

309 663 480 744 piurirnoe,
506 661 585 725 men
606 663 665 724 erit
686 663 816 743 Epicuro
838 668 938 724 vestro
958 660 1150 742 fodendum
1181 662 1209 722 ci
1229 679 1321 723 suum
1339 661 1428 740 finem
1447 657 1492 718 bo-

312 783 423 827 norum
443 766 529 848 sequi
549 765 636 844 vaiet,
663 764 741 845 camd
757 765 900 846 Scipioni,
926 784 1039 847 mopso
1052 763 1152 846 picria
1164 765 1325 846 proposito
1339 765 1368 826 si
1382 763 1492 824 Monoi-

312 869 410 932 baum
439 871 471 930 in
494 865 631 950 Africam
657 869 853 930 renunciant.
907 869 1007 949 doque
1035 875 1179 950 pontum
1209 868 1286 929 odiit
1309 865 1491 948 peremtum!

313 973 354 1035 od
375 972 558 1036 honestatem
579 973 659 1034 eriim
682 973 768 1035 iilum
789 989 903 1034 monem
927 978 1068 1034 conontm
1082 989 1172 1034 cuum
1193 969 1360 1052 reserabat,
1385 987 1443 1030 non
1457 967 1492 1028 od

315 1078 506 1158 voluptatem.
552 1077 597 1138 sio
618 1083 718 1138 vester
739 1076 863 1156 sapiens
884 1093 993 1158 mopno
1015 1074 1115 1155 atiquo
1133 1075 1328 1136 auctomento
1350 1078 1492 1135 conmotus

313 1199 381 1242 cum
403 1199 516 1258 causo,
548 1181 578 1242 si
598 1196 673 1260 opus
692 1177 806 1260 suerit,
837 1177 1002 1241 dimicabit.
1049 1179 1194 1240 ocatmm
1213 1177 1339 1258 focinus
1361 1193 1424 1239 eoae
1442 1194 1492 1256 po
1589 1223 1590 1266 p

243 1331 246 1338 .
314 1283 421 1362 tuerit,
445 1281 605 1366 poetdebit;
629 1281 832 1363 deprenensus
854 1299 970 1343 monem
988 1299 1118 1363 paenam
1139 1288 1320 1343 contemnet:
1344 1281 1402 1342 erit
1421 1279 1493 1340 eoin
1589 1273 1590 1288 ¹

314 1389 483 1449 instructus
504 1385 545 1447 od
566 1393 691 1447 mortem
706 1384 968 1461 contemnendam,
993 1384 1036 1445 od
1057 1385 1201 1460 cecilium,
1227 1385 1269 1446 od
1291 1386 1391 1465 ipsum
1411 1385 1491 1443 etiam

315 1489 458 1552 dotorem.
497 1489 703 1551 haecomnia
720 1486 932 1552 adscribenda
948 1496 1038 1549 erant
1053 1497 1088 1550 ut
1104 1486 1145 1549 de
1160 1490 1270 1568 paucis
1285 1485 1394 1548 verbis
1415 1495 1492 1546 recte

315 1592 472 1674 disputari
496 1601 613 1672 posset.
661 1609 732 1654 nem
756 1593 916 1654 sententia
941 1600 1050 1652 carent
1072 1591 1124 1652 ille
1147 1609 1213 1653 cum
1236 1609 1348 1667 consa,
1379 1592 1408 1652 oi
1425 1605 1493 1670 opus

312 1695 425 1777 suerit,
451 1695 613 1758 dimicabit.
661 1695 790 1758 inerunt
813 1695 912 1775 igitur
932 1694 1071 1776 quicum
1086 1711 1197 1770 cauto,
1222 1693 1308 1775 quod
1329 1691 1493 1756 absurdam

317 1809 375 1878 eet,
400 1800 558 1881 corrigere
575 1797 753 1861 studerent.
793 1805 885 1860 vetus
907 1805 956 1860 est
970 1799 1161 1876 coniectura,
1187 1795 1244 1860 sed
1266 1796 1361 1859 vaide
1383 1799 1490 1876 inepto,

316 1902 522 1966 scribendum
552 1921 622 1964 esse
651 1903 748 1964 animi
775 1919 888 1964 causa:
918 1919 990 1962 nam
1014 1901 1226 1964 coniecturam
1249 1919 1321 1962 csse
1343 1909 1490 1981 putamus,

316 2025 397 2084 non,
429 2025 511 2088 quae
533 2004 680 2085 Madvigii
709 2005 815 2085 opinio
845 2014 911 2082 est,
943 2022 1096 2066 errorem.
1143 2022 1248 2084 nuper
1275 2005 1428 2084 prolatum
1452 2013 1495 2064 cst

317 2111 424 2191 cupitis
446 2128 558 2188 causo,
585 2107 670 2190 quod
693 2127 755 2170 non
779 2126 857 2188 opus
881 2117 929 2170 est
952 2107 1103 2170 refutare.
1149 2107 1325 2188 Madvigius
1339 2116 1494 2188 postquem

317 2211 397 2274 iliud
419 2214 516 2274 animi
536 2231 632 2275 cauca
655 2212 706 2274 hic
728 2213 855 2272 omnino
878 2209 942 2273 dici
965 2229 1028 2272 non
1051 2211 1190 2291 potuisse
1207 2209 1314 2273 docuit
1329 2212 1371 2272 ita
1385 2210 1490 2291 pergit,

320 2317 402 2378 ‘tum
425 2315 524 2378 verba
552 2318 581 2379 si
606 2335 681 2398 opus
700 2314 797 2396 suerit
818 2313 995 2392 declarant,
1029 2312 1114 2395 quod
1137 2314 1210 2375 Otto
1237 2317 1355 2394 sensit,
1385 2313 1493 2375 dic-taor

316 2418 439 2500 aliquid
462 2439 532 2482 esse
554 2417 640 2500 quod
662 2419 702 2481 ad
725 2416 978 2499 magnitudinem
1001 2416 1212 2479 dimicationis
1240 2417 1428 2498 pertinerem
1458 2413 1493 2476 sd

317 2521 439 2586 nudum
469 2521 549 2585 illud
576 2521 731 2584 dimicabit
759 2519 872 2584 reterri
902 2539 965 2582 non
994 2529 1144 2601 possunt,
1177 2519 1262 2602 qaod
1284 2521 1386 2600 ipsum
1409 2519 1494 2580 nimis

319 2625 441 2687 infinite
464 2627 614 2706 ponitur,
646 2643 709 2686 non
740 2624 914 2705 significato
940 2625 1125 2686 certaminis
1153 2641 1289 2703 genere,
1321 2621 1403 2704 quad
1422 2636 1492 2682 seno

318 2729 411 2809 longe
432 2728 621 2810 aScipionis
637 2737 791 2790 remotum
814 2745 884 2794 esec
908 2726 1015 2789 debat.
1062 2726 1217 2790 accedunt
1237 2727 1396 2806 proxima,
1419 2743 1493 2804 quae

318 2851 381 2894 noa
408 2830 644 2894 dimicationem
673 2831 810 2912 aliquam
840 2831 967 2892 omnino
999 2833 1192 2892 nominatam
1226 2830 1411 2906 ostendunt⁷
1442 2823 1493 2888 scd

319 2935 350 2996 ia
381 2951 444 3016 qua
473 2933 595 2998 iacinus
624 2935 666 2998 sit
693 2941 726 2997 et
753 2949 874 3015 poenm
903 2935 1008 2996 timor.
1060 2937 1169 3014 itaque
1195 2953 1236 2996 ne
1267 2932 1348 2996 illud
1376 2929 1492 3012 quidem

320 3047 441 3102 rectum
471 3039 548 3117 erit,
580 3037 607 3100 si
636 3039 709 3119 quis
737 3047 808 3119 poet
834 3056 902 3100 cion
925 3037 1062 3100 inmanis
1088 3037 1208 3100 bestiae
1230 3055 1348 3098 nomen
1370 3036 1491 3116 positum

317 3143 448 3222 putarit.
490 3142 567 3204 mihi
584 3143 692 3204 Cicero
714 3142 880 3221 scripsisse
896 3139 1025 3202 videtur
1046 3159 1113 3203 uim
1128 3141 1239 3216 amico,
1266 3141 1294 3204 ti
1311 3157 1384 3220 opus
1395 3137 1489 3220 [oeni.

319 3244 489 3322 dimicabit;
518 3255 551 3308 et
578 3254 654 3326 puto
680 3253 752 3325 post
778 3261 846 3308 urm
868 3244 1032 3307 obscurari
1054 3245 1193 3325 potuisse
1215 3242 1419 3306 similitudino
1439 3239 1492 3302 du-

319 3357 427 3412 ctuum
448 3349 565 3430 prioris
580 3349 666 3410 vocis
688 3349 809 3410 litteras
832 3357 864 3410 et
885 3367 923 3410 ex
945 3348 1081 3428 reliquis
1094 3346 1176 3409 citici
1193 3345 1403 3428 conpendium
1417 3343 1490 3406 vocis

319 3469 415 3513 catoso
438 3450 518 3532 (ca).
566 3452 680 3513 vellem
709 3461 814 3514 tamen
843 3452 976 3533 propius
1004 3451 1046 3514 ad
1068 3450 1191 3514 codices
1213 3451 1391 3512 coniectura
1412 3465 1489 3510 acoe-

320 3553 432 3616 deret.’
477 3572 535 3618 nos
565 3554 720 3618 eiusmodi
750 3557 954 3618 mutationem
977 3555 1193 3637 acciperemus
1213 3554 1240 3616 si
1263 3564 1373 3634 aperta
1394 3560 1424 3614 et
1441 3567 1489 3610 ne-

320 3659 456 3720 cessaria
486 3661 644 3722 sententia
673 3679 743 3720 eam
770 3658 940 3739 flagitaret:
973 3679 1058 3722 nunc
1088 3678 1151 3720 nou
1173 3667 1296 3720 tanturn
1320 3657 1413 3720 nullis
1431 3671 1487 3716 coar

319 3761 461 3824 artificiis
477 3763 545 3824 veri
562 3762 697 3824 similem
721 3761 812 3824 reddi
835 3781 927 3843 posse
943 3763 1172 3840 existimemus
1197 3759 1255 3822 sed
1278 3755 1487 3841 argumentatio

320 3883 447 3946 quoque
477 3865 598 3947 egregii
627 3865 766 3928 hominis
793 3883 856 3926 non
879 3865 1007 3927 videtur
1035 3863 1126 3927 nobis
1148 3863 1190 3926 ab
1211 3865 1297 3926 omni
1320 3873 1407 3946 porte
1427 3877 1487 3942 pro-

320 3967 425 4031 banda
446 3987 528 4032 esse.
576 3969 634 4032 etsi
658 3969 744 4032 enim
767 3987 808 4030 ne
831 3988 887 4030 nos
913 3967 1044 4049 quidem
1067 3977 1215 4048 putemus
1237 3968 1271 4028 in
1293 3965 1426 4029 absurdo
1445 3961 1486 4022 iiio

320 4089 432 4136 causae
455 4071 605 4134 vocabulo
635 4073 806 4134 immanem
832 4073 970 4152 aliquam
999 4071 1133 4135 bestiam
1163 4072 1280 4149 latere,
1313 4081 1415 4133 muron
1437 4081 1484 4127 oon

322 4184 427 4256 rema,
450 4185 605 4257 qnantum
627 4195 683 4239 nos
706 4175 837 4258 quidem
859 4174 1019 4254 videmus,
1045 4172 1220 4255 Madvigius
1234 4173 1396 4238 contendit
1409 4169 1484 4233 dini-

321 4279 473 4342 cetiooom
496 4298 515 4342 a
535 4279 686 4342 Cicerone
708 4287 970 4342 conmemoratam
993 4297 1062 4341 esse
1086 4278 1119 4339 in
1142 4295 1205 4358 qua
1227 4277 1349 4340 iacinus
1370 4283 1445 4338 essu
1461 4277 1485 4330 et

320 4401 440 4462 poenae
468 4382 573 4444 timor.
628 4384 723 4444 immo
751 4384 826 4444 satis
856 4391 924 4444 erat
952 4398 1186 4444 conmemorare
1209 4399 1359 4461 magnum
1379 4370 1483 4456 aliquod

321 4485 509 4568 periculum.
556 4505 629 4548 nam
651 4468 746 4548 totam
770 4487 851 4548 hanc
867 4486 1028 4550 Ciceronis
1043 4483 1310 4566 disputationem,
1335 4475 1479 4564 quoe55i
