3186 5108
306 374 377 450 166
597 392 686 452 lauru
708 404 876 456 nscrrosvtt
899 393 1196 456 armelansiam.

301 582 387 663 ulicis
411 581 498 644 labor
520 589 565 644 est
586 589 615 644 et
633 581 735 665 gloria
752 582 813 661 Coi,
838 578 992 664 Aequoreo
1010 581 1152 646 madidus
1173 592 1251 666 astae
1270 585 1383 665 premit
1405 584 1489 646 intro

301 679 413 748 comas.
461 701 523 747 non
553 692 637 746 recto
667 682 784 746 iudicio
814 683 944 748 lacobus
973 685 1025 747 bic
1054 691 1132 748 usus
1162 697 1222 748 est.
1269 705 1344 748 uam
1370 705 1439 750 cum
1459 690 1487 748 in

300 785 393 852 libris
416 789 486 850 eius
505 785 751 851 Helmstadiensi
775 797 807 850 et
829 787 1050 870 liehdigerano
1072 791 1227 870 scriptum
1250 796 1335 852 esset
1358 792 1490 853 τονυοιόο

296 897 389 974 parte
415 889 651 972 (hebetantem
675 889 760 954 idem
784 892 879 954 etiam
903 890 1203 976 Cantabrigiensis),
1229 891 1354 956 doctius
1375 893 1489 975 ailquid

301 1014 397 1076 quam
420 993 507 1076 quod
528 994 671 1075 Scaliger
699 993 833 1076 protulit
863 996 1094 1077 inventumque
1123 1003 1172 1058 est
1202 997 1234 1058 in
1263 992 1491 1078 antiquioribus

301 1097 494 1180 quibusdam
517 1097 674 1180 inpressis
697 1097 936 1179 exemplaribus
966 1099 1065 1162 latare
1089 1108 1176 1162 ratus
1198 1099 1406 1162 scribendum
1428 1119 1492 1163 esse

301 1202 436 1264 coniecit
452 1203 605 1285 Signaque
626 1219 708 1264 ααιιο
726 1201 858 1284 Paphiae
872 1204 1010 1266 rorantis
1032 1203 1070 1265 ab
1088 1209 1155 1266 orte
1170 1205 1307 1286 capillos.
1341 1222 1405 1285 quo
1419 1205 1492 1266 lacto

300 1323 358 1387 pro
382 1303 579 1368 incommoda
609 1305 749 1367 oratione
777 1306 878 1386 magis
908 1307 1003 1368 ctiam
1030 1322 1216 1388 perversam
1240 1315 1272 1370 et
1292 1308 1345 1369 vel
1369 1315 1493 1389 propter

300 1409 459 1492 signorum
480 1407 670 1471 vocabulum
694 1407 887 1471 reiciendam
910 1408 1061 1473 substitui
1084 1408 1229 1492 adparet.
1276 1408 1335 1473 sed
1357 1411 1492 1492 proiecto

301 1513 334 1573 in
357 1511 496 1594 eoquod
519 1510 593 1574 libri
610 1509 730 1575 babent
751 1513 894 1575 mantia
913 1517 1004 1593 parte
1019 1511 1142 1575 doctius
1164 1512 1287 1594 aliquid
1310 1514 1388 1576 latet
1403 1530 1491 1595 quam

301 1613 386 1694 quod
402 1615 544 1696 Scaliger
567 1614 642 1678 inde
666 1614 918 1696 exsculpendum
942 1633 1013 1678 esse
1035 1617 1175 1697 putavit:
1202 1617 1298 1679 immo
1320 1635 1385 1679 non
1409 1617 1490 1694 latet,

300 1717 357 1780 sed
381 1719 545 1799 perlucido
561 1717 677 1781 urendo
693 1721 747 1780 vix
769 1717 928 1782 obtectum
951 1727 1010 1782 est.
1050 1720 1179 1800 scripsit
1201 1722 1288 1782 euim
1309 1730 1404 1802 poeta
1419 1737 1495 1782 aeuo

303 1821 435 1903 Paphiae
457 1829 609 1885 rorantes·
621 1841 713 1884 rarae
735 1821 850 1904 capilli.

387 1923 452 1988 Sed
475 1925 534 1986 hoe
548 1923 677 1989 dicandi
696 1943 809 2007 genus,
834 1924 893 1988 etsi
918 1941 980 1986 non
1003 1941 1148 2006 magnam
1165 1923 1387 1989 difficultatem
1404 1928 1494 1990 habet

302 2046 408 2109 neque
431 2027 602 2092 obscurum
625 2037 674 2090 est
689 2029 825 2090 Veneris
847 2027 977 2110 capillos
999 2047 1081 2110 aqua
1097 2030 1204 2108 uraris,
1230 2048 1270 2092 ex
1286 2047 1350 2112 quo
1367 2031 1492 2112 prodiit,

301 2139 446 2194 rorantes
461 2129 536 2210 diei,
562 2130 667 2211 paullo
691 2140 796 2194 tamen
819 2131 969 2194 uberiore
986 2131 1211 2212 disputatione,
1237 2151 1299 2195 non
1324 2135 1495 2198 iniucunda

301 2235 365 2315 illa,
390 2244 426 2297 ut
448 2244 608 2316 putamus,
634 2251 741 2315 neque
765 2233 881 2315 inutili,
907 2235 1067 2316 explicare
1091 2235 1248 2298 volumus.

386 2335 594 2420 deprimam
616 2336 746 2419 quidem
770 2338 925 2401 Graecum
954 2348 1080 2419 poetam
1103 2337 1259 2400 credibile
1282 2349 1419 2402 estnon
1442 2357 1496 2422 pa-

299 2453 381 2505 trem
410 2440 468 2504 scd
497 2451 631 2504 matrem
661 2443 766 2523 potius
796 2440 894 2504 luisse
923 2449 1252 2504 commemoraturum.
1300 2443 1344 2505 ita
1375 2444 1496 2507 locutus

299 2554 348 2609 est
369 2541 537 2625 Antipater
560 2543 709 2608 Sidonius
739 2545 771 2606 in
795 2543 1022 2626 epigrammate
1045 2544 1131 2626 quod
1159 2544 1319 2608 lacobsius
1341 2567 1360 2609 e
1384 2547 1495 2610 Hanu-

299 2648 351 2712 dis
378 2647 558 2730 anthologia
586 2657 749 2730 receptum
778 2648 936 2711 Palatinae
963 2647 1089 2710 addidit
1110 2657 1134 2710 t.
1156 2667 1179 2709 u
1201 2668 1234 2729 p.
1253 2647 1315 2710 679
1343 2650 1446 2732 [Ριοιι.
1470 2670 1496 2713 ιι

302 2751 390 2835 ilbi,
415 2745 478 2815 Τᾶν
501 2745 708 2835 ἀναδυομένων
731 2745 790 2815 ἀπὸ
814 2749 941 2836 ματέρος
964 2741 1032 2836 ἄρτι
1053 2743 1211 2822 θαλάσσας
1234 2747 1373 2837 Κόπριν,
1394 2747 1496 2818 Ἀπελ-

299 2853 381 2921 λαίου
403 2848 521 2942 μόχθον
543 2847 602 2941 όρα
623 2851 787 2941 γραρίδοςε
820 2854 905 2937 quod
932 2855 1169 2936 epigrammatis
1198 2855 1325 2918 initium
1349 2859 1497 2921 lucillius

300 2961 388 3023 autb.
407 2959 470 3022 Pal.
490 2977 518 3021 ru
544 2957 603 3021 474
627 2959 689 3020 οΙίο
711 2957 856 3038 detorsit,
882 2951 945 3041 Τὴν
967 2951 1175 3042 όιναδοομένην
1199 2951 1257 3022 iot
1281 2958 1411 3046 μητέρος
1432 2951 1498 3046 ἄρτι

300 3057 459 3148 θαλάσσης
481 3057 598 3147 Κόπριν
624 3053 699 3146 ’όλην
721 3063 837 3147 χρυσῆν
867 3058 959 3147 ἐχθὲς
988 3057 1097 3146 ἔκλεψα
1119 3059 1211 3125 Δίον.
1258 3064 1417 3128 Leonidae
1440 3068 1498 3126 Το-

300 3168 419 3230 rentini
448 3167 528 3228 baec
556 3174 631 3229 sunt
661 3174 683 3227 t.
707 3183 729 3226 n
757 3184 790 3246 p.
815 3165 876 3226 680
910 3165 1011 3247 [Plau.
1036 3183 1065 3226 ιτ
1094 3164 1184 3248 lilii,
1216 3161 1278 3230 Τόν
1307 3167 1495 3254 ἐκφυγοῦσαν

299 3264 411 3356 ματρός
433 3269 468 3333 ἐκ
490 3263 610 3334 κόλπον
632 3266 677 3332 ἔτι
695 3261 795 3353 Ἀρρῷ
816 3289 849 3330 τι
871 3262 1083 3354 μορμόρουσαν
1106 3263 1218 3355 σόλεχῆ
1242 3263 1361 3356 Κύπριν
1377 3262 1431 3335 ’la’
1457 3267 1497 3343 ὣς

294 3368 458 3458 Ἀπελλῆς,
482 3367 594 3444 ια’λλος
617 3365 820 3458 ἱμερότατον,
851 3365 897 3436 Ob
918 3365 1050 3458 γραπτὸν
1073 3367 1137 3436 ἀλλ’
1163 3369 1300 3460 ἔμψυχον
1323 3368 1494 3459 sapatum.

298 3489 365 3540 tum
387 3475 501 3540 iuliani
526 3472 675 3558 Aegyptii
700 3473 819 3538 ibidem
845 3475 932 3558 [tet]
958 3475 1054 3554 haee,
1073 3467 1154 3562 Ἄρτι
1175 3475 1369 3562 θαλασσαίης
1392 3476 1496 3564 Παφίη

297 3569 450 3666 προόκυψο
473 3575 613 3666 λοχιίης,
648 3575 752 3642 Μαῖαν
770 3573 943 3664 Ἀπολλιίην
966 3572 1117 3664 εὑραμένη
1146 3573 1302 3664 παλάμην.
1349 3583 1497 3646 addimus

298 3685 494 3766 epigramma
516 3682 713 3766 Apollonidis
735 3683 824 3746 autb.
850 3684 913 3746 Pal.
931 3701 961 3744 n
983 3681 1057 3762 794,
1091 3693 1126 3747 ut
1147 3685 1365 3765 turpissimam
1388 3703 1496 3750 maon-

298 3787 361 3850 lam
383 3787 538 3851 eluamus.

428 3885 530 3975 Μητρὶ
550 3889 744 3976 ποριοτιτρέος
766 3891 874 3975 σηκοῦ,
898 3883 1065 3975 Κυθέρεια,
1090 3885 1232 3977 θαλάσσῃ

505 3993 653 4079 κρηπῖδας
676 3991 784 4079 βυθίας
806 3989 927 4076 οἴδματι
948 3986 1127 4076 casipate·

427 4093 530 4182 χαίροι
553 4089 579 4160 δ’
607 4091 687 4182 ἀμφί
708 4117 742 4161 οε
764 4090 870 4168 πόντος
892 4089 949 4160 ὑπὸ
973 4090 1115 4182 ζερόροιο
1137 4101 1263 4185 πνοῆοιν

507 4193 599 4287 όιβρόν
622 4193 696 4286 ὑπὲρ
719 4192 815 4264 νότου
837 4197 966 4263 κυανέου
988 4193 1140 4284 γελάσας·

428 4299 530 4368 εἵνεκα
552 4297 577 4366 θ’
603 4298 740 4390 ιόσαβίης
763 4305 838 4388 νηοῒι
859 4297 888 4367 θ’
910 4292 947 4366 όν
969 4299 1105 4388 ἐγείνατο
1128 4304 1192 4370 σοῖο

506 4401 680 4490 Πόστουμος
704 4399 835 4494 αόχήσαι
854 4407 968 4491 pelosa
990 4408 1099 4493 φλοοσι
1122 4403 1244 4497 Πάρου.

298 4512 522 4594 conposuimns
545 4530 583 4574 ea
612 4529 695 4592 quae
725 4509 882 4574 laaobsins
905 4512 1105 4576 Hermannus
1128 4515 1295 4580 lleellerus
1322 4515 1361 4580 ad
1384 4525 1494 4581 emen-
