3240 5094
445 393 533 452 lunas
557 411 722 454 trcrtosvrr
747 412 924 454 tassimata
951 391 1045 455 4873.
1269 381 1339 450 471

537 497 551 538 ι

141 579 228 660 fovet
250 589 278 642 et
296 581 365 662 sore
387 599 459 643 cros
482 599 602 662 semper
624 583 669 644 cit
683 583 802 644 melius.
842 601 949 663 neque
965 584 1065 663 magis
1088 601 1221 645 necesse
1239 593 1287 646 est
1310 595 1345 648 ut

144 684 328 763 proximum
353 703 481 746 versum
511 681 628 756 ἐλπίδες
656 684 688 748 ἐν
712 685 848 762 ζωοῖσιν,
882 678 1053 750 ἀνέλπιστοι
1080 682 1114 749 δὲ
1135 679 1277 758 θανόντες
1303 687 1345 750 ad

144 783 354 870 Amaryllidis
369 790 467 849 vitam
490 787 631 850 nondum
654 788 888 872 desperandam
912 788 1106 869 referamus,
1133 789 1191 852 sed
1213 789 1272 851 boc
1294 790 1345 853 di-

144 891 249 969 citur,
283 889 438 971 quamdiu
465 893 582 973 aliquis
611 895 698 957 vivat
725 893 848 956 tamdiu
878 894 906 955 ei
931 891 1126 973 sperandum
1149 912 1236 972 esse,
1269 895 1345 956 solis

145 994 235 1056 enim
266 995 400 1057 mortuis
428 1014 553 1058 omnem
582 1015 672 1077 spem
701 1016 770 1059 esse
800 998 992 1078 praecisam:
1030 995 1218 1058 adhortatur
1246 998 1344 1078 igitur

144 1099 272 1158 Battum
303 1097 449 1180 Corydon
478 1118 519 1160 ne
550 1099 713 1160 laetiorem
747 1101 906 1162 fortunam
936 1099 1098 1182 desperet.
1153 1099 1265 1162 cadem
1295 1111 1343 1163 est

144 1203 306 1263 sententia
337 1203 488 1264 carminis
510 1202 705 1284 Theognidei
727 1223 759 1263 v.
788 1204 881 1282 4443,
915 1196 983 1266 ἀλλ’
1009 1192 1091 1288 ὄφρα
1118 1225 1162 1276 τις
1192 1196 1265 1273 (det
1291 1199 1343 1266 καὶ

144 1296 204 1387 ὁρᾶ,
227 1296 304 1388 φάος
327 1299 463 1389 ἠελίοιο,
487 1299 647 1390 Εὖσεβέιον
669 1301 736 1391 περὶ
758 1300 866 1383 beotia,
887 1301 1021 1369 Ἐλπίδα
1041 1304 1245 1391 προσμενέτω.

234 1407 299 1470 Sed
328 1408 530 1472 redeundum
559 1420 606 1472 est
636 1409 676 1472 ad
700 1409 778 1472 illud
801 1401 890 1473 ὅσσον
914 1404 1058 1495 ἀπέσβης.
1106 1428 1178 1472 nam
1203 1411 1342 1472 insolens

145 1529 224 1572 sane
247 1520 295 1574 est
318 1512 470 1575 relativae
485 1514 572 1575 vocis
594 1513 779 1595 significatio
803 1511 1062 1576 demonstrativa.
1106 1532 1201 1595 quam
1223 1512 1340 1576 admit-

144 1613 277 1676 tendam
311 1634 381 1677 esse
415 1618 603 1698 pernegavit
633 1617 827 1694 ldeinelrius,
863 1635 881 1679 a
911 1635 974 1698 quo
1003 1617 1044 1678 de
1073 1634 1109 1678 ea
1140 1635 1174 1677 re
1209 1615 1342 1680 uberius

143 1715 341 1798 disputatum
376 1729 425 1781 est
455 1720 635 1782 Callimachi
670 1741 703 1801 p.
734 1721 809 1781 226.
862 1728 1114 1801 conparaverant
1148 1721 1340 1801 interpretes

142 1812 251 1900 τόσσον
274 1814 367 1884 τόσσα
388 1814 486 1908 τόφρα
508 1823 677 1886 aPindaro
697 1832 728 1884 et
744 1822 934 1884 Callimacho
958 1823 1088 1884 relativa
1111 1823 1340 1903 significatione

143 1935 308 2005 usurpata.
349 1924 504 1988 Pindarus
520 1927 609 1988 Nem.
629 1927 682 1987 43
707 1919 777 1989 οὐδὲ
793 1920 905 2010 θερμὸν
924 1917 1005 2010 ὕδωρ
1027 1919 1113 1988 τόσον
1136 1949 1171 2010 γε
1194 1920 1340 2008 μαλθακὰ

142 2020 247 2112 τεύχει
262 2023 338 2092 Γυῖα
346 2077 357 2106 ,
381 2023 487 2092 τόσσον
502 2023 625 2114 εὐλογία
640 2024 783 2115 φόρμιγγι
799 2022 952 2114 συνάορος.
995 2029 1203 2091 Callimachus
1223 2031 1338 2110 hymno

141 2132 177 2192 in
192 2129 372 2212 Apollinem
389 2153 420 2194 ν.
440 2134 479 2194 94
504 2126 575 2196 οὐδὲ
596 2126 683 2196 πόλει
705 2125 766 2196 τόσ’
791 2129 906 2216 ἔνειμεν
922 2127 1074 2218 όρέλσιρα
1088 2126 1182 2195 τόσσα
1197 2125 1335 2216 Κυρήνῃ.

143 2233 230 2296 idem
253 2235 371 2317 hymno
394 2238 427 2298 in
451 2236 562 2300 Delum
585 2256 617 2298 v.
643 2238 684 2298 39
713 2229 811 2322 τόφρα
837 2233 890 2320 μὲν
913 2227 996 2300 adrui
1021 2259 1068 2298 σοι
1089 2234 1205 2321 χρυσέη
1228 2233 1339 2319 ἐπεμί-

142 2361 230 2422 σγετο
254 2332 363 2422 Λητώ,
397 2333 502 2425 Τόφρα
532 2332 561 2402 δ’
587 2333 629 2402 ἔτ’
652 2333 786 2425 ’Aesepia
817 2333 853 2403 od
881 2336 935 2402 καὶ
962 2329 1082 2403 edituo
1112 2336 1200 2402 ἔπλεο
1225 2337 1334 2422 Δῆλος.

140 2419 217 2504 sed⁸
235 2441 557 2506 demonstrativorum
591 2459 668 2506 usus
702 2443 871 2524 relativus,
906 2443 946 2506 de
981 2462 1043 2524 quo
1072 2445 1274 2506 Hermannus
1303 2443 1335 2504 in

141 2546 274 2627 Hymnis
298 2547 470 2609 Homericis
492 2568 524 2629 p.
553 2547 613 2607 406
637 2556 669 2608 et
694 2545 753 2606 tlt
777 2565 818 2624 s.,
843 2547 983 2609 Naelrius
1005 2546 1122 2627 0pusc.
1148 2557 1171 2608 t.
1197 2566 1219 2608 u
1242 2566 1274 2628 p.
1294 2549 1333 2608 84

140 2647 310 2728 dixerunt,
336 2649 398 2712 late
419 2659 507 2731 patet
521 2668 627 2730 neque
644 2650 778 2712 multum
802 2647 933 2730 prodest
953 2649 994 2712 ad
1013 2648 1254 2712 defendendum
1277 2649 1336 2712 de-

142 2755 385 2816 monstrativum
409 2752 487 2816 illud
510 2744 616 2816 όσσονε
649 2771 842 2834 quamquam
872 2751 952 2814 illud
974 2771 1037 2814 non
1059 2751 1332 2834 praetereundum

140 2864 205 2932 est,
240 2855 437 2937 respondere
468 2857 553 2919 inter
582 2875 615 2918 se
644 2854 756 2918 eadem
778 2853 950 2918 verborum
975 2855 1074 2918 lorma
1097 2855 1224 2918 Pindari
1246 2850 1333 2919 τόσον

140 2968 172 3021 et
200 2951 325 3037 τόσσον,
356 2959 538 3022 Callimachi
567 2953 653 3044 τόσα,
670 2968 701 3022 et
727 2951 839 3037 τόσσα,
871 2955 969 3046 τόφρα
999 2969 1031 3020 et
1059 2951 1157 3045 τόφρα
1186 2961 1333 3023 similiter

138 3073 235 3143 atque
264 3053 334 3125 ὅσον
364 3073 396 3125 et
424 3054 514 3128 ‘o'oom
537 3063 706 3126 Theocriti.
754 3063 906 3125 nimirum
932 3061 1169 3144 aequabilitatis
1191 3061 1332 3126 studium

139 3183 202 3246 quo
232 3183 313 3246 quae
342 3169 432 3247 paria
462 3178 535 3230 sunt
565 3167 727 3230 notionum
757 3168 848 3247 quasi
875 3168 1042 3228 momentis
1064 3167 1215 3228 orationis
1237 3167 1332 3228 etiam

138 3268 239 3331 lorma
262 3288 358 3350 quam
381 3270 449 3332 lieri
474 3280 573 3352 potest
598 3269 839 3334 adcuratissime
862 3278 1082 3350 exaequantur
1103 3288 1249 3350 magnam
1266 3271 1333 3331 vim

139 3371 235 3434 habet
264 3373 297 3434 in
326 3372 527 3436 sermonibus
558 3392 620 3436 non
644 3373 762 3435 Graeco
792 3381 914 3434 tantum
943 3383 976 3434 et
998 3373 1123 3452 Latino,
1156 3371 1330 3434 sedetiam

138 3477 227 3555 aliis,
260 3474 476 3558 dicunturque
506 3478 604 3540 multa
631 3495 712 3558 quae
741 3495 759 3537 a
789 3477 919 3557 proprio
948 3475 1118 3539 formarum
1148 3477 1333 3557 grammati-

138 3599 247 3642 carum
271 3598 331 3642 usu
355 3578 528 3643 deflectunt
556 3599 619 3642 non
648 3581 708 3642 alia
732 3579 935 3641 excusatione
959 3597 1053 3660 qnam
1077 3577 1162 3659 quod
1185 3581 1332 3641 invitavit

137 3693 173 3744 ut
197 3683 238 3744 ita
262 3683 425 3746 diceretur
449 3682 706 3764 aequiparandae
735 3685 886 3744 orationis
910 3683 1116 3745 concinnitas.
1163 3693 1331 3765 praeterea

136 3796 247 3867 poetas
267 3785 502 3850 Alexandrinos
530 3797 651 3849 constat
681 3786 765 3850 haud
794 3805 865 3847 raro
894 3785 1010 3848 abusos
1033 3805 1103 3848 esse
1127 3785 1229 3849 laliaci
1252 3805 1331 3849 ana-

136 3891 239 3970 logiae
269 3891 392 3972 specie,
425 3900 460 3954 ut
489 3909 552 3953 non
575 3889 723 3952 videatur
751 3890 890 3951 alienum
913 3908 982 3952 esse
1006 3888 1046 3950 ab
1070 3908 1178 3952 eorum
1203 3891 1330 3971 ingenio

136 3993 163 4054 si
187 3993 260 4073 quis
281 3984 351 4056 ὅσον
367 3993 449 4057 dixit
465 3992 519 4058 ubi
537 3992 708 4055 dicendum
724 3995 829 4074 potius
844 4003 912 4054 erat
934 3986 1020 4056 τόσον
1044 3994 1192 4074 quoniam
1216 3993 1331 4056 licebat

135 4091 223 4160 τόσον
253 4117 410 4178 usurpare
440 4097 670 4179 significatione
702 4098 844 4159 relativa.
892 4098 999 4177 itaque
1027 4095 1119 4158 nobis
1141 4095 1272 4178 quidem
1297 4099 1329 4160 in

136 4200 295 4262 Theocriti
318 4219 415 4263 versu
444 4198 485 4262 ab
507 4202 593 4263 omni
623 4201 797 4262 mutatione
820 4199 1047 4263 abstinendum
1070 4219 1140 4262 esse
1164 4200 1331 4264 videretur

136 4303 260 4364 etiamsi
289 4303 412 4366 nullum
446 4314 633 4386 suppeteret
663 4303 776 4364 similis
808 4304 959 4365 orationis
992 4303 1186 4385 exemplum.
1240 4306 1329 4385 atqui

135 4407 288 4489 suppetit.
330 4407 507 4469 rectissime
523 4407 622 4484 enim,
649 4416 684 4468 ut
699 4405 790 4468 nobis
807 4405 951 4482 videtur,
973 4407 1112 4468 Naehius
1127 4407 1244 4488 Opusc.
1263 4417 1285 4468 t.
1305 4427 1326 4468 ι.

135 4529 168 4589 ρ.
195 4509 230 4570 74
258 4510 447 4592 particulam
470 4511 620 4573 carminis
643 4509 846 4572 Callimachei
871 4511 912 4572 ita
936 4497 1139 4589 emendavit,¹
