3204 5104
407 401 497 462 lanas
520 419 685 462 trcrrom
707 417 890 460 ιιιιιιιιιιιιιιιι
907 397 1001 459 tect.
1225 383 1299 456 363

113 591 240 672 incipit,
266 590 441 671 Madvigius
457 592 489 652 in
505 590 683 671 argumenti
700 587 912 668 descriptione
935 587 985 651 his
1001 588 1109 650 verbis
1125 590 1299 652 rectissime

113 693 360 775 conprehendit,
388 693 492 775 ‘quod
514 702 618 756 autem
638 693 794 774 Epicurus
816 693 987 773 voluptatis
1009 709 1103 755 cansa
1125 701 1157 754 et
1179 693 1300 754 incom-

111 796 274 860 modorum
297 808 384 862 metu
399 799 535 860 virtutes
549 797 656 878 expeti
679 795 806 874 doceat,
832 795 1017 876 perinfirma
1040 815 1076 858 ea
1099 795 1300 877 inprobitatis

111 901 236 964 vincula
260 901 291 964 in
307 900 430 963 callidis
453 910 485 964 et
506 898 690 981 potentibus
705 898 888 962 bominibus
910 917 995 978 esse,
1021 917 1093 962 cum
1108 902 1298 980 praesertim

111 1005 247 1085 Epicuro
269 1013 301 1066 et
324 1005 379 1085 qui
403 1023 474 1066 eum
498 1012 690 1084 sequantur,
717 1003 810 1066 etiam
833 1021 905 1065 cum
928 1001 1070 1084 periculo
1089 1021 1221 1083 magnae
1243 1023 1299 1065 vo-

111 1109 248 1189 luptates
270 1127 371 1188 eaque
401 1107 519 1188 quibus
548 1106 620 1168 illae
648 1115 820 1188 parentur,
850 1107 936 1168 velut
959 1107 1130 1186 pecuniae,
1161 1106 1298 1186 petenda

110 1211 198 1272 sint.'
242 1212 349 1290 itaque
371 1219 502 1292 propter
524 1211 606 1272 bano
627 1227 752 1271 omnem
775 1208 1037 1290 disputationem,
1068 1227 1150 1291 quae
1180 1208 1221 1271 de
1250 1211 1300 1271 in-

108 1313 220 1395 probis
252 1313 444 1377 facinoribus
475 1322 539 1391 est,
578 1312 686 1375 Cicero
719 1311 827 1375 dicere
856 1313 957 1394 potnit
986 1313 1214 1392 Epicureorum
1248 1331 1299 1374 sa-

110 1418 251 1498 pientem
274 1417 422 1479 similiter
443 1426 539 1498 etque
562 1416 759 1496 Scipionem,
791 1417 847 1498 qui
876 1434 989 1496 magna
1019 1416 1117 1496 gloria
1139 1417 1298 1498 proposita

109 1531 142 1582 et
171 1540 243 1583 cum
272 1519 312 1581 ad
343 1521 538 1582 honestatem
568 1529 712 1581 conatum
741 1537 835 1582 snum
859 1520 993 1582 referret
1015 1521 1186 1582 maximum
1210 1521 1299 1600 peri-

108 1624 216 1687 culum
231 1612 334 1702 adiit)
357 1631 489 1704 propter
504 1641 652 1702 magnum
674 1622 803 1703 aliquod
825 1623 1072 1686 emolumentum
1088 1622 1323 1704 voluptatem-r

108 1747 173 1808 que
196 1725 433 1808 adipiscendem
456 1744 519 1788 non
542 1725 820 1789 reformidaturum
837 1745 906 1788 essa
927 1727 1122 1788 atrocissima
1144 1727 1296 1806 pericula,

107 1849 216 1911 neque
245 1849 325 1912 opus
354 1839 422 1892 erat
451 1839 486 1893 ut
514 1829 662 1892 iecinoris
688 1837 742 1892 aut
763 1829 873 1910 flagitii
896 1829 988 1891 lieret
1017 1830 1151 1892 mentio:
1183 1848 1243 1910 per
1264 1847 1299 1892 se

108 1935 196 1996 enim
226 1933 424 2014 intellegitur
451 1952 514 1995 non
545 1951 616 1995 esse
643 1952 823 1996 sermonem
846 1933 886 1996 de
907 1933 1059 2014 periculis
1082 1951 1164 2013 quac
1187 1951 1299 2012 magno

108 2047 140 2099 et
164 2037 295 2098 honesto
318 2037 423 2097 animo
438 2038 663 2117 suscipientur,
688 2035 747 2098 sed
769 2035 810 2098 de
825 2036 1019 2099 facinoribus
1033 2046 1165 2118 propter
1181 2053 1300 2118 poenas

108 2139 309 2220 periculosis.
350 2149 417 2202 tum
440 2141 589 2220 quoniam
605 2141 674 2201 sine
690 2139 895 2220 ambiguitate
911 2147 965 2202 aut
981 2139 1174 2202 obscuritate
1190 2139 1299 2202 Cicero

108 2244 151 2304 ita
175 2242 261 2323 loqui
278 2245 396 2322 potuit,
422 2243 524 2323 potuit
539 2245 634 2305 etiam
650 2262 712 2305 non
728 2253 958 2306 conmemorata
981 2253 1074 2306 antea
1096 2241 1299 2306 dimicatione

107 2346 142 2408 in
166 2365 230 2426 qua
253 2345 374 2407 lacinus
402 2355 486 2407 esset
516 2353 549 2408 et
575 2365 696 2427 poenae
719 2349 813 2408 timor
835 2349 878 2408 ita
904 2356 940 2410 ut
963 2345 1038 2408 lecit
1065 2365 1219 2428 pergere,
1250 2365 1300 2410 oo-

107 2448 361 2531 cultumsaciaas
376 2466 441 2510 erae
459 2451 606 2530 potuerit,
631 2449 790 2533 pandebit·
814 2449 1019 2531 deprehensus
1037 2467 1152 2511 omnem
1173 2467 1300 2530 pomam

107 2559 293 2616 matacrei:
322 2553 424 2613 omnis
446 2553 532 2614 enim
555 2552 779 2634 disputationis
803 2555 881 2615 ratio
904 2563 936 2616 et
957 2553 1030 2614 linis
1052 2553 1158 2616 effecit
1178 2561 1215 2615 ut
1237 2571 1299 2616 non

110 2665 197 2719 esset
220 2673 352 2717 necesse
375 2653 557 2718 distinctius
577 2665 670 2718 antea
693 2657 779 2736 loqui
803 2667 835 2718 et
857 2659 936 2719 haec
957 2656 1143 2736 diligentius
1163 2675 1300 2737 praepa-

109 2777 193 2822 rare.
242 2777 324 2838 quae
348 2777 419 2820 oum
442 2760 485 2820 ita
507 2777 578 2822 esse
593 2756 781 2838 videantur,
806 2761 839 2821 in
864 2761 925 2822 illis
948 2777 1016 2822 cum
1038 2778 1149 2837 cocao,
1176 2761 1205 2821 si
1225 2777 1299 2840 opus

104 2865 221 2947 suerit,
246 2861 401 2924 dimicabit
422 2862 503 2923 nibil
524 2861 611 2924 aliud
633 2863 733 2924 latere
755 2873 904 2943 putamus
920 2881 1015 2945 quam
1038 2863 1143 2942 magni
1166 2863 1300 2924 alicuius

107 2967 245 3050 periculi
270 2985 467 3046 magnaeque
495 2965 646 3028 audaciae
671 2967 999 3029 conmemorationem.
1047 2965 1187 3027 Graecus
1209 2965 1299 3027 homo

107 3073 140 3134 in
164 3071 226 3134 bac
248 3069 460 3150 disputatione
484 3067 591 3132 dicere
614 3070 716 3150 potuit
744 3060 837 3142 οὕτως
866 3063 882 3132 ὃ
909 3062 1050 3154 ὑμέτερος
1072 3067 1184 3139 ἐκεῖνος
1208 3062 1299 3152 σοφὸς

105 3169 182 3260 πρὸς
203 3167 429 3250 saltatricem,
455 3167 508 3234 ἐὰν
524 3171 597 3257 δέῃ,
622 3167 810 3258 μαχήσεται,
835 3174 1023 3235 nostratium
1038 3173 1154 3252 aliquis
1169 3190 1203 3234 ac
1217 3171 1300 3233 wird

106 3297 182 3342 caer
212 3279 341 3352 accirer,
377 3295 467 3338 werra
500 3295 532 3338 es
561 3277 662 3360 uttiip
691 3279 745 3352 ist,
778 3277 833 3338 mit
864 3276 932 3338 dero
964 3275 1212 3340 sobreclrticdeteu
1244 3275 1300 3337 der

105 3379 271 3445 adtreclrca
298 3379 450 3462 tampfen.
506 3378 589 3440 idem
615 3380 724 3442 Cicero
753 3379 874 3442 dixisse
901 3379 1046 3457 videtur,
1078 3378 1136 3440 sed
1166 3378 1298 3458 figurata

105 3485 211 3565 magis
233 3485 386 3545 oratione.
433 3482 639 3545 scribendum
662 3493 711 3546 est
733 3485 832 3562 enim,
865 3484 927 3544 nisi
957 3482 1113 3561 lallirnur,
1146 3499 1213 3544 urm
1236 3483 1299 3542 lda-

105 3608 201 3667 nrsr,
234 3589 264 3650 ai
284 3606 359 3668 opus
379 3586 491 3668 faerit,
523 3585 687 3648 dimicabit.
733 3597 768 3650 ut
797 3585 882 3648 dicat
909 3596 1032 3648 tantum
1054 3584 1167 3646 abesse
1190 3595 1226 3647 ut
1248 3603 1299 3647 sa-

105 3693 203 3774 piens
225 3692 356 3772 Epicuri
378 3690 419 3753 ab
442 3689 585 3770 inprobis
608 3689 820 3769 facinoribus,
849 3689 889 3752 de
913 3689 1031 3770 quibus
1054 3688 1155 3750 omnis
1178 3689 1229 3750 hic
1251 3699 1299 3751 est

105 3815 231 3874 sermo,
257 3813 376 3875 poenae
400 3803 488 3855 metu
503 3792 720 3873 deterreatur,
747 3804 783 3857 ut
797 3802 929 3876 propter
945 3811 1089 3873 magnam
1105 3793 1298 3872 voluptatem

104 3898 304 3960 atrocissima
328 3896 470 3977 pericula
493 3895 658 3958 subiturus
680 3899 737 3976 sit,
763 3897 930 3959 lledusam·
945 3906 1113 3974 memorat,
1140 3913 1202 3976 qua
1218 3895 1298 3957 nibil

105 4001 236 4064 fabulae
264 4010 382 4062 norunt
409 3999 509 4080 magis
536 3999 742 4062 horrendum.
795 4001 889 4062 aliter
917 3998 1067 4080 quidem,
1104 3997 1160 4061 sed
1190 4007 1297 4060 tamen

105 4103 196 4168 haud
218 4104 312 4184 plane
335 4101 533 4166 dissimiliter
547 4102 684 4166 Ovidius
703 4105 736 4164 in
759 4114 826 4166 arte
842 4104 991 4165 amatoria
1009 4102 1155 4165 Medusae
1171 4102 1299 4163 nomine

105 4209 212 4272 utitur
233 4225 256 4268 ιι
275 4207 349 4286 309,
374 4213 408 4268 ut
427 4204 523 4288 suerit
544 4213 634 4268 torvo
654 4207 812 4268 violentior
835 4207 890 4269 illo
912 4205 1056 4282 Medusa,
1084 4207 1146 4268 Fiet
1168 4207 1300 4270 occari

104 4312 187 4374 lenm
209 4317 238 4372 ct
258 4328 357 4392 acquic
378 4329 445 4372 auo.
491 4319 526 4371 ιιι
551 4309 788 4372 dimicationem
818 4319 1068 4373 conmemoraret
1091 4309 1199 4371 Cicero
1221 4327 1299 4389 per-

105 4423 215 4478 motus
237 4423 286 4474 est
307 4412 449 4476 instituta
473 4414 626 4494 sapientis
641 4413 789 4495 Epicurei
813 4433 884 4476 cum
907 4414 1072 4495 Scipione,
1098 4413 1153 4493 qui
1177 4413 1298 4474 llanni-

104 4517 214 4581 balem
244 4513 328 4578 bede
356 4515 450 4596 vicit,
483 4517 720 4598 conparatione,
753 4517 785 4579 in
816 4535 878 4598 qua
908 4518 1019 4580 inrisio
1048 4525 1097 4582 est
1125 4525 1158 4578 et
1186 4531 1298 4596 magna
