3268 5108
333 399 382 474 82
632 415 721 480 ianm
744 434 910 482 trentam
932 435 1113 483 uerum!
1127 415 1223 480 ⁴855.

331 605 412 670 itanc
438 606 480 668 ud
500 625 548 670 ote
569 606 686 688 referri
709 608 796 685 voio,·
825 627 882 671 nec
908 608 1006 672 silom
1034 607 1069 672 ob
1098 609 1194 672 oto'om
1222 621 1349 671 mosem
1373 605 1515 685 Poib'cem

331 728 455 773 servum
483 729 504 771 o
523 709 651 792 pedibus
679 729 795 788 merom,
826 714 951 774 Romam
977 713 1058 776 oriri.
1105 732 1138 774 ec
1160 719 1261 774 ostem
1289 711 1331 773 od
1357 717 1386 774 te
1412 709 1520 790 seipsi

331 821 383 890 ot,
411 815 441 876 si
468 811 523 876 tibi
546 813 628 895 forte
654 813 777 876 reddito
805 821 899 894 esset,
931 814 1007 878 mibi
1033 833 1162 878 curares
1190 814 1401 897 edmundon,
1431 815 1517 874 meio
1611 814 1614 900 i

331 917 416 980 illios
443 919 554 980 monus
580 917 767 998 perveniret.
820 916 906 998 quod
936 919 968 980 in
998 919 1155 1000 principio
1185 918 1340 1000 epistulae
1368 917 1518 998 scriptun
1612 905 1614 974 i

331 1030 380 1082 est
415 1019 452 1082 de
481 1021 624 1100 Dionysio
661 1039 724 1082 non
758 1020 876 1100 legitur
911 1021 944 1082 in
975 1020 1082 1084 codice
1114 1020 1254 1084 nedtceo
1282 1021 1373 1084 errius
1401 1027 1519 1100 partem

330 1124 515 1186 Franciscus
539 1123 706 1186 Petreroba
728 1124 872 1204 scripsit:
906 1143 979 1186 unm
1008 1134 1108 1187 totum
1136 1123 1178 1187 nb
1207 1145 1244 1188 ec
1270 1125 1425 1206 scriptum
1452 1139 1519 1184 esse
1613 1119 1614 1194 J

331 1236 426 1306 negat
454 1225 640 1290 Theodorus
660 1228 871 1290 biornmsenus
893 1245 925 1288 v.
950 1228 1004 1306 cl.,
1041 1229 1095 1308 qui
1125 1228 1211 1290 hunc
1239 1226 1359 1290 librum
1387 1225 1520 1307 ddigen-

331 1329 453 1391 tissime
476 1331 627 1394 excussit.
673 1339 748 1394 sunt
769 1339 876 1392 autem
898 1349 1001 1412 peene
1024 1332 1204 1394 necessaris
1227 1331 1281 1392 iiia
1302 1328 1414 1408 verbe,
1443 1347 1519 1410 quac
1613 1401 1614 1408 χ

331 1432 501 1514 bielospina
530 1432 679 1498 addenda
708 1451 779 1496 esse
809 1435 952 1512 censuit,
983 1453 1055 1498 cum
1086 1435 1118 1497 in
1149 1434 1315 1497 codicibus
1341 1435 1412 1496 suis
1432 1432 1521 1495 odtt
1613 1491 1614 1494 ,

331 1537 474 1618 Dionysio
501 1537 695 1600 invenisset:
729 1535 808 1600 illud
837 1537 942 1618 ipsum
972 1537 1014 1600 ud
1035 1545 1063 1600 te
1085 1537 1122 1600 de
1142 1539 1286 1619 Dionysio
1315 1538 1445 1599 Simeon
1467 1537 1522 1597 iio-

331 1641 398 1702 sins
420 1640 453 1700 in
470 1638 578 1702 codice
594 1641 806 1704 'iorneesieno
828 1659 863 1703 se
886 1641 1001 1722 legisse
1024 1651 1149 1718 narrat;
1175 1659 1251 1704 nam
1272 1638 1315 1702 de
1335 1639 1435 1702 scidis
1456 1641 1521 1702 eius

331 1753 363 1805 et
385 1741 468 1804 libro
491 1743 680 1822 Grusellino‚
711 1761 791 1824 quos
812 1743 912 1808 libros
933 1743 1023 1807 nddit
1050 1743 1161 1826 (voluit
1183 1745 1271 1806 enim
1291 1742 1398 1806 scidas
1419 1753 1452 1805 et
1474 1761 1522 1804 co-
1614 1745 1615 1820 ξ

331 1844 436 1908 dicem
456 1845 682 1924 eruedinum,
707 1865 770 1908 non
786 1846 999 1928 decurtatum,
1024 1866 1289 1910 commemorare:
1321 1865 1396 1908 unm
1418 1844 1521 1908 scidae
1614 1853 1615 1912 i

331 1947 462 2012 eaedem
485 1958 560 2012 sunt
580 1967 618 2011 ae
636 1947 847 2034 decurtatus),
872 1933 914 2012 de
936 1951 985 2013 bis
1008 1951 1107 2031 igitur
1128 1949 1222 2014 libris
1243 1959 1354 2031 posteo
1368 1947 1519 2012 dicomm.
1614 1997 1615 2006 ,

331 2051 492 2116 Mediceus
514 2051 598 2116 liber
620 2051 673 2114 bio
693 2051 889 2134 depravatus
911 2064 976 2116 est:
1010 2055 1229 2136 scriptumest
1251 2053 1338 2116 enim
1361 2053 1395 2114 in
1417 2073 1467 2132 eo,
1490 2061 1522 2114 ut

331 2157 543 2217 Mommsenus
571 2174 629 2217 nos
658 2154 778 2235 docuit,
819 2157 894 2218 Gom
921 2165 991 2220 orote
1020 2158 1116 2220 locem
1142 2171 1193 2214 rrrr
1214 2155 1276 2220 ieci.
1302 2156 1411 2219 tuens
1437 2155 1523 2218 odo

332 2258 445 2344 literas
460 2257 620 2322 dedt'rsem.
667 2257 785 2324 deinde
808 2261 960 2338 oeroitrbr,
992 2279 1063 2324 oum
1092 2271 1185 2326 antea
1211 2260 1323 2324 certior
1350 2259 1520 2340 legeretur,

218 2440 224 2454 ἱ
331 2361 442 2422 Bosius
476 2360 647 2425 adsecutus
677 2372 726 2426 est
760 2365 940 2426 coniectura
970 2366 1098 2445 egregia
1132 2373 1164 2426 et
1194 2364 1409 2442 macomeria,x
1430 2379 1521 2442 quem

332 2463 503 2528 Lambinus
525 2466 638 2528 merito
660 2464 868 2548 adprobavit:
902 2485 1095 2549 quamquam
1118 2467 1188 2549 ipse
1209 2466 1320 2528 bosius
1342 2473 1453 2546 posteo
1475 2465 1522 2526 in·
1615 2519 1616 2524 ,

331 2577 463 2630 ventum
481 2587 574 2632 suum
594 2571 728 2650 respuit,
753 2579 875 2642 uteret
897 2571 1016 2651 ingenii
1039 2589 1103 2634 non
1124 2569 1260 2648 bebetis,
1285 2566 1344 2632 sed
1366 2568 1520 2650 perversi.

331 2671 480 2734 convenit
500 2680 606 2734 autem
629 2675 772 2736 cerritior
796 2675 831 2737 in
855 2692 929 2738 eum
950 2675 1007 2755 qui
1026 2673 1146 2755 furiose
1174 2673 1286 2735 iecisse
1316 2669 1453 2734 dicium:
1482 2669 1522 2732 de
1617 2749 1618 2772 Χ

332 2773 444 2836 eodem
470 2775 619 2857 Dionysio
642 2775 752 2838 Cicero
781 2775 822 2838 ad
843 2775 982 2840 Atticum
1005 2777 1070 2839 ιιι
1102 2778 1140 2838 ib
1170 2777 1249 2838 haec
1277 2772 1406 2854 scribit,
1432 2774 1524 2856 'puers'
1617 2851 1618 2854 Ἴ

337 2877 380 2960 (id
403 2888 452 2941 est
473 2879 596 2942 biarcus
624 2888 657 2940 et
679 2878 826 2960 Quintus)
862 2881 950 2943 omont
979 2899 1047 2942 eum
1071 2878 1215 2960 furenter
1242 2879 1353 2955 irasci,
1384 2888 1415 2940 et
1444 2875 1522 2940 libro
1615 2945 1616 2956 p

332 3000 397 3044 rtur
418 2981 499 3042 tet
528 3000 581 3065 epo
608 2989 709 3044 aetem
738 2983 825 3046 illum
857 2983 937 3046 roob
971 3001 1083 3046 tonum
1117 3001 1237 3065 seraper
1267 2982 1387 3064 putavi.
1441 2977 1523 3060 quod

332 3083 451 3148 deinde
468 3084 578 3148 Cicero
593 3084 706 3147 scribit
720 3106 741 3148 o
756 3087 843 3148 tertio
862 3085 997 3148 mitiori)
1017 3093 1080 3148 tum
1095 3103 1162 3148 eom
1183 3085 1281 3148 mutto
1295 3085 1380 3147 mulo
1394 3083 1521 3158 dimisse,

334 3187 367 3250 id
390 3207 453 3268 quo
476 3189 635 3269 pertineat
663 3187 792 3252 diiiiciie
821 3188 909 3253 dictu
938 3200 1003 3252 est:
1037 3191 1098 3252 nisi
1128 3188 1209 3252 iorte
1231 3189 1401 3269 Dionysius
1422 3185 1524 3248 disce-

333 3289 462 3355 dentem
486 3290 528 3352 ab
549 3291 631 3355 urbe
653 3290 839 3356 Ciceronem
861 3311 921 3374 per
941 3303 1064 3375 partem
1089 3293 1214 3356 itineris
1235 3299 1424 3372 prosecutus
1445 3297 1522 3350 eret.

334 3395 439 3477 paullo
461 3404 533 3476 post
555 3395 589 3456 in
611 3394 752 3458 biedioeo
775 3395 882 3458 codice
905 3397 1059 3478 scriptum
1083 3406 1132 3460 est
1159 3395 1213 3460 sed
1240 3396 1272 3458 io
1294 3411 1361 3456 cem
1383 3409 1524 3456 eromu-

333 3499 485 3574 tudinem,
517 3498 604 3562 unde
634 3508 747 3579 sponte
776 3498 811 3560 iit
832 3497 918 3578 quod
940 3499 1097 3564 Victorius
1119 3497 1211 3562 dedit
1237 3497 1292 3561 sod
1317 3515 1416 3562 mecm
1436 3513 1524 3558 ston-

333 3601 540 3664 soetudioem:
571 3603 680 3664 Bosius
710 3619 783 3663 suos
805 3601 940 3683 codices,
972 3602 1005 3665 id
1033 3612 1082 3665 est
1103 3601 1305 3666 decurtatum
1333 3610 1368 3666 et
1389 3601 1524 3662 Tornae-

333 3706 459 3767 sianum
482 3715 515 3766 et
538 3703 771 3784 Gruseliinum,
802 3704 856 3768 sed
878 3725 894 3766 o
916 3723 1014 3768 mecm
1035 3723 1077 3768 m.
1102 3703 1223 3768 babere
1246 3703 1335 3766 dicit.
1386 3701 1523 3782 denique

333 3809 500 3870 venientem
528 3807 570 3870 od
598 3807 685 3870 illum
713 3808 869 3889 epistolum
899 3809 1097 3890 ineptissime
1125 3808 1290 3890 seriptum·
1310 3816 1396 3869 eret:
1437 3803 1524 3868 ocite-

333 3918 461 3974 moutem
483 3912 650 3974 Ernestius
673 3908 778 3990 dedit,
808 3909 1007 3992 perfecitque
1030 3911 1285 3974 emendationem
1309 3909 1524 3972 Lecbmenmrs

336 4017 369 4077 in
391 4015 616 4076 commentario
640 4015 825 4076 Lucretieno
846 4033 879 4095 p.
900 4016 973 4076 t33.
1021 4016 1052 4076 in
1076 4013 1194 4076 Graeco
1217 4021 1327 4074 eutem.
1353 4012 1407 4074 illo
1430 4029 1521 4074 versu

335 4119 410 4180 clim
433 4113 615 4200 depulsores
637 4115 819 4196 legebatur:
852 4117 938 4199 quod
961 4115 1132 4181 Lambinus
1161 4115 1258 4178 scribi
1282 4134 1387 4197 posse,
1418 4114 1523 4178 bosius

337 4222 369 4282 in
393 4218 490 4283 scidis
505 4205 550 4282 ¹et
572 4220 783 4282 Tornaesianc
810 4222 965 4302 scripturn
988 4239 1057 4284 esse
1086 4220 1318 4283 adnotaverunt
1340 4212 1518 4304 θιμήναιτα,

337 4323 370 4386 id
400 4324 503 4404 ipsum
532 4323 670 4386 eiiicitur
699 4342 740 4384 ex
767 4321 949 4402 depravatis
978 4321 1108 4384 Medicei
1137 4322 1254 4386 codicis
1281 4322 1399 4386 litteris
1430 4312 1522 4384 πολλὰ

338 4420 434 4510 μάτην
464 4424 842 4509 nonencorrecuepobopsir
866 4427 955 4508 αῆτα.
1003 4443 1115 4488 verum
1146 4423 1227 4488 Bosii
1257 4424 1415 4488 beneficio
1440 4419 1522 4486 eliud

338 4529 493 4592 Graecum
523 4528 711 4592 vocabulum
742 4527 884 4590 additum
915 4538 980 4589 est:
1021 4531 1219 4609 scripserunt
1253 4529 1338 4592 enirn
1369 4529 1424 4610 qui
1458 4533 1524 4609 post
