3186 5108
306 345 375 420 186
593 365 682 424 lrnnr
704 379 869 424 6666466661
892 379 1074 424 armornm
1094 361 1188 422 46644.

301 552 392 630 44664,
427 552 459 612 46
489 551 662 633 cpimythio
692 551 816 614 fabulae
839 549 944 613 Babrii
975 569 1022 612 nrr
1052 551 1111 612 hoc
1139 549 1292 630 legimus,
1323 542 1374 612 τὸν
1397 541 1479 619 αὐτὸς
1586 559 1587 564 ’

302 647 393 717 circi>
420 657 477 726 πᾶς
505 678 548 726 τις
578 649 710 740 εὐπρεπῆ
737 652 840 740 κρίνει.
889 657 921 717 46
951 654 1001 716 his
1030 655 1128 734 igitur
1155 652 1309 734 exemplis
1338 651 1480 714 omnibus

302 757 479 821 inusitatior
494 757 665 821 verborum
688 757 765 820 ordo
787 759 819 818 in
842 760 942 840 magis
963 765 1147 819 consuetum
1168 757 1238 817 sine
1254 773 1406 818 versuum
1428 753 1481 816 de-

301 863 450 924 trimento
472 862 612 924 converti
634 863 757 942 nequit.
797 871 904 924 contra
920 860 1090 943 Sophocles
1111 879 1184 923 cum
1201 857 1282 922 dixit
1296 857 1347 920 Ai.
1366 859 1478 934 millib,

299 963 373 1026 Ant.
394 964 475 1026 4477
495 958 584 1037 αὐτὸς
604 959 678 1050 πρὸς
700 958 803 1042 αὑτοῦ,
827 974 950 1046 poterat
965 962 1073 1026 dicere
1094 957 1166 1046 πρὸς
1190 956 1277 1034 αὐτὸς
1300 954 1405 1038 αὑτοῦ,
1429 959 1482 1024 sed

299 1078 335 1131 ut
351 1066 471 1130 diceret
493 1088 698 1131 numerorum
721 1069 840 1130 ratione
862 1086 924 1130 non
948 1065 1152 1129 invitabatur.
1193 1067 1332 1127 imitatus
1355 1074 1405 1126 est
1419 1081 1483 1126 eam

300 1189 394 1252 quam
411 1171 610 1254 disputamus
633 1165 721 1243 αι’ντός
742 1171 938 1252 pronominis
953 1171 1171 1233 traiectionem
1186 1167 1342 1232 consimili
1358 1167 1483 1230 dicendi
1586 1191 1587 1238 2

301 1276 422 1337 ratione
444 1274 589 1338 Ovidius.
635 1275 718 1338 dixit
744 1275 829 1337 enim
856 1291 950 1336 amr
974 1274 992 1336 7
1017 1275 1057 1335 26
1080 1273 1167 1336 volui
1190 1290 1321 1354 poariam
1339 1271 1433 1353 sortis
1454 1271 1484 1332 io
1586 1297 1587 1348 p

301 1379 365 1459 ipse
386 1397 499 1459 mecm,
530 1381 563 1441 in
586 1389 654 1441 arte
680 1379 831 1441 amatoria
854 1397 888 1439 ru
911 1377 972 1438 668
997 1376 1105 1439 indicio
1123 1375 1241 1458 prodor
1262 1375 1301 1438 cb
1323 1377 1482 1456 ipsanio,

301 1481 334 1542 46
357 1480 446 1544 lbide
468 1501 500 1543 v.
519 1483 579 1544 403
604 1501 690 1564 quem
717 1481 845 1544 reddere
867 1481 961 1544 vitam
982 1478 1057 1541 urbe
1081 1479 1243 1542 Coronides
1265 1477 1343 1541 vidit
1363 1476 1403 1540 ub
1426 1479 1487 1559 ipse
1586 1535 1587 1560 q

300 1603 368 1664 666,
394 1605 426 1646 ν.
445 1586 506 1647 oet
531 1585 632 1648 466666
654 1587 890 1669 lrhyooBottuc
912 1583 950 1645 ab
972 1585 1133 1664 ipocrite,
1158 1602 1209 1664 ep.
1229 1601 1270 1643 ex
1292 1582 1389 1644 Ponto
1412 1599 1446 1643 m
1468 1581 1485 1640 3

302 1689 342 1749 46
365 1689 512 1770 discipulo
528 1691 614 1766 perii
634 1689 716 1752 solus
739 1687 777 1751 ch
800 1690 863 1769 ipre
885 1705 958 1748 meo.
998 1695 1127 1748 secutus
1149 1695 1197 1747 est
1218 1686 1273 1765 qui
1290 1683 1400 1746 Ovidii
1423 1701 1489 1745 mo-

302 1811 369 1854 rem
391 1810 636 1873 usquequaque
660 1793 775 1854 imitari
799 1789 920 1853 studuit
942 1791 1077 1869 scriptor
1099 1787 1307 1869 epistularum
1322 1786 1489 1850 ovidianis

302 1894 468 1959 heroidum
498 1894 851 1976 epistulis‘additarum
873 1913 904 1954 rx
926 1893 966 1953 96
990 1891 1110 1954 domnis
1138 1892 1223 1954 dives
1251 1891 1290 1954 cb
1319 1893 1390 1972 ipsc
1411 1892 1486 1968 6646,

301 2017 342 2060 xu
368 1999 406 2059 48
428 1999 549 2062 cuderet
570 1999 653 2061 culto
674 1999 771 2060 cultor
793 1997 832 2059 ab
854 1998 918 2078 ipse
939 2014 1010 2071 666,
1042 2012 1095 2056 mu
1120 1996 1179 2055 446
1201 1993 1350 2078 lortpuido
1374 1994 1490 2056 laetitio
1586 1967 1587 2000 r

301 2103 406 2164 solvar
428 2101 466 2164 66
493 2103 563 2182 ipsa
583 2120 661 2164 meo.
708 2102 763 2163 hos
786 2102 910 2162 Latinos
932 2108 1041 2180 poetas
1070 2098 1273 2160 insolentiore
1296 2096 1350 2158 illa
1373 2116 1489 2179 prono-

303 2206 397 2266 minis
419 2205 622 2268 collocatione
645 2223 721 2266 sane
744 2221 807 2265 666
830 2213 977 2284 putamus
999 2221 1113 2264 usuros
1129 2201 1227 2264 luisse
1250 2201 1319 2262 sine
1334 2219 1489 2263 versuum

301 2306 535 2386 commoditate,
560 2326 665 2388 neque
689 2325 841 2387 negamus
862 2305 997 2369 Graecos
1018 2315 1127 2386 poetas
1149 2314 1184 2367 ut
1207 2297 1295 2375 αὐτὸς
1316 2305 1490 2366 traicerent

302 2411 449 2472 invitatos
467 2411 656 2492 plerumque
679 2429 748 2472 esse
764 2411 918 2488 numeris,
943 2408 1001 2471 sed
1016 2408 1075 2469 hoc
1095 2425 1248 2489 negamus
1269 2425 1332 2469 666
1348 2408 1490 2488 potuisse

301 2513 443 2576 scribere
457 2511 646 2594 Aeschylum
661 2508 734 2598 πρὸς
750 2508 838 2584 αὐτὸς
853 2505 944 2576 64τοῦ
959 2505 1145 2596 κενοφρόνων
1161 2503 1386 2596 βουλευμάτων,
1411 2529 1491 2591 quo·

301 2617 386 2680 niam
409 2625 444 2679 nt
467 2617 510 2678 ita
532 2616 687 2678 scriberet
709 2617 795 2679 nulla
815 2617 908 2678 matri
932 2615 1118 2678 necessitate
1140 2612 1321 2694 cogebatur.
1371 2615 1489 2676 etenim

276 2721 329 2789 ssi
353 2721 493 2782 traiectio
510 2720 561 2781 illa
578 2707 780 2800 pro¹nominis
802 2719 865 2780 sola
881 2719 972 2782 metri
988 2718 1176 2780 necessitato
1192 2716 1374 2780 excusanda
1393 2727 1489 2796 esset,

303 2841 434 2904 prorsus
461 2822 503 2885 ab
531 2842 568 2884 66
595 2822 783 2885 ahhorreret
811 2841 903 2902 prosa
931 2823 1123 2903 scriptorum
1151 2822 1260 2882 oratio.
1306 2821 1397 2901 atqui
1429 2839 1492 2883 non

302 2925 475 2988 abhorrere
498 2927 621 2988 Bestius
642 2927 736 3007 (lettre
758 2927 883 3006 critique
904 2945 937 3007 p.
959 2923 1029 3006 476)
1049 2924 1169 3004 aliquot
1191 2923 1347 3004 exemplis
1369 2922 1489 2988 docuit.

303 3029 424 3093 locutus
447 3038 495 3092 est
517 3031 601 3091 enim
632 3031 674 3090 ita
688 3029 886 3096 ,Parthenius
908 3047 976 3108 cap.
1000 3029 1037 3108 3,
1070 3021 1105 3090 od
1128 3021 1201 3110 μετὰ
1222 3021 1315 3090 πολὺν
1337 3017 1491 3112 χρόνονῆ

302 3125 370 3196 τάδε
393 3125 594 3216 ἀπειργάσθαι
615 3128 687 3216 πρὸς
709 3135 762 3215 τῆς
785 3125 874 3202 αὐτὸς
896 3124 986 3195 obruo
1014 3133 1119 3215 γενεᾶς
1140 3125 1264 3214 τρ64464ς
1287 3123 1409 3216 ἀκάνθῃ
1433 3130 1491 3192 446-

301 3232 428 3306 4666466
448 3227 587 3320 τρυγόνος
609 3226 811 3318 ἐτελεύτησεν.
849 3233 1006 3297 Aristides
1022 3235 1055 3295 in
1072 3234 1300 3296 Panathenaico
1316 3244 1338 3295 t.
1354 3254 1364 3295 ι
1382 3255 1415 3316 p.
1432 3234 1490 3296 466

302 3336 390 3400 lebb.
416 3332 590 3422 σογηνεόυν
612 3333 665 3422 τὴν
689 3332 787 3423 ἀρχὴν
809 3331 863 3420 τήν
886 3331 974 3410 αὐτὸς
998 3330 1101 3400 αὑτοῦ.
1141 3336 1225 3400 idem
1248 3331 1321 3421 ὑπὲρ
1343 3340 1404 3400 τῶν
1427 3359 1492 3400 τιτ-

300 3434 399 3526 τάρων
422 3453 482 3504 4.6
506 3463 537 3522 p.
558 3443 618 3504 448
642 3434 690 3525 ἂρ’
718 3437 816 3511 ἑστίας
840 3434 1000 3526 ἀρξάμενος
1021 3443 1074 3524 τῆς
1097 3434 1185 3511 αὐτὸς
1208 3433 1309 3503 αὑτοῦ.
1351 3439 1492 3503 Pseudo-
1586 3491 1587 3494 ,

301 3545 445 3608 lucianus
467 3563 609 3607 amorum
638 3563 707 3625 cap.
735 3543 771 3605 47
802 3543 833 3606 ἐν
864 3543 948 3628 μέρει
976 3537 1049 3627 ὑπὲρ
1075 3547 1128 3627 τῆς
1158 3537 1246 3614 αὐτὸς
1273 3541 1383 3607 ἑαυτοῦ
1406 3537 1492 3626 δάξρς

301 3641 439 3732 ἑκάτερος
468 3641 677 3710 άποτείναοῦε.
734 3645 820 3727 quod
848 3647 950 3727 siquis
981 3646 1061 3708 forte
1095 3656 1184 3727 putat
1216 3645 1272 3708 hos
1305 3647 1490 3727 scriptores,

302 3751 496 3814 recentiores
520 3752 588 3814 illos
611 3761 643 3812 et
664 3749 825 3812 ornandae
847 3751 998 3812 orationis
1019 3750 1135 3830 partim
1158 3748 1324 3828 studiosos,
1350 3769 1393 3811 ex
1415 3767 1492 3830 poe-
1586 3755 1587 3834 j

300 3863 403 3918 tarum
426 3874 571 3916 sermone
593 3853 809 3934 adsumpsisse
828 3853 913 3933 quod
928 3853 1039 3933 procul
1053 3851 1264 3915 amovendum
1279 3861 1348 3913 erat
1363 3871 1382 3913 a
1397 3869 1491 3933 prosa
1586 3835 1587 3858 ¹

300 3957 451 4034 oratione,
478 3957 588 4020 eodem
611 3955 703 4019 modo
719 3957 840 4020 locutus
863 3967 911 4018 664
933 3949 1068 4037 scriptor
1090 3954 1165 4017 libri
1182 3955 1278 4018 multo
1300 3955 1491 4035 antiquioris
1586 3983 1587 4012 r

301 4059 450 4140 idemque
466 4059 667 4122 flosculorum
690 4079 707 4121 e
730 4058 925 4122 carminibus
941 4057 1173 4140 carpendorum
1189 4058 1319 4120 minime
1341 4055 1487 4138 cupidus
1586 4083 1587 4124 t

300 4163 332 4226 46
355 4161 519 4226 Alcibiade
543 4163 627 4224 enim
651 4162 750 4224 altero
772 4162 849 4224 haec
870 4163 989 4243 scripta
1008 4171 1082 4224 sunt
1104 4182 1137 4243 p.
1157 4163 1229 4241 444,
1255 4153 1371 4244 οὐγὰρ
1394 4153 1490 4243 δήπου

299 4260 363 4329 οὐδ’
398 4265 510 4336 ἐκεῖνος
538 4261 597 4349 τὴν
620 4270 844 4350 προοτυχυῖνυαν
872 4263 1019 4347 γυναῖκα,
1049 4258 1120 4328 odet
1148 4258 1202 4348 τὴν
1228 4257 1352 4328 ὁτουοῦν
1375 4260 1491 4346 μητέρα
1586 4345 1587 4350 ¹

300 4369 442 4433 διενοεῖτο
465 4363 649 4445 ἀποκτεῖναι,
678 4363 756 4432 ἀλλὰ
777 4362 831 4451 τὴν
855 4362 944 4439 αὐτὸς
967 4360 1069 4432 circio.
1116 4386 1222 4448 neque
1238 4366 1392 4430 dissimili
1413 4383 1490 4447 pm·
1586 4371 1587 4376 ’

299 4473 437 4536 nominis
465 4472 665 4534 collocatione
694 4470 778 4536 idem
812 4473 949 4553 scriptor
976 4489 1053 4534 6666
1083 4479 1131 4533 664
1158 4489 1232 4533 oum
1260 4469 1342 4534 dixit
1369 4488 1401 4550 p.
1429 4467 1488 4529 446
1586 4507 1587 4528 r
