3204 5104
376 412 466 472 luusx
488 430 655 474 ιαυτιοιινι
679 430 865 476 brunnam
889 411 983 473 4368.
1203 394 1277 469 399

94 599 149 662 hus
178 599 311 662 eruditis
339 609 370 662 et
399 601 572 680 ingeniosis
598 599 743 681 prolerre
777 601 875 681 possit
908 601 1086 664 luculentos
1114 616 1278 661 sermones

97 702 137 764 ita
158 701 248 782 dixit,

292 794 396 890 λγῷδα
415 802 513 868 το4νυν
535 807 595 869 τῶν
617 829 653 890 γε
673 800 752 872 πάνυ
773 800 840 869 κατ’
866 803 963 869 οἰκίαν

293 907 406 974 ἐκεῖνον
430 901 472 980 ὡς
494 901 570 972 otto
591 903 656 973 ποτ’
683 899 720 994 ἧν
743 910 799 992 ps<
821 905 873 972 καλ
894 909 987 993 γαλῆ,

93 1013 294 1093 interrumpit
315 1012 368 1072 ille
393 1009 542 1074 labellam
564 1014 623 1074 hac
644 1011 875 1092 obiurgatione,

293 1103 319 1176 oi
342 1110 429 1178 σκαιὲ
449 1107 648 1193 κάπαίδευτε,
674 1111 823 1198 Θεογένης
845 1111 904 1200 ἔφη

292 1218 335 1302 τῷ
356 1211 534 1302 κοπρολόγῳ
556 1213 724 1282 καὶταῦτα
746 1211 989 1304 λοιδορούμενος·

294 1319 349 1403 μῦς
370 1316 423 1383 κα4
444 1321 541 1403 γαλᾶς
564 1318 682 1403 μέλλεις
704 1319 802 1404 λέγειν
824 1320 856 1383 ἐν
879 1313 1038 1406 άνδράσιν;

92 1419 219 1484 luerunt
241 1423 297 1503 qui
319 1417 503 1508 κοπρολόγον
527 1431 678 1504 putarent
700 1421 763 1486 dici
786 1441 945 1502 scurram,
971 1423 1096 1504 deque
1119 1421 1280 1504 significa-

91 1525 172 1587 tione
195 1524 399 1589 Casaubonus
423 1525 456 1587 in
480 1527 623 1588 Suetonii
645 1525 716 1588 Tib.
742 1546 810 1608 cap.
830 1527 865 1588 64
894 1535 926 1588 et
949 1525 1122 1588 Salmasius
1144 1526 1177 1586 iu
1200 1527 1279 1587 Ter-

89 1627 253 1690 tullianum
285 1626 325 1691 de
353 1627 449 1710 pallio
478 1648 510 1709 p.
540 1629 600 1690 333
633 1639 861 1710 exposuerunt.
915 1629 976 1690 alio
1006 1626 1094 1690 ducit
1123 1627 1276 1705 scholion,

89 1730 173 1809 quod
204 1729 280 1792 libri
308 1733 475 1794 llavonnas
508 1741 540 1794 et
567 1733 708 1794 Venetus
740 1732 846 1814 paullo
880 1750 974 1813 quam
1005 1731 1079 1793 olim
1113 1730 1280 1811 legebatur

89 1832 288 1896 emendatius
310 1832 546 1915 praebuerunt,
578 1827 594 1897 ‘o
617 1831 767 1919 Θεογένης
789 1825 875 1906 οὗτός
897 1834 976 1898 ἐστιν
999 1827 1015 1898 ὃ
1034 1827 1214 1918 Ἀχαρνεύς,
1242 1824 1278 1896 δν

88 1931 137 1998 καλ
159 1932 210 1998 tel
231 1937 274 2021 τῷ
298 1930 415 2020 μεγάλα
437 1930 600 2002 ἀποπατεῖν
622 1937 839 2023 κωμῳδοῦσιν·
866 1938 957 2020 δῆλον
981 1934 1014 2000 δὲ
1036 1935 1068 1998 ἐν
1085 1929 1277 2021 ταῖςὭραις.

87 2041 228 2118 pertinet
251 2040 313 2104 huc
336 2039 422 2120 quod
446 2039 478 2100 in
502 2041 579 2100 Pace
600 2058 633 2100 ν.
660 2041 721 2104 928
745 2039 864 2103 dicitur
884 2036 936 2103 ἵνα
959 2035 999 2124 μή
1022 2037 1146 2123 γένηται
1161 2036 1278 2124 Θευγέ-

86 2161 152 2213 νσυς
175 2136 276 2224 ὑηνία.
324 2142 431 2222 iteque
453 2136 636 2226 κοπρολόγυς
659 2153 707 2206 est
730 2144 785 2224 qui
808 2154 947 2207 stercora
963 2144 1097 2224 colligit,
1124 2142 1279 2224 quemad-

86 2244 214 2308 modum
243 2246 329 2307 Pacis
358 2264 390 2306 v.
415 2247 446 2324 9,
480 2235 586 2330 ἄνδρες
615 2239 813 2330 κοπρολόγοι,
844 2239 1054 2331 προσλάβεσθε
1081 2240 1155 2330 πρὸς
1183 2244 1276 2323 θεῶν,

87 2341 122 2408 Εἰ
145 2341 188 2431 μή
207 2370 243 2430 pe
259 2337 402 2432 βούλεσθ’
420 2341 620 2431 ἀποπνιγέντα
641 2347 804 2432 περιιδεῖν,
828 2349 885 2412 ubi
901 2349 1085 2412 scholiastes
1099 2357 1276 2428 argutatur.

86 2449 194 2513 Pollux
217 2470 259 2511 νιι
277 2451 335 2512 434
360 2443 441 2536 τάχα
464 2444 494 2512 δ’
521 2443 557 2514 ἂν
579 2447 631 2513 κα4
654 2445 837 2536 κσπροφάροι
858 2447 919 2514 εἷεν
941 2450 976 2514 ἐκ
997 2443 1125 2528 τούτων,
1152 2446 1204 2514 κα4
1226 2473 1280 2514 κυ-

83 2550 249 2636 πραγιυγοί.
285 2547 499 2639 Ἀριστοφάνης
516 2550 569 2638 μὲν
591 2548 649 2638 γάρ
672 2549 774 2637 εἴρηκε
795 2547 910 2639 κόπρου
925 2547 1048 2638 ἀγωγάς
1071 2548 1279 2638 (κοπραγιαγάς

86 2655 184 2718 codex
206 2656 381 2736 Palatinus,
406 2656 613 2741 κοπραγωγεῖν
636 2656 812 2720 Guilelmus
826 2656 1010 2720 Diodorlius
1031 2658 1279 2738 ex=Lysistratae

85 2778 114 2818 v.
135 2759 247 2841 4474),
272 2754 323 2821 καλ
345 2753 483 2844 ἀλλαχοῦ
509 2759 716 2844 ιικσπρολογεῖ
737 2756 861 2845 κόφινον
882 2753 1017 2843 λαβών.”
1064 2758 1149 2840 quod
1172 2769 1278 2822 autem

84 2859 313 2943 Aristophanes
343 2862 375 2923 in
406 2863 518 2944 Vespis
547 2863 650 2924 iocose
680 2861 757 2926 dicit
786 2873 918 2926 eatenus
947 2871 1033 2924 certe
1063 2862 1278 2942 intellegimus

86 2976 246 3045 quatenus
268 2964 452 3045 Theogenes
481 2975 512 3028 et
541 2957 724 3049 κυπρολόγος
753 2976 987 3046 conponuntur.
1034 2964 1167 3026 fortasse
1189 2976 1278 3046 post-

85 3087 179 3148 quam
204 3068 389 3148 Theogenes
416 3067 588 3148 aliquando
617 3067 652 3130 id
679 3069 753 3132 iecit
781 3079 914 3150 propter
942 3067 1029 3149 quod
1052 3067 1188 3130 famosus
1210 3078 1279 3131 erat

85 3163 269 3255 κυπρολόγος
291 3171 407 3252 aliquis
430 3179 596 3251 quaestum
620 3190 713 3234 suum
729 3170 835 3234 colens
857 3171 990 3233 accessit
1013 3181 1044 3232 et
1059 3169 1100 3232 ab
1123 3171 1192 3250 illo,
1220 3191 1278 3254 po-

85 3274 137 3336 lito
168 3273 291 3336 scilicet
320 3274 447 3335 homine
476 3281 572 3353 atque
603 3275 759 3354 eleganti,
790 3273 976 3354 obiurgatus
1005 3283 1065 3336 est.
1116 3282 1190 3337 utut
1217 3283 1275 3350 est,

83 3377 220 3458 adparet
242 3377 419 3457 Theogenis
447 3376 663 3439 tantummodo
687 3395 756 3438 esse
786 3366 812 3438 ὦ
834 3372 921 3440 σκαιὲ
942 3370 1141 3452 κάπα4δευτι,
1171 3395 1278 3456 neque

85 3499 182 3558 vero,
208 3478 294 3558 quod
316 3476 448 3560 quidam
470 3477 589 3560 opinati
612 3489 703 3558 sunt,
729 3477 809 3540 illud
832 3479 927 3540 etiam
952 3482 1007 3562 ρῖις
1022 3473 1073 3542 καὶ
1086 3481 1183 3561 γαλᾶς
1199 3476 1278 3561 μέλ-

83 3583 147 3654 λεις
169 3579 269 3664 λέγειν
291 3580 324 3644 ἐν
347 3575 504 3666 ἀνδράσιν;
538 3581 618 3644 nihil
645 3600 706 3662 per
731 3599 765 3642 se
789 3579 916 3644 ridiculi
939 3581 1035 3644 habet
1058 3571 1083 3641 ὦ
1106 3577 1193 3644 σκαιὲ
1215 3573 1278 3644 κά-

82 3682 246 3760 παίδευτε,
271 3683 306 3746 fit
327 3695 434 3748 autem
457 3684 628 3747 ridiculum
650 3694 684 3746 et
704 3682 869 3765 proverbii
885 3685 987 3746 simile
1004 3682 1126 3746 adiecta
1141 3686 1279 3748 auctoris

85 3799 115 3852 et
140 3787 274 3850 absurdi
297 3787 428 3868 quidem
451 3787 749 3850 conmemoratione.

172 3890 293 3953 Eodem
322 3889 414 3952 modo
437 3891 595 3953 Theocriti
625 3887 705 3952 illud
727 3885 810 3952 δνδυι
829 3891 926 3952 πᾶσαι
953 3890 1076 3953 adiecto
1099 3890 1222 3970 epilogo
1247 3891 1278 3951 in

83 3994 264 4058 absurdum
278 3994 417 4056 vortitur
431 3993 529 4073 litque
544 4013 582 4055 eo
604 3993 673 4074 ipso
696 3991 866 4056 ridiculum
888 3991 1106 4073 proverbium.
1146 3992 1279 4056 subesse

83 4094 208 4176 aliquid
239 4094 373 4158 ridicule
401 4093 532 4158 absurdi
564 4113 627 4159 nou
660 4096 762 4158 sensit
796 4095 954 4158 recentior
985 4095 1186 4172 scholiastes,
1223 4095 1278 4175 qui

84 4200 163 4262 haee
178 4196 366 4278 adscripsit,
390 4195 538 4282 παρσιμ4α
559 4197 649 4262 ἐστίν.
689 4192 807 4282 εἴρηται
829 4194 862 4260 δὲ
884 4191 1043 4269 ἀπότινος
1065 4193 1194 4282 νυμφίου
1217 4198 1279 4260 λα-

84 4296 188 4386 βόντος
217 4295 272 4384 τὴν
301 4293 419 4385 νύμφην
441 4295 493 4364 καὶ
514 4293 701 4372 εἰσελθόντος
730 4299 773 4372 εἰς
799 4295 850 4364 τὸν
873 4293 1011 4383 δάλαρον
1034 4295 1085 4363 κα4
1106 4297 1279 4372 κλείσαντος

84 4397 187 4469 αὐτόν.
235 4405 323 4466 τοῦτο
345 4398 402 4487 γὰρ
423 4397 553 4486 ποιήσας
575 4403 636 4475 τοῖς
666 4397 749 4475 ἐκτὸς
771 4400 830 4488 ἔφη
857 4399 1033 4466 (ικάλλιστα
1055 4395 1126 4487 ἡμῖν
1148 4395 1278 4466 πάντα.”

85 4509 205 4570 erravit
219 4515 328 4570 autem
344 4507 452 4568 multis
467 4505 581 4568 modis.
614 4525 687 4568 nam
703 4505 758 4586 qui
774 4524 922 4586 sponsam
938 4523 1044 4568 secum
1061 4506 1094 4568 in
1106 4505 1278 4568 thalamum
