3186 5108
354 414 443 476 lnnm
466 433 632 478 cuonem!
657 435 839 481 nrrrnmnru
859 418 952 480 1856.
1182 407 1252 478 117

76 601 171 682 pluria,
197 602 355 682 integrum
379 603 526 684 alterum,
551 605 637 686 quod
657 605 751 668 hodie
776 615 823 669 est
847 607 879 668 in
904 606 1096 670 bibliotheca
1113 612 1254 674 Lauren-

76 705 157 783 tiano,
180 705 315 768 alterum
332 715 456 787 partem
472 718 594 771 tanturn
618 727 726 772 earum
743 710 1020 791 conprehendens.
1061 711 1147 776 unde
1164 713 1254 776 labe-

76 807 194 871 iactatur
221 827 331 872 eorum
360 811 468 891 opinio
498 813 553 893 qui
584 812 701 875 Orellio
724 810 867 894 {credunt
901 814 1053 896 epistulas
1086 816 1156 878 illas
1189 818 1255 880 solo

75 909 168 975 codice
191 913 400 976 Laurentiano
427 925 629 978 conservatas
651 935 688 978 33
716 927 903 998 propagatas
927 937 1008 980 esse.
1056 938 1167 982 verum
1191 929 1254 982 tota

75 1017 117 1079 illa
131 1017 238 1079 Orellii
254 1017 428 1098 disputatio
451 1018 491 1080 ita
516 1029 684 1100 conparata
708 1029 757 1082 est
778 1020 887 1082 utalia
911 1021 1089 1085 accuratius
1104 1020 1252 1103 delinire,

73 1120 122 1180 alia
143 1119 266 1183 diluere
290 1119 422 1184 3113133
446 1140 515 1185 3333
544 1121 659 1185 decere
689 1124 856 1205 possimus.
905 1121 938 1185 id
961 1123 1040 1186 alias
1062 1124 1175 1187 facturi
1199 1143 1254 1188 su-

74 1243 132 1285 nus
157 1223 287 1302 (utimur
308 1224 394 1286 enim
417 1224 678 1288 memorabilibus
706 1246 768 1288 non
798 1225 895 1290 nullis
922 1225 1107 1307 disputandi
1132 1231 1255 1309 praesi-

73 1325 149 1408 diis),
173 1345 259 1390 3333
280 1346 299 1388 3
322 1326 473 1390 Cicerone
495 1327 537 1391 ad
560 1329 683 1392 Livium
706 1349 763 1392 nos
786 1330 1012 1392 convertimus.

147 1431 255 1512 ltaque
278 1429 491 1494 nobilissimas
514 1431 716 1496 membranas
734 1451 816 1514 quac
838 1433 923 1495 solae
946 1432 1109 1495 continent
1125 1433 1254 1496 decadis

74 1534 207 1597 Livianae
236 1536 368 1616 quintae
396 1533 495 1598 libros
522 1537 667 1617 quinque
696 1537 820 1618 priores
847 1555 864 1596 a
896 1537 1024 1598 Simone
1047 1535 1192 1618 Grynneo
1219 1539 1252 1599 in

74 1635 250 1700 bibliotheca
273 1639 456 1700 monasterii
480 1640 752 1702 laurishameusis
782 1649 926 1719 repertas
954 1658 1024 1701 esse
1056 1659 1096 1701 ex
1118 1640 1253 1720 epistula

74 1749 180 1803 constat
195 1759 292 1822 quam
306 1739 492 1804 Desiderius
507 1743 658 1806 Erasmus
679 1742 719 1805 ad
737 1743 882 1805 Carolum
898 1742 1079 1804 Montioium
1102 1744 1254 1825 scriptam

75 1843 299 1926 exemplaribus
322 1843 471 1907 historiae
494 1846 641 1908 Livianae
664 1844 706 1908 ab
724 1847 913 1926 llierouymo
936 1843 1091 1907 Probenio
1113 1846 1253 1908 Basileae

74 1965 144 2008 anno
158 1965 269 2009 anxur
286 1945 391 2026 editis,
418 1946 535 2028 quibus
551 1949 695 2031 quinque
711 1947 757 2009 illi
781 1946 856 2010 libri
873 1949 1011 2029 primum
1027 1947 1146 2028 vulgati
1166 1958 1251 2028 sunt,

76 2051 254 2132 praeposuit.
288 2052 391 2132 ipsum
408 2050 589 2132 Grynaeum
604 2050 645 2113 ad
663 2051 842 2132 Philippum
858 2050 1141 2130 uetancmhonom,
1160 2071 1255 2132 prae·

75 2164 219 2234 captorem
242 2173 348 2230 suum,
373 2153 602 2235 praelationem
625 2153 769 2216 scribere
791 2154 930 2216 voluisse
952 2173 993 2216 ex
1016 2155 1150 2236 epistula
1173 2174 1254 2236 qua-

74 2255 135 2318 dam
156 2258 224 2320 eius
246 2255 287 2320 ad
304 2255 543 2338 sigismundum
559 2257 725 2320 Gelonium
741 2267 815 2319 ante
831 2275 949 2320 annum
966 2245 1120 2320 wattun*
1137 2259 1278 2339 scriptae

80 2359 149 2438 [nam
177 2380 213 2423 3ο
235 2379 319 2422 anno
349 2363 418 2442 ipse
440 2359 605 2442 Grynaeus
627 2360 781 2422 Basileon]
811 2379 846 2422 se
874 2359 1015 2442 contulit)
1050 2359 1254 2424 manifestum

75 2473 128 2542 est,
164 2483 257 2546 quam
289 2464 458 2546 epistulam
488 2463 664 2527 Guilelmus
693 2462 877 2526 Theodorus
908 2462 1083 2528 Steuberus
1113 2464 1254 2526 Basileae

73 2583 145 2628 3333
167 2585 384 2630 nncocmxru
407 2586 478 2629 cum
501 2566 573 2630 aliis
599 2565 743 2630 eiusdem
766 2567 828 2628 viri
853 2566 961 2630 eximii
985 2567 1132 2650 epistulis
1154 2565 1255 2630 edidit

79 2667 114 2748 (p.
133 2669 194 2752 li).
242 2671 372 2734 “iussi''
402 2669 508 2752 inquit
537 2674 599 2733 “ut
621 2670 708 2732 hisce
735 2670 768 2732 in
791 2670 892 2733 locis'‘
924 2671 946 2732 i.
971 2691 1000 2733 3.
1027 2671 1060 2732 13
1082 2671 1254 2734 basileensi

76 2771 207 2836 Probenii
233 2773 359 2837 cilicina
389 2774 580 2856 “exemplar
607 2772 856 2855 procederetur,
889 2793 924 2836 ea
954 2774 1082 2854 legent
1105 2775 1137 2835 in
1160 2775 1256 2837 huius

74 2877 169 2955 operis
189 2877 299 2940 limine
321 2877 398 2939 mihi
421 2877 533 2940 liceret
554 2875 595 2939 ad
618 2877 798 2958 Philippum
816 2877 1088 2939 hlelauchthouem
1110 2877 1255 2939 nonnihil

76 2979 231 3056 praeiari.'’
270 2990 302 3044 et
324 2981 453 3061 scripsit
474 2999 550 3042 saue
573 2978 615 3043 ad
630 2979 810 3061 Philippum
833 2980 956 3042 litteras
975 2999 1129 3060 generoso
1150 2981 1256 3042 animo

75 3081 175 3160 plenas
195 3085 290 3166 eique
320 3084 466 3146 inventos
495 3101 511 3144 3
536 3103 569 3146 33
592 3083 671 3145 Livii
698 3081 797 3144 libros
820 3081 990 3146 dedicavit.
1039 3093 1148 3146 extant
1170 3083 1255 3146 enim

75 3183 110 3245 ab
137 3187 202 3268 ipso
224 3187 370 3271 Grynaeo
392 3195 540 3250 exaratae
571 3188 604 3248 in
628 3184 819 3249 bibliotheca
842 3185 1060 3249 universitatis
1082 3186 1256 3250 litterariae

76 3289 246 3368 Lipsiensis.
294 3289 381 3354 unde
404 3299 439 3353 ut
462 3289 599 3354 edantur
621 3308 727 3370 neque
758 3309 818 3371 per
839 3310 874 3352 se
898 3291 985 3371 ipsae
1008 3289 1159 3372 indignae
1183 3299 1258 3352 suot

77 3409 172 3473 oeque
192 3397 262 3457 siue
284 3395 447 3476 voluptate
477 3392 562 3475 quod
585 3392 751 3475 Gryuaeus
773 3394 890 3473 voluit,
922 3403 957 3455 ut
980 3391 1107 3474 publica
1129 3391 1258 3473 pietatis

75 3513 105 3554 33
126 3499 321 3562 reverentiae
337 3517 400 3579 qua
415 3497 686 3560 lielenchthonem
710 3495 834 3560 colebat
857 3506 942 3559 esset
963 3495 1151 3572 testificatio,
1172 3513 1258 3558 nunc

76 3597 192 3662 tandem
221 3611 291 3684 post
320 3601 381 3664 tria
410 3601 534 3664 3333313
564 3601 764 3682 exequimur.
817 3599 941 3663 misisse
972 3599 1050 3662 illud
1080 3583 1257 3662 litterarum

77 3703 228 3785 exemplar
247 3704 289 3767 ad
304 3704 576 3768 llelauchthonem
591 3701 720 3766 videtur
735 3713 905 3785 propterea
927 3721 969 3765 ue
987 3703 1056 3765 sine
1072 3710 1257 3784 praecepto·

78 3803 115 3866 ris
133 3806 360 3890 adprobatione
383 3827 437 3870 eas
458 3806 581 3870 ederet.
628 3807 756 3888 scripsit
777 3815 883 3870 autern
908 3807 996 3869 haec.

252 3911 418 3994 “Philippo
440 3911 649 3974 Melanchtoni
673 3911 781 3974 Simon
805 3909 970 3991 Grynaeus
993 3929 1018 3972 3.
1038 3907 1070 3972 d.

153 4014 229 4078 Cum
252 4034 358 4098 nuper
380 4013 588 4079 bibliothecas
611 4033 676 4094 eas,
703 4014 848 4095 Philippo
870 4023 1069 4095 praeceptor,
1095 4029 1258 4093 quaecun-

78 4131 132 4192 que
151 4115 193 4179 ab
209 4117 428 4201 lleydelberga
450 4127 557 4180 nostra
574 4117 660 4180 haud
683 4117 725 4180 113
740 4117 849 4199 procul
874 4126 948 4180 sunt
969 4117 1061 4195 sitae,
1087 4114 1258 4197 praecipue

79 4235 144 4280 tero
163 4221 409 4304 balburgiauam
433 4231 465 4284 et
487 4223 690 4299 torscnsem,
716 4239 851 4302 quarum
874 4219 960 4282 illam
983 4218 1142 4300 liudolphi
1165 4213 1259 4298 Agri-

79 4320 154 4384 colae
183 4324 329 4406 consilio,
362 4326 444 4388 hanc
468 4324 569 4388 Caroli
600 4323 705 4405 magni
737 4323 823 4386 illius
845 4323 941 4388 ductu
970 4333 1002 4387 et
1024 4322 1175 4404 auspiciis
1198 4323 1259 4383 iam

80 4421 142 4486 olim
164 4427 320 4492 conditam
343 4428 467 4507 ierunt,
499 4427 613 4509 partim
637 4425 722 4509 quod
752 4427 965 4509 insuperiori
988 4445 1070 4490 anno
1093 4423 1179 4508 apud
1202 4443 1259 4486 nos

80 4530 229 4594 transiens
250 4531 307 4594 hoc
321 4531 399 4596 mihi
422 4529 517 4594 cilicii
534 4530 691 4610 dedisses,
716 4530 830 4613 partim
847 4532 1013 4594 vetustatis
1036 4531 1106 4593 eius
1124 4545 1259 4592 noscen-
