3186 5108
295 1399 296 1402 ψ
369 1211 550 1366 'moal
580 1265 903 1366 naorronvn
931 1263 1300 1364 arnnaolavn
1333 1271 1456 1362 raso.

322 1521 390 1632 Ne
412 1571 687 1651 grammaticarum
710 1588 790 1651 quas
811 1569 1013 1632 semestrium
1036 1568 1215 1632 scholarum
1238 1565 1401 1630 indicibus
1423 1585 1506 1648 prac-

324 1691 442 1754 ponere
466 1673 605 1736 solemus
626 1671 876 1754 disputationum
900 1673 1135 1735 continuatione
1158 1689 1221 1734 non
1246 1671 1427 1732 intermissa
1448 1679 1507 1730 tac·

323 1775 412 1839 dium
440 1775 623 1840 adferamus
651 1775 839 1856 lectoribus,
871 1777 980 1856 siquos
1009 1785 1113 1838 tamen
1144 1777 1273 1837 omnino
1303 1774 1507 1836 nanciscimur

324 1880 474 1960 lectores,
505 1889 623 1943 mutata
653 1899 716 1942 non
745 1899 920 1962 numquam
950 1879 1003 1942 illa
1026 1877 1257 1941 commentandi
1287 1874 1507 1940 consuetudine

325 1986 356 2046 in
381 1983 482 2046 lucem
506 1981 706 2064 proferemus
722 2001 804 2065 quae
826 1985 956 2064 antiqua
979 1993 1082 2046 aetate
1103 1979 1300 2066 scriptadin
1319 1980 1505 2043 delituerunt

323 2103 429 2166 noque
451 2105 523 2148 curn
540 2085 722 2149 hominibus
737 2087 885 2150 litteratis
900 2087 969 2148 sine
991 2087 1097 2168 aliqua
1120 2105 1228 2148 eorum
1252 2085 1387 2147 utilitate
1404 2081 1509 2145 viden-

323 2200 376 2252 tur
406 2208 499 2270 posse
528 2190 766 2253 communicari.
821 2191 928 2271 itaque
958 2187 1052 2252 hodie
1084 2197 1225 2252 vetustas
1255 2187 1410 2270 epistulas
1439 2187 1509 2249 duas

324 2292 448 2356 edimus
464 2311 547 2373 quae
569 2291 610 2355 ad
632 2293 809 2355 litterarum
826 2293 1006 2356 Latinarum
1023 2293 1186 2356 historiam
1209 2293 1388 2354 accuratius
1404 2309 1510 2372 cogno-

323 2395 473 2458 scendam
507 2415 570 2458 non
600 2395 681 2457 nihil
714 2394 894 2459 conferunt.
948 2415 1084 2477 quarum
1114 2395 1214 2458 altera
1248 2394 1288 2457 ad
1319 2395 1509 2466 Ciceronem,

323 2500 422 2563 altera
444 2497 486 2562 ad
508 2499 630 2561 Livium
654 2500 805 2580 pertinet.

410 2603 572 2666 Ciceronis
595 2604 693 2682 igitur
716 2603 924 2684 epistularum
947 2601 1149 2665 familiarium
1172 2601 1246 2664 libri
1269 2599 1409 2664 sedecim
1432 2599 1511 2662 nullo

324 2705 430 2786 hodio,
455 2716 492 2769 ut
507 2704 649 2785 videtur,
674 2707 854 2787 antiquiore
878 2707 1052 2788 exemplari
1073 2707 1276 2768 continentur
1291 2723 1388 2786 quam
1412 2703 1510 2766 codice

323 2809 534 2872 bibliothecae
550 2810 792 2888 Laurentianus,
818 2812 873 2890 qni
890 2810 1026 2890 saeculo,
1052 2819 1086 2872 ut
1108 2808 1191 2871 docti
1213 2811 1394 2886 aestimant,
1417 2805 1511 2869 unde-

324 2917 404 2976 cimo
433 2915 571 2995 scriptus
600 2921 659 2975 est.
707 2931 780 2975 eum
810 2912 950 2975 codicem
978 2931 1049 2976 cum
1072 2931 1090 2975 a
1112 2913 1276 2974 Francisco
1300 2913 1444 2974 Petrarca
1468 2911 1512 2970 in-

323 3027 455 3080 ventum
479 3036 549 3079 esse
573 3017 657 3079 inter
678 3033 789 3077 omnes
811 3025 950 3096 constet,
984 3014 1039 3078 ubi
1064 3013 1263 3096 indagaverit
1286 3015 1378 3077 homo
1402 3033 1511 3076 eruen-

323 3119 437 3184 dorum
459 3129 605 3182 veterum
636 3116 791 3180 librorum
814 3118 1066 3182 studiosissimus
1093 3138 1156 3181 non
1184 3121 1262 3181 satis
1285 3127 1434 3181 testatum
1456 3127 1510 3178 est.

209 3259 211 3263 ·
323 3243 397 3286 nam
419 3224 546 3286 Flavius
568 3221 698 3304 quidem
714 3219 854 3284 hiondus
877 3224 909 3285 in
933 3222 1020 3285 ltalia
1043 3221 1198 3285 illustrata
1226 3219 1267 3304 (p.
1286 3221 1348 3283 lib
1366 3221 1418 3284 ed.
1433 3219 1509 3302 llas.)

324 3327 364 3390 de
387 3328 532 3394 Petrarca
556 3327 634 3389 haec
656 3323 763 3404 habet,
789 3325 878 3406 “ipso
902 3327 986 3388 enim
1006 3371 1013 3386 .
1034 3372 1041 3387 .
1063 3373 1070 3387 .
1089 3325 1238 3407 epistolas
1254 3324 1416 3388 Ciceronis
1439 3327 1513 3386 hen-

324 3432 389 3494 tulo
412 3431 582 3512 inscriptas
604 3428 755 3492 Vercellis
785 3431 944 3510 reperisse
974 3428 1125 3510 gloriatus
1155 3429 1226 3490 est”
1255 3427 1385 3510 (incipit
1414 3437 1514 3491 autern

325 3533 404 3597 illud
427 3533 635 3615 epistularum
654 3549 780 3612 corpus,
806 3531 890 3613 quod
906 3531 1090 3594 nominibus
1105 3529 1368 3613 conprehendere
1384 3531 1514 3594 solemus

325 3657 387 3700 non
411 3635 537 3700 traditis
556 3635 613 3698 sed
628 3636 823 3716 excogitatis,
849 3633 890 3696 ab
906 3635 1050 3716 epistulis
1066 3633 1106 3697 ad
1124 3637 1155 3696 P.
1174 3634 1342 3698 Lentulum
1358 3635 1510 3717 scriptisl3

324 3760 437 3804 verum
466 3737 552 3803 unde
574 3737 714 3801 Blondus
743 3738 775 3800 id
805 3738 890 3820 quod
921 3738 995 3800 dicit
1025 3739 1198 3820 sumpserit
1227 3739 1388 3801 nescimus
1415 3755 1513 3818 neque

325 3845 357 3906 in
381 3842 476 3907 editis
499 3843 662 3905 Petrarcae
691 3841 783 3904 libris
806 3844 976 3924 quicquam
1000 3839 1041 3904 de
1071 3843 1200 3904 invento
1222 3842 1378 3904 Vercellis
1399 3843 1515 3924 epistu-

324 3948 426 4011 larum
458 3945 618 4009 Ciceronis
647 3943 755 4008 oodice
778 3945 912 4026 legitur,
945 3953 980 4007 ut
1002 3944 1142 4007 Blondus
1172 3964 1249 4008 usus
1279 3964 1350 4008 esse
1373 3944 1514 4008 videatur

324 4051 439 4114 litteris
468 4047 630 4130 aliquibus
659 4050 822 4111 Petrarcae
851 4068 933 4130 quae
964 4047 1057 4111 hodic
1086 4057 1140 4111 aut
1168 4049 1337 4130 perierunt
1365 4059 1420 4111 ant
1448 4065 1513 4109 cun
1584 4047 1585 4056 ’

326 4154 433 4216 multis
455 4152 527 4214 aliis
549 4152 665 4215 latent:
692 4171 884 4232 quamquam
907 4161 1010 4232 potest
1025 4150 1165 4214 Blondus
1188 4149 1221 4213 id
1241 4151 1326 4233 quod
1350 4163 1457 4214 narrat
1478 4147 1513 4211 ab

324 4257 431 4338 aliquo
448 4257 611 4318 Petrarcae
628 4253 829 4322 familiarium
852 4257 1028 4338 accepisse;
1057 4255 1125 4336 ipse
1147 4257 1232 4317 enim
1248 4255 1392 4318 Petrarca
1409 4265 1513 4338 quarto

324 4360 447 4422 decimo
469 4368 639 4440 antequam
663 4357 802 4422 Blondus
825 4369 1011 4422 nasceretur
1032 4377 1114 4420 anno
1139 4369 1280 4422 mortuus
1303 4371 1363 4422 est.
1407 4375 1513 4422 verum

325 4462 499 4526 bandinius
531 4463 562 4523 in
593 4463 731 4543 catalogo
761 4461 904 4524 codicum
928 4463 1108 4524 Latinorum
1137 4461 1350 4524 bibliothecae
1381 4465 1514 4525 lauren-

324 4570 427 4630 tianae
451 4577 474 4629 t.
493 4584 515 4627 rr
538 4585 570 4646 p.
591 4567 652 4627 too
676 4584 801 4628 errasse
825 4564 978 4628 lilondum
1008 4566 1069 4641 ait;
1104 4575 1248 4628 constare
1278 4568 1364 4628 enim
1388 4585 1427 4628 ex
1450 4563 1513 4646 epi-
