3268 5108
232 395 330 456 Secu
353 411 571 456 valvenstrlrls
594 409 784 458 tlrrttttttlllt
808 395 983 458 Ftttttlttttcan
1008 395 1190 458 thtnmn.
1260 379 1308 453 23

119 595 180 648 tom
211 583 281 648 lieri
311 592 416 665 potest
445 583 486 647 ed
515 585 632 666 prioris
662 584 902 648 consuetudinis
935 585 1117 666 exemplum
1146 583 1310 666 paullatim

118 687 287 750 reducetur
319 697 592 769 conserveturqne
623 685 795 751 iuvenibus
823 689 908 751 inter
940 689 1075 771 puerilis
1102 689 1311 751 institutionis

116 793 318 854 severitatem
348 801 380 854 et
401 790 505 853 virilis
535 792 647 854 aetatis
669 809 762 854 curas
791 811 828 854 ec
849 791 976 854 labores
1008 793 1131 873 integra
1154 811 1310 855 annorum

115 896 234 977 aliquot
255 893 399 975 libertas,
424 903 460 958 ut
482 895 569 958 vires
591 894 802 977 periclitando
821 894 1037 974 corroborent,
1062 905 1098 958 ut
1119 915 1216 958 verae
1234 914 1310 957 ern-

116 999 244 1062 ditionis
265 998 574 1080 liberalissimecquc
598 997 760 1062 doctrinae
784 999 948 1081 exemplar
976 1000 1091 1062 animis
1117 1018 1179 1061 non
1203 1001 1310 1062 minn-

116 1105 153 1166 tis
176 1121 284 1183 neque
306 1103 450 1182 angustis
473 1103 662 1184 concipiant,
687 1111 724 1164 ut
745 1101 786 1165 ad
808 1104 973 1184 praeclara
997 1113 1028 1165 et
1050 1103 1184 1184 pulchre
1204 1105 1310 1165 omnia

115 1207 256 1288 aspirent
278 1223 385 1285 neque
407 1215 578 1286 antequam
600 1207 661 1268 viri
691 1205 767 1268 liant
794 1205 934 1270 exilibus
957 1209 1043 1269 curis
1066 1215 1306 1269 consenescant.

198 1311 368 1372 Possumus
400 1308 461 1370 alia
495 1308 616 1372 addere
651 1329 712 1371 non
747 1307 879 1389 indigna
914 1307 1047 1372 fortasse
1082 1329 1310 1372 commemora-

116 1415 215 1476 tione:
249 1411 307 1475 scd
330 1415 406 1474 satis
429 1413 624 1492 significasse
656 1412 749 1474 nobis
777 1411 927 1477 videmur
956 1433 1013 1476 cnr
1042 1413 1075 1475 in
1106 1413 1223 1475 eximio
1246 1431 1309 1492 quo

116 1527 200 1579 aetas
223 1525 331 1578 nostra
355 1515 482 1578 excellit
505 1516 683 1580 litterarum
713 1515 791 1578 ilore
817 1514 1126 1598 diligentissimeque
1157 1515 1309 1578 iuvenilis

116 1621 324 1683 institutionis
346 1619 509 1682 curatione
541 1629 573 1682 et
601 1617 876 1682 administratione
906 1619 1034 1682 animos
1055 1619 1096 1682 ad
1123 1621 1307 1682 memoriam

115 1725 276 1786 initiorum
298 1724 423 1786 scholae
447 1733 573 1786 nostrae
597 1733 692 1804 atque
715 1722 756 1784 ed
780 1723 981 1804 egregiorum
1005 1724 1168 1785 hominum
1198 1743 1308 1784 exem-

115 1829 162 1908 pla
193 1846 257 1889 non
287 1827 357 1889 sine
388 1845 501 1908 magna
529 1825 666 1889 utilitate
701 1827 843 1888 revocari
876 1845 969 1909 posse
1005 1827 1304 1889 existimaverimus.

113 1947 217 2012 neque
252 1931 381 1993 omnino
413 1939 592 2012 temporum
630 1930 758 1992 illorum
792 1931 944 1992 memoria
979 1933 1081 2011 repeti
1117 1931 1306 2011 cogitatione

115 2045 213 2115 potest
236 2036 316 2116 quin
341 2043 529 2096 recreentur
550 2034 648 2095 animi
671 2034 920 2115 praeclaraeque
943 2034 1072 2096 virtutis
1097 2032 1306 2095 admiratione

114 2125 298 2218 erigantur.¹
343 2146 524 2200 attenuatae
548 2145 638 2198 orant
660 2137 825 2200 Borussiae
848 2137 935 2200 vires
956 2155 993 2199 ac
1015 2138 1166 2218 potentia,
1192 2147 1346 2216 magnatt

115 2242 200 2322 regni
228 2251 320 2322 parte
349 2242 472 2303 alienae
501 2237 708 2302 dominationi
737 2249 770 2303 ct
799 2239 925 2303 libidini
955 2239 1110 2319 subiecta,
1143 2240 1306 2302 exhaustis

113 2360 210 2424 poene
240 2343 282 2407 ab
309 2343 453 2407 hostibus
483 2345 706 2428 rapacissimis¹
723 2353 754 2406 et
785 2343 1003 2424 reipublicae
1033 2353 1064 2406 et
1087 2345 1205 2406 civium
1235 2343 1305 2425 opl-

114 2447 180 2528 hus,
207 2447 322 2509 bellica
345 2448 451 2529 populi
476 2445 582 2527 laude,
608 2463 690 2527 quae
712 2447 938 2529 pulcherrimis
954 2447 1095 2510 victoriis
1117 2447 1190 2508 olim
1213 2455 1304 2528 parta

113 2559 189 2630 erat,
215 2551 332 2613 obtrita
360 2548 505 2612 cladibus
534 2551 685 2613 luctuosis
714 2559 746 2613 ct
773 2549 1019 2614 luctuosioribus
1046 2552 1141 2612 etiam
1169 2551 1305 2631 ignomi-

112 2655 182 2716 niis.
231 2653 355 2735 relique
382 2662 488 2716 autem
512 2653 681 2716 Germania
711 2664 743 2716 et
772 2655 888 2716 similia
917 2662 1084 2736 acceperat
1112 2652 1305 2717 detrimenta

113 2767 143 2820 ct
157 2757 267 2820 Gallici
291 2757 490 2838 imperatoris
513 2766 593 2819 nutu
616 2764 647 2819 et
662 2757 794 2820 arbitrio
819 2757 1000 2838 regebatu‘r,
1026 2756 1190 2839 plerisque
1212 2759 1305 2837 prin-

113 2861 236 2943 cipibus
265 2861 297 2922 in
327 2860 509 2922 societatem
539 2862 728 2942 compulsis,
761 2859 847 2942 quod
876 2880 992 2923 nomen
1021 2858 1242 2924 oboedientiae
1274 2871 1305 2922 et

113 2965 255 3027 servituti
278 2961 552 3046 praetendebatur
561 2945 572 3040 3⁵
596 2985 656 3026 nec
678 2963 812 3028 deerant
835 2967 992 3028 intereos
1015 2966 1070 3045 qui
1094 2983 1111 3026 a
1134 2966 1304 3046 peregrino

113 3079 243 3149 tyranno
265 3087 300 3130 se
323 3067 447 3147 protegi
471 3066 549 3129 adeo
569 3087 631 3130 non
648 3067 875 3131 erubescerent
897 3078 932 3133 ιιι
948 3065 1104 3131 dedecore
1128 3067 1304 3148 gloriaren-

111 3180 172 3234 tur.
219 3171 338 3252 qaihns
360 3169 592 3232 calamitatibus
622 3180 653 3232 ct
676 3171 804 3252 probris
833 3169 918 3253 quod
948 3191 1009 3234 non
1039 3169 1200 3233 contabuit
1223 3169 1304 3231 Ger-

115 3278 231 3354 mania,
265 3274 350 3356 qucd
378 3282 540 3336 servatum
570 3283 618 3335 est
640 3273 870 3338 Germanorum
899 3295 1014 3339 nomen
1045 3282 1078 3335 et
1099 3273 1259 3336 vindicata
1286 3293 1303 3335 a

114 3385 209 3440 taetra
236 3384 333 3460 atque
362 3379 494 3440 exitiosa
522 3377 693 3459 tyrannide
723 3378 874 3459 libertas,
906 3379 1078 3460 praecipue
1108 3363 1305 3439 tectum'est

116 3485 316 3544 Borossornrn
341 3491 371 3544 et
394 3481 489 3562 liegis
511 3487 542 3543 et
565 3482 673 3562 populi
698 3482 883 3546 tortitudine
908 3491 939 3544 et
962 3483 1148 3544 constantie.
1196 3481 1303 3560 itaque

114 3587 139 3646 si
161 3600 313 3648 summam
342 3586 511 3666 utriusque
541 3586 781 3648 consensionem
806 3595 995 3668 auctamque
1026 3585 1183 3648 communi
1213 3582 1303 3644 clade

114 3689 380 3752 necessitudinem
411 3701 442 3752 et
466 3697 606 3752 mutuam
636 3689 817 3770 ceritatem,
851 3691 876 3751 si
901 3707 964 3751 non
991 3686 1189 3751 debilitatam
1212 3705 1302 3768 spem

114 3812 148 3854 ac
177 3793 322 3857 fiduciam
357 3793 403 3854 rei
432 3792 579 3873 publicae
608 3791 649 3854 ed
678 3795 812 3864 salntem
847 3791 1049 3856 reducendae
1082 3793 1302 3874 pristinaeque

116 3895 214 3959 laudis
236 3895 475 3979 recuperandae
498 3905 595 3976 atque
617 3897 793 3978 augendae,
820 3897 846 3958 si
870 3898 988 3959 civium
1010 3897 1131 3958 animos
1153 3894 1194 3957 ab
1217 3895 1302 3956 omni

115 4001 236 4064 levitate
258 4018 295 4062 ec
318 4001 470 4082 languore
485 3999 526 4062 ad
541 4002 732 4064 acerrimum
755 4004 877 4082 patriae
899 3997 1051 4063 tutandae
1074 4006 1106 4060 ct
1130 3999 1302 4062 restituen-

115 4101 173 4164 dae
194 4102 333 4166 studium
357 4112 518 4166 revolutos
540 4121 647 4184 neque
670 4103 785 4167 fractos
807 4103 943 4166 adversa
966 4102 1090 4165 fortuna
1113 4099 1170 4165 scd
1194 4119 1301 4166 corro-

118 4205 235 4270 bcrates
259 4209 520 4288 contemptamur,
552 4225 615 4270 non
645 4225 814 4289 possumus
842 4205 991 4270 dubitare
1021 4207 1099 4288 quin
1128 4203 1300 4269 dicendum

118 4309 157 4370 sit
190 4311 382 4391 gravissimis
409 4309 655 4392 durissimisque
685 4305 884 4393 temporibus
918 4331 980 4373 non
1009 4319 1133 4373 tentum
1161 4328 1300 4392 praepa-

119 4421 198 4474 ratas
223 4431 291 4478 esse
319 4416 468 4477 victorias
497 4431 688 4496 omnemque
726 4417 926 4496 insequentis
961 4416 1074 4476 aetatis
1103 4415 1300 4496 prosperita-

118 4524 195 4595 tem,
233 4518 288 4582 sed
324 4520 464 4600 ipsorum
499 4519 592 4581 ctiam
628 4519 661 4580 in
696 4519 842 4580 maximis
875 4517 1106 4581 calamitatibus
1139 4519 1298 4599 egregiam
