3268 5108
394 375 482 435 laum
504 392 671 436 nrcrrosvn
694 393 872 437 amorraeos
899 374 991 436 issa.
1241 360 1281 431 71

117 559 243 622 sissimus
273 565 413 625 omnium
443 573 607 644 poetarum
636 564 817 626 Latinorum
847 564 991 627 Ovidius.
1053 575 1085 627 et
1113 563 1291 646 Lygdamus

117 665 231 746 quidem
254 669 287 728 in
311 666 412 748 elegia
436 686 464 728 vr
493 665 533 747 (v.
551 669 592 728 39
616 666 672 750 ss.)
700 668 756 730 hos
779 687 892 730 versus
915 666 1022 744 habet,

230 772 355 847 Gnoses,
384 770 511 833 Tloseoc
532 769 684 853 mtoodom
702 772 847 851 periurio
869 771 991 854 tommo

303 873 416 956 flevisti
436 875 534 958 ioooto
556 873 623 938 solo
643 874 751 936 relicto
773 875 874 936 mori:

226 979 272 1046 sic
293 979 399 1042 cecinit
417 997 476 1060 pro
498 985 526 1040 te
547 977 661 1051 doctam
688 977 793 1056 Minoi,
821 977 970 1054 mutae,

306 1082 422 1165 ingrati
442 1079 580 1162 reforma
602 1081 688 1162 inpio
706 1079 793 1162 scoto
813 1081 886 1144 viri.

112 1183 184 1246 idem
204 1183 386 1268 Lygdamus
408 1183 493 1265 quod
516 1184 549 1246 in
572 1183 684 1248 eodem
706 1185 847 1246 carmine
875 1183 916 1266 (v.
935 1183 976 1246 27
1000 1182 1039 1266 s.)
1066 1183 1148 1246 dixit

225 1289 300 1372 quoii
317 1307 428 1370 precor
450 1287 491 1349 ot
512 1287 659 1350 danem?
680 1289 763 1355 cocti
783 1289 950 1351 morio
971 1295 1042 1350 coto

305 1393 410 1454 ocriae
432 1399 460 1454 ct
480 1389 575 1456 cubos
596 1390 772 1472 diripiendo
790 1390 907 1472 forant,

111 1505 200 1576 potest
223 1494 409 1558 recordatus
431 1513 503 1556 esse
527 1494 694 1557 Catulliani
717 1494 868 1556 carminis
894 1493 945 1576 (30
969 1496 988 1554 8
1011 1493 1067 1576 s),

228 1585 306 1661 mem
328 1617 410 1661 onoc
431 1597 565 1660 retrudis
588 1605 615 1660 tc
637 1617 674 1660 oo
696 1605 750 1660 tuo
771 1597 852 1660 dioto
873 1598 977 1660 omnio
993 1595 1137 1680 factoque

227 1709 330 1765 centos
352 1703 449 1765 inrito
467 1699 554 1782 serre
575 1719 612 1764 oo
632 1700 760 1764 nebulas
783 1705 886 1764 cemos
908 1701 1004 1764 sinis:

111 1825 173 1866 nem
195 1817 361 1869 ventorum
391 1803 523 1885 quidem
552 1806 671 1866 mentio
699 1822 794 1886 saepe
818 1804 852 1866 lit
882 1806 915 1866 in
939 1803 998 1866 hac
1026 1806 1200 1881 sententie,
1233 1803 1291 1866 sed

112 1911 202 1971 rarius
223 1907 375 1990 estquod
396 1907 437 1970 ab
459 1917 596 1989 utroque
612 1917 703 1990 poeta
725 1907 866 1972 additur.
906 1907 1055 1970 similiter
1070 1916 1200 1989 propter
1214 1927 1291 1989 per-

111 2011 237 2093 spicuam
260 2013 413 2075 orationis
435 2012 689 2075 convenientiam
712 2030 775 2076 non
799 2011 982 2076 dubitamus
1005 2012 1084 2091 quin
1114 2011 1292 2076 versiculus

114 2117 157 2178 hic
176 2117 370 2180 Catullianus
397 2113 447 2198 (ct
471 2114 539 2197 58),

226 2220 324 2282 inrito
345 2226 486 2282 ventosae
508 2219 648 2301 linquens
667 2219 823 2301 promisso
841 2218 1005 2300 procellae,

112 2324 198 2386 Statio
218 2323 405 2386 obversatus
427 2321 470 2384 sit
492 2341 563 2385 eum
588 2321 669 2384 dixit
690 2319 885 2384 Achilleidos
908 2339 929 2382 u
953 2322 1015 2384 286

226 2428 324 2489 inrito
345 2433 486 2490 ventosae
507 2424 668 2507 rapiebant
690 2425 785 2490 verbo
803 2423 976 2506 procellos:

111 2531 230 2594 Statium
254 2530 395 2592 imitatus
417 2539 467 2590 est
488 2530 638 2592 Paulinus
660 2530 798 2592 Nolanus
820 2530 961 2590 carmine
983 2547 1001 2590 x
1023 2549 1054 2589 v.
1075 2528 1147 2607 tls,

227 2634 322 2695 inrito
343 2639 485 2695 ventosae
506 2633 634 2714 raptent
654 2631 728 2695 luceo
750 2639 820 2694 voto
839 2632 1002 2714 procellos.

185 2737 299 2814 Verum
328 2737 421 2817 longe
444 2753 538 2817 quam
562 2734 740 2818 Lygdamus
763 2733 839 2798 lecit
861 2737 1025 2798 venustius
1047 2734 1182 2798 Ovidius
1204 2737 1290 2798 eius-

111 2839 175 2902 dem
206 2840 354 2904 carminis
387 2859 450 2921 quo
480 2839 621 2905 Catullus
653 2838 901 2920 descriptionem
930 2839 1115 2918 nuptiarum
1143 2840 1225 2902 Pelei
1260 2850 1293 2902 et

111 2943 240 3006 Thetidis
260 2963 332 3006 oum
355 2940 515 3004 Ariadnae
544 2942 673 3004 historia
702 2943 866 3005 coniunxit
894 2939 1135 3006 admirationem
1158 2952 1292 3006 testatus

112 3055 161 3108 est.
208 3048 324 3110 etenim
352 3048 384 3108 in
415 3044 497 3108 libro
528 3043 679 3112 festorum
708 3047 800 3108 tertio
834 3043 876 3128 (v.
900 3043 960 3106 ltili
982 3045 1038 3129 ss.)
1067 3045 1221 3108 Bacchum
1251 3065 1291 3108 er

112 3149 189 3214 India
211 3149 359 3213 reducem
390 3148 556 3212 formosam
588 3149 672 3230 regis
701 3149 835 3214 alicuius
864 3148 960 3210 filiam
982 3167 1090 3212 secum
1117 3147 1290 3219 adduxisse

112 3273 234 3336 eamque
254 3253 419 3316 adamasse
442 3251 544 3334 fingit.
591 3254 732 3334 graviter
754 3251 787 3314 id
810 3251 895 3319 dolet
917 3250 1067 3330 Ariadne,

225 3356 314 3438 flebat
335 3375 446 3420 amoos
469 3356 618 3435 moeones,
643 3357 834 3440 spoliatoque
856 3357 944 3419 litore
965 3374 1060 3420 corvo

304 3458 398 3522 edidit
420 3459 542 3522 irwotto'e
563 3459 641 3523 tolia
663 3457 757 3522 verbo
779 3460 882 3522 comis.

232 3564 278 3626 ‘oo
300 3564 420 3642 iterum,
444 3562 566 3644 fluctos,
592 3563 701 3625 similis
723 3561 826 3626 cocio
847 3563 1019 3644 quostiam·

303 3685 341 3729 eo
364 3668 474 3729 aarum
495 3665 642 3729 loorimos
665 3665 776 3747 accipe,
801 3665 931 3745 larena,
956 3685 1050 3731 moos.

228 3769 360 3834 dicebam
384 3768 535 3850 (memini)
559 3770 705 3850 “periure
725 3775 754 3832 et
771 3769 887 3851 perfide
913 3769 1024 3833 Theseu
1033 3771 1062 3831 l”

305 3874 356 3936 illc
378 3871 469 3936 obiit:
493 3871 597 3935 ecdem
619 3873 751 3935 minino
772 3865 910 3937 Bocchus
932 3873 1030 3938 habet.

229 3995 308 4040 oooo
330 3993 444 4058 mmmm
466 3976 576 4039 “cotto
596 3976 681 4038 oiro”
705 3976 841 4040 olomooo
864 3975 1000 4058 “fenino
1021 3975 1161 4040 modot:'‘

303 4081 424 4143 maniae
444 4087 557 4142 mutato
579 4097 677 4143 cocao
697 4081 799 4144 relato
819 4081 938 4144 meost!

116 4183 264 4264 ingeniose
286 4183 420 4246 Ovidius
443 4182 615 4248 lectoribus
638 4182 757 4264 quibus
778 4182 957 4263 scribebat,
983 4182 1016 4245 id
1039 4191 1088 4246 est
1110 4182 1292 4248 hominibus

116 4283 300 4368 elegantibus
322 4297 355 4350 et
374 4285 551 4350 liberaliter
566 4285 713 4367 eruditis,
738 4287 990 4369 pulcherrimum
1006 4305 1132 4349 carmen
1150 4287 1182 4349 in
1200 4305 1292 4351 men-

116 4399 172 4450 tem
194 4391 356 4454 revocavit.
396 4409 469 4453 nam
492 4388 571 4454 illud
590 4391 718 4472 peritos
740 4399 768 4455 et
785 4390 900 4473 perfido
920 4391 1033 4454 Theseo
1054 4390 1227 4472 repetitum
1242 4399 1292 4458 ost

119 4511 153 4554 ex
173 4493 217 4556 ele
238 4509 314 4572 quae
336 4492 422 4576 apud
446 4493 601 4558 Catullum
629 4489 670 4575 (v.
689 4495 751 4558 ⁴32
773 4493 829 4576 ss.)
856 4493 996 4558 Ariadna
1018 4491 1107 4572 dicit,
