3186 5108
324 386 393 458 156
619 401 709 462 lrnex
731 418 897 462 iecrronvu
920 417 1099 462 lasciviam
1117 397 1210 459 l859.

318 584 504 674 βασιλήων,”
528 585 580 652 καί
596 579 671 652 ἄλλο
693 586 831 674 παρσίίον
846 581 920 672 πρὸς
934 581 984 651 τόν
1001 581 1090 652 αὐτόν
1107 591 1187 650 νοῦν.
1228 587 1366 650 eundem
1390 588 1501 667 magni-

318 695 498 775 loquentiao
528 692 663 756 colorem
697 695 729 756 in
760 691 1045 754 commemorandis
1066 688 1294 773 Aegyptiorum
1326 709 1502 754 monumen-

318 807 421 860 torum
451 796 552 858 titulis
582 805 690 858 servat
717 795 873 858 Diodorus
896 795 1022 858 Siculus
1053 815 1125 857 oum
1148 796 1168 856 l.
1188 814 1198 855 1
1221 813 1291 874 cap.
1312 793 1351 856 tt
1376 796 1408 856 in
1431 795 1503 876 Ost·-

319 899 475 982 mandyee
504 909 607 963 statua
638 901 826 981 inscriptum
857 919 927 961 esse
950 909 1059 961 narrat
1083 893 1224 984 βασιλεὺς
1253 895 1402 982 βασιλέων
1421 892 1503 962 ’οου-

319 996 453 1086 ρανδόας
470 1001 544 1087 ιίρί,
569 1023 638 1085 cap.
656 1012 763 1066 autem
780 1002 820 1062 66
845 1002 927 1064 banc
941 1001 1047 1064 adlcrt
1062 1001 1280 1064 columnarum
1301 1000 1503 1064 aSesostride

318 1109 490 1189 positarum
528 1107 786 1187 inscriptionem,
824 1100 915 1190 τήνδε
944 1101 997 1190 τὴν
1025 1098 1129 1191 χώραν
1161 1095 1264 1175 όπλοις
1294 1103 1504 1189 κατεστρέψατο

317 1210 378 1282 τοῖς
407 1209 516 1274 ἑαυτοῦ
552 1204 693 1296 βασιλεὺς
721 1208 869 1294 βασιλέων
905 1203 957 1272 καὶ
993 1202 1137 1292 δεσπότης
1168 1207 1319 1272 δεσποτῶν
1349 1201 1503 1278 Σεσόωσις.

319 1314 404 1377 idem
429 1313 507 1376 illud
531 1308 671 1398 βασιλεὺς
694 1311 842 1398 βασιλέων
873 1313 992 1392 legitur
1023 1313 1055 1374 in
1078 1313 1184 1375 numis
1214 1331 1325 1393 regum
1349 1312 1503 1394 Syriomm

318 1419 516 1480 Ponticomm
539 1416 763 1480 Armeniorum
787 1416 1015 1478 Parthinorum.
1062 1433 1230 1497 possumus
1258 1415 1357 1478 multa
1379 1412 1503 1493 addere,
1585 1487 1586 1498 ρ

318 1521 376 1584 sed
405 1522 500 1598 setis,
536 1530 573 1584 ut
595 1520 734 1596 videtur,
771 1519 1003 1582 declaravimus
1031 1519 1081 1582 bis
1109 1528 1141 1580 et
1170 1518 1330 1582 similibus
1359 1519 1506 1600 exemplis

318 1643 380 1687 non
411 1643 502 1705 posse
526 1622 657 1686 dolendi
680 1643 789 1685 curam
817 1623 903 1684 illam
929 1641 1077 1684 curarum
1104 1621 1355 1704 epigrammatis.
1403 1641 1505 1684 vemm

319 1729 413 1791 latius
440 1747 516 1788 sane
552 1736 640 1807 patet
673 1727 812 1805 genetivi
847 1725 979 1807 pluralis
1013 1745 1085 1788 cum
1114 1724 1226 1788 eodem
1256 1723 1410 1788 vocabulo
1440 1743 1507 1786 con-

319 1832 418 1895 iuncti
442 1851 529 1909 usus,
566 1829 807 1910 videndumque
830 1838 879 1892 est
907 1849 948 1892 ne
971 1829 1078 1909 specie
1108 1847 1164 1892 sua
1186 1828 1343 1909 quaedam
1368 1827 1507 1891 dictionis

319 1933 438 1998 formae
461 1933 580 1996 lallant.
628 1952 700 1996 nam
724 1935 751 1996 si
774 1953 834 2014 per
856 1953 891 1994 se
913 1940 1086 2013 spectatur,
1112 1929 1152 1994 ad
1176 1931 1261 1994 idem
1285 1931 1365 1994 illud
1388 1931 1507 2014 dequo

318 2038 424 2100 adbuc
440 2036 673 2119 disputavimus
689 2035 817 2100 dicendi
841 2055 944 2117 genus
968 2035 1171 2098 referendum
1189 2053 1259 2098 csse
1275 2035 1407 2098 videtur
1429 2035 1507 2118 quod

319 2141 433 2206 Paulus
462 2140 544 2203 dixit
567 2160 619 2222 ep.
644 2140 686 2203 ed
708 2141 788 2202 Tim.
807 2159 816 2200 ι
841 2140 917 2200 616
948 2132 964 2202 ό
988 2132 1135 2223 μακάριος
1157 2134 1209 2201 καί
1232 2132 1323 2222 μόνος
1346 2133 1506 2223 δυνάστης,

318 2239 334 2309 ό
358 2238 498 2329 βασιλεὺς
520 2247 580 2308 τῶν
604 2238 822 2328 βασιλευόντων
852 2237 903 2306 καί
931 2235 1032 2326 κόριος
1057 2245 1117 2306 τῶν
1140 2234 1336 2326 κυρωσάντων
1367 2253 1400 2304 ot
1429 2243 1507 2325 quod

320 2350 353 2410 in
375 2348 554 2430 apocalypsi
573 2349 623 2426 te,
644 2348 682 2408 tt
706 2347 842 2428 legimus
865 2340 1004 2432 βασιλεὺς
1027 2343 1175 2430 βασιλέων
1205 2341 1257 2408 καί
1282 2338 1382 2429 κόριος
1405 2345 1508 2431 κυρίων

318 2460 373 2516 aut
396 2451 475 2514 illud
500 2452 531 2512 in
548 2450 683 2512 llaecab,
702 2469 722 2511 n
742 2452 779 2512 l3
799 2453 816 2512 ί
840 2443 856 2514 ό
880 2443 1020 2534 βασιλεὺς
1036 2451 1095 2512 τῶν
1111 2445 1273 2533 βασιλέων.
1312 2451 1407 2511 aliter
1422 2449 1509 2512 vide·

319 2555 407 2618 bitur
428 2556 455 2616 si
480 2555 559 2617 baec
581 2555 763 2634 contuleris,
789 2557 863 2618 llos.
886 2575 903 2614 ν
929 2555 965 2614 l0
993 2553 1031 2614 ll
1055 2546 1071 2616 ‘o
1094 2547 1152 2636 γὰρ
1174 2545 1275 2636 κόριος
1297 2545 1314 2614 ὃ
1338 2547 1409 2625 θεὸς
1431 2548 1508 2638 ὑμῶν

318 2650 417 2736 οὗτος,
443 2652 513 2730 θεὸς
534 2660 595 2721 τῶν
618 2656 697 2721 θεῶν
726 2653 779 2720 καί
807 2651 907 2742 κόρους
929 2653 1050 2741 κυρίων,
1075 2675 1124 2738 ps.
1144 2657 1196 2735 49,
1218 2657 1229 2716 ί
1260 2650 1330 2728 θεὸς
1352 2655 1432 2720 θεῶν
1455 2651 1508 2721 κό-

320 2786 381 2849 ριος
405 2756 546 2845 ἐλάλησα.
594 2780 666 2824 nam
691 2762 724 2822 in
748 2761 798 2822 bis
820 2754 890 2832 θεός
913 2759 992 2824 θεῶν
1023 2779 1086 2823 non
1116 2769 1220 2840 potest
1249 2779 1320 2824 esse
1349 2759 1431 2824 deus
1459 2763 1508 2842 qui
1584 2843 1585 2846 Ἴ

318 2867 359 2929 ab
382 2867 452 2928 aliis
475 2864 545 2928 deis
568 2865 681 2927 colitur
704 2865 815 2945 eisque
837 2864 990 2944 imperat,
1023 2862 1081 2926 sod
1104 2863 1260 2943 significat
1283 2883 1355 2926 eum
1379 2865 1435 2945 qui
1459 2885 1509 2926 ve·

319 2971 444 3032 tissime
468 2969 550 3032 deus
572 2977 621 3030 est
643 2967 829 3048 dictumque
852 2977 900 3029 est
920 2965 1066 3030 Hebraici
1090 2967 1247 3028 sermonis
1268 2967 1456 3048 imitatione,
1481 2969 1508 3028 in
1584 3033 1585 3058 ρ

319 3092 381 3154 quo
404 3072 655 3136 eminentissime
678 3089 826 3152 quaeque
850 3091 887 3132 eo
910 3069 1001 3133 modo
1019 3068 1258 3134 describuntur.
1307 3070 1419 3134 imitati
1441 3081 1510 3134 sunt

319 3179 513 3258 interpretes
536 3177 569 3238 in
589 3175 674 3236 tritis
695 3175 758 3236 illis
781 3165 865 3257 ἅγιον
880 3177 939 3237 τῶν
956 3167 1063 3257 ἁγίων,
1089 3165 1161 3256 όιγια
1177 3165 1285 3256 ἁγίων,
1310 3163 1394 3258 ᾆσμα
1410 3167 1509 3258 ᾀσρό-
1584 3161 1585 3226 Ϊ

317 3303 388 3345 των.
436 3299 544 3360 neque
559 3277 673 3360 Aquila
696 3297 767 3340 cum
791 3297 865 3358 gen.
884 3280 915 3356 9,
934 3277 973 3338 26
997 3275 1154 3340 scriberet
1176 3277 1283 3349 δοῦλος
1307 3271 1423 3342 δοόλων
1438 3275 1510 3341 ἔστω
1584 3273 1585 3328 ἶ

318 3378 448 3448 Χαναὰν
470 3381 557 3460 ταῖς,
582 3392 645 3444 tam
661 3384 780 3444 Graeca
803 3381 925 3443 locutus
948 3391 995 3442 est
1018 3399 1113 3461 quam
1130 3377 1297 3459 Hebraico,
1323 3400 1508 3464 quamquam

320 3485 547 3550 llebraicorum
571 3485 743 3548 verborum
769 3485 832 3546 illic
854 3505 917 3547 non
941 3494 988 3548 est
1012 3483 1124 3546 eadem
1152 3483 1264 3564 ligura.
1312 3485 1371 3548 sed
1394 3485 1510 3549 locutus

318 3601 424 3654 tamen
448 3591 490 3652 ita
515 3600 563 3652 est
585 3599 621 3652 ut
643 3609 684 3652 ne
707 3609 724 3651 a
748 3589 940 3651 Graecorum
971 3586 1102 3668 quidem
1125 3605 1273 3649 sermone
1296 3589 1396 3652 oratio
1424 3607 1510 3670 pror-

319 3713 373 3757 sus
402 3693 585 3756 abhorreat.
632 3693 744 3756 Graeci
775 3695 862 3755 enim
891 3701 1002 3774 poetae
1033 3701 1119 3754 carte
1149 3701 1261 3754 neutra
1285 3691 1509 3756 adieetivorum

319 3818 390 3860 oum
414 3796 589 3860 eorundem
612 3797 842 3859 adiectivorum
865 3795 1021 3876 genetivis
1044 3794 1224 3876 pluralibus
1254 3814 1317 3857 non
1342 3813 1509 3877 numquam

319 3902 528 3981 coniungunt.
564 3919 627 3962 non
651 3901 793 3981 pertinet
816 3900 889 3978 buc,
915 3917 1107 3980 quamquem
1123 3899 1289 3979 conparari
1306 3899 1402 3980 vulgo
1424 3899 1508 3974 solet,

319 4004 404 4085 quod
428 4003 599 4084 Sophocles
622 4003 701 4065 Phil.
728 4021 759 4063 v.
779 4002 818 4062 66
843 4001 925 4064 dixit
954 3999 1050 4085 λέγων
1073 3993 1119 4066 όσ’
1148 3993 1183 4064 ἂν
1208 4000 1302 4088 θέλῃς
1329 3997 1403 4067 καθ’
1429 3997 1508 4087 ἡμῶν

319 4101 424 4192 ἔσχατ’
444 4100 582 4192 ἐσχάτων
598 4098 696 4170 κακό;
730 4125 803 4167 nam
825 4105 936 4168 ultima
958 4106 1141 4169 ultimorum
1159 4105 1240 4168 mala
1256 4105 1409 4171 dicuntur
1430 4107 1510 4169 nulla

319 4212 477 4274 sermonis
506 4211 685 4288 insolentia,
719 4208 776 4271 sed
805 4211 886 4271 iusta
914 4208 1111 4290 gradatione.
1166 4228 1278 4272 verum
1308 4210 1508 4290 positivorum

319 4313 547 4378 adiectivorum
572 4333 643 4376 cum
667 4313 734 4378 suis
756 4315 915 4393 genetivis
938 4315 981 4375 ita
1003 4313 1221 4394 copulatorum
1247 4313 1362 4376 similis
1384 4311 1509 4394 quidem
1583 4347 1584 4358 .

319 4429 368 4482 est
391 4415 561 4496 sententia,
594 4417 651 4480 sed
679 4417 740 4480 alia
769 4426 875 4479 tamon
906 4416 1084 4497 explicatio.
1132 4435 1204 4480 nam
1227 4410 1309 4480 κακὰ
1331 4419 1433 4480 κακῶν
1455 4414 1508 4478 etsi
1583 4421 1584 4428 ’

280 4524 472 4587 indicuntur
494 4541 576 4604 quae
598 4529 674 4584 sunt
695 4507 844 4597 κοίκιστα,Ι
874 4529 979 4582 tamen
1008 4539 1069 4583 non
1097 4529 1162 4583 tam
1191 4520 1269 4583 baec
1298 4519 1510 4604 significantur
1583 4517 1584 4590 Ϊ
