3268 5108
394 377 482 441 lrrxx
504 395 670 442 tsorrosvs
693 395 873 456 neritinus
891 375 986 438 labb.
1237 357 1286 434 83

112 586 172 632 enm
196 567 255 633 bes
278 566 434 648 epistulas
461 555 655 646 ediderunt,¹
685 565 899 648 obsequentes
927 568 974 647 ei,
1007 575 1114 650 posteo
1140 566 1249 630 modici
1269 579 1332 630 ota

111 671 183 732 artri
204 670 341 735 milano
363 677 426 733 tunt
448 685 516 734 etim
546 667 629 755 ῥίψαι
652 665 760 734 Πολλὰ
780 665 877 755 μάτην
898 666 1055 756 κεράεσσιν
1078 669 1109 743 ἐς
1130 664 1209 756 ἠέρα
1231 671 1290 734 θυ-

111 767 245 856 μήναντα.
292 772 352 836 sed
374 769 461 858 ῥίψαι
481 772 562 838 illud
584 774 653 836 sive
676 775 781 854 potius
804 771 891 858 ῥῖψαι
908 774 1118 837 vehementer
1137 775 1291 866 miramur

109 878 275 956 praelatum
304 875 403 940 luiso
431 877 462 940 ei
483 876 636 942 vocabulo
665 876 751 958 quod
780 878 812 940 in
835 875 974 940 Mediam
1002 877 1083 940 libro
1111 888 1170 940 est.
1217 895 1290 940 nem

109 999 169 1042 cnm
188 973 291 1044 anili
311 973 486 1064 dopq'eatro
507 990 593 1046 recte
608 989 704 1062 atque
721 981 882 1060 eleganter
897 978 1017 1043 dictum
1040 981 1092 1060 sit,
1117 979 1203 1067 bitot
1219 999 1291 1043 cum

109 1083 233 1164 reliquis
264 1103 329 1154 ,non
359 1086 438 1148 satis
465 1084 629 1164 congruit,
668 1082 726 1146 sed
755 1083 927 1146 orationem
957 1084 1136 1166 perturbet.
1190 1084 1292 1166 siquis
1404 1147 1414 1177 Ι

107 1196 201 1250 annm
226 1185 457 1272 lipotosmia
479 1185 580 1252 verba
603 1187 713 1249 Graeci
737 1196 861 1268 poetae,
893 1205 975 1269 qnae
999 1188 1110 1250 Cicero
1137 1187 1290 1266 omiserit,

107 1291 294 1371 pertinuisse
322 1300 430 1372 putat,
461 1299 525 1352 tarn
555 1290 705 1352 insolenti
732 1299 765 1352 et
793 1290 932 1352 mirabili
963 1291 1085 1354 ratione
1108 1289 1293 1354 Ciceronem

108 1392 255 1458 Graecum
278 1413 407 1460 maman
429 1411 505 1458 satae
528 1393 662 1456 orationi
683 1391 939 1456 adcommodasse
965 1413 1023 1457 nos
1044 1393 1176 1476 quidem
1199 1413 1294 1461 num-

108 1515 192 1576 quam
216 1495 398 1562 credemus.
445 1513 545 1577 quere
567 1498 629 1560 isse
651 1495 731 1560 illud
751 1495 882 1560 Hedicei
906 1495 980 1558 libri
1003 1497 1185 1561 tenebimus
1207 1508 1239 1560 et
1261 1499 1294 1558 in

108 1600 205 1666 codice
230 1601 462 1678 Tornaesiano,
492 1619 532 1662 ex
555 1619 618 1682 quo
640 1602 705 1682 ipse
732 1598 890 1680 adfertur,
920 1611 1085 1682 peoomum
1115 1619 1203 1680 esse,
1235 1601 1295 1661 lto-

107 1705 181 1768 siurn
207 1714 336 1783 antem,
372 1704 428 1784 qui
458 1701 544 1788 ῥῖψαι
572 1701 658 1766 haud
689 1701 787 1766 dubie
811 1703 954 1765 Ciceroni
982 1703 1115 1784 tribuit,
1146 1713 1182 1766 ut
1211 1702 1296 1789 ῥῖψαι

107 1802 197 1872 πολλά
221 1806 308 1872 idem
325 1817 409 1870 esset
424 1815 520 1888 atque
536 1804 623 1886 quod
637 1804 756 1870 deinde
779 1807 926 1887 sequitur
948 1807 1046 1870 multo
1064 1807 1148 1870 molo
1163 1807 1294 1886 dt'aeisse,

109 1910 220 1976 Graece
244 1919 396 1991 nugatum
420 1928 502 1988 esse,
527 1908 613 1992 quod
635 1927 731 1990 saepe
754 1907 840 1989 iecit,
865 1909 1129 1976 existimabimus.

186 2017 257 2078 Nou
286 2013 472 2078 dubitamus
499 2013 578 2093 quin
613 2013 705 2076 multi
735 2012 768 2076 id
795 2011 883 2094 quod
908 2012 1049 2076 diximus
1082 2015 1229 2076 miraturi
1266 2023 1297 2076 et

108 2118 317 2180 temeritatem
340 2117 434 2180 nobis
454 2115 612 2180 abiecturi
640 2117 716 2180 sint.
763 2135 837 2180 nam
867 2125 904 2178 ut
925 2118 1051 2179 llosium
1077 2119 1111 2180 in
1134 2118 1185 2180 bis
1207 2117 1298 2180 Cice-

109 2222 189 2286 ronis
218 2219 260 2283 ad
291 2219 430 2297 Atticum
459 2220 606 2302 epistulis
636 2209 846 2282 emendandis
872 2238 1027 2301 perverso
1056 2237 1153 2302 saepe
1181 2219 1299 2283 indicio

108 2343 194 2386 usum
219 2343 293 2388 esse
319 2324 467 2406 plerique
492 2343 570 2388 sane
594 2324 806 2401 consentiunt,
840 2324 882 2386 ita
910 2323 1006 2385 iidem
1037 2325 1067 2385 ei
1096 2323 1217 2386 babere
1247 2343 1299 2385 so·

108 2427 181 2506 lent,
213 2427 326 2509 siquid
347 2448 388 2492 ex
410 2425 574 2492 codicibus
596 2427 664 2490 suis
685 2426 823 2507 prolert,
855 2436 887 2489 et
916 2427 1042 2490 codices
1072 2428 1142 2490 ilios
1169 2427 1299 2490 maximi

107 2533 200 2612 pretii
234 2531 331 2597 luisse
357 2539 488 2612 putent,
524 2549 587 2594 non
623 2527 715 2592 modo
737 2530 876 2592 Orellius
903 2528 949 2613 (ut
974 2530 1015 2593 de
1038 2531 1109 2594 aliis
1139 2532 1195 2612 qui
1225 2541 1299 2594 ante

108 2653 177 2696 erun
213 2633 347 2698 merant
379 2633 564 2715 taceamus),
595 2633 653 2696 sed
682 2631 826 2713 prudens
855 2633 946 2696 none
975 2633 1143 2698 Sedolinns
1168 2635 1301 2696 Wesen-

109 2735 238 2819 bergius
272 2747 306 2800 et
343 2739 415 2818 ipse
447 2737 592 2802 Nicotaus
620 2733 797 2816 Madvigius
822 2735 874 2818 (ad
898 2737 962 2800 Cic.
995 2737 1035 2800 de
1064 2738 1117 2800 fin.
1150 2757 1184 2819 p.
1207 2737 1297 2819 2⁰3).

108 2841 271 2904 adnotavit
297 2851 404 2904 autem
426 2841 537 2904 Bosius
559 2858 594 2902 se
617 2835 703 2924 ῥίψαι
731 2841 765 2902 in
795 2839 904 2902 codice
933 2859 990 2902 suo
1018 2839 1182 2904 decurtato
1209 2843 1302 2902 inve-

109 2945 210 3008 nisse:
247 2946 330 3009 ‘cum
354 2943 509 3024 legissem*
533 2943 641 3022 inquit
665 2943 711 3004 ‘in
733 2941 841 3006 codice
863 2945 1073 3006 Tornaesianc
1096 2946 1172 3026 ipse,
1196 2945 1301 3006 statim

109 3048 229 3110 conieci
245 3047 432 3110 Ciceronem
453 3046 618 3126 scripsisse
642 3041 739 3130 ῥίψαι,
763 3047 856 3110 cuius
877 3065 967 3109 meae
990 3049 1191 3110 coniecturae
1211 3049 1303 3108 Lem-

109 3149 220 3214 binum
244 3161 312 3214 turn
334 3149 496 3213 admonui.
543 3147 601 3211 sed
630 3149 657 3210 is
681 3167 749 3210 eam
771 3147 833 3211 sibi
860 3149 1041 3232 adscripsit.
1089 3161 1196 3232 postea
1226 3168 1303 3214 vero

110 3253 260 3319 omnibus
290 3254 406 3318 litteris
429 3260 593 3316 exaratum
624 3253 732 3333 reperi
761 3254 794 3317 in
818 3251 982 3316 decurtato
1005 3251 1112 3340 pipat!
1158 3253 1199 3316 de
1222 3255 1304 3317 Cru-

109 3358 191 3420 soilli
215 3356 299 3422 libro
321 3366 416 3438 tacet.
463 3355 665 3420 decurtatum
688 3355 777 3422 illurn
801 3356 834 3418 in
857 3355 1054 3436 praefatione
1073 3357 1152 3420 dicit
1173 3377 1207 3420 se
1230 3367 1303 3420 ante

109 3479 209 3526 annos
226 3460 411 3544 quindecim
437 3458 481 3536 (id
504 3469 553 3522 est
574 3477 656 3522 anno
677 3458 745 3522 iere
765 3461 872 3543 sntxr)
898 3480 917 3522 a
939 3463 1084 3543 gregario
1105 3463 1208 3524 milite
1228 3479 1305 3523 cou-

111 3583 240 3646 parasse
270 3583 312 3627 ex
334 3563 546 3630 bibliothecae
569 3561 735 3627 cuiusdam
763 3578 872 3626 sacrae
901 3563 1081 3647 direptione
1104 3574 1264 3646 tamquam
1287 3585 1304 3626 s

112 3667 380 3748 periculosissimo
416 3665 579 3746 naufragio
607 3675 785 3743 servatum
819 3665 960 3730 defuisse
995 3678 1101 3731 autem
1130 3669 1160 3731 ei
1188 3666 1305 3730 alicubi

112 3771 256 3852 integras
276 3771 409 3853 paginas
431 3779 577 3850 totosque
599 3769 726 3832 ultimos
748 3769 828 3834 duos
849 3769 960 3834 libros.
1002 3772 1180 3834 accuratius
1203 3772 1236 3832 iu
1260 3773 1307 3833 eis

113 3892 197 3954 qnae
227 3874 267 3939 ad
296 3875 374 3938 haec
396 3872 496 3938 verba
518 3891 584 3934 xrur
609 3873 647 3934 tc
673 3875 702 3952 l,
727 3874 889 3937 assentiris
916 3875 1007 3952 etim,
1044 3875 1206 3937 adnotavit
1237 3875 1308 3936 ‘hoc

112 3977 188 4040 loco’
222 3979 324 4059 inquit
349 3975 548 4042 ‘deiecerunt
569 3975 676 4040 scidae
699 3985 836 4055 nocuae,
869 3996 983 4058 magno
1004 3977 1217 4042 studiosorum
1239 3997 1308 4040 om-

113 4082 206 4144 niurn
230 4079 444 4144 detrimento)
488 4079 725 4142 lamentabilius
754 4081 847 4142 etiam
877 4083 909 4142 in
939 4081 1067 4162 scriptis
1096 4081 1309 4145 adnotationi-

113 4181 187 4262 bus,
214 4181 396 4265 dequibus
418 4200 491 4246 mcx
514 4181 667 4262 dicemus,
705 4183 856 4264 loquitur.
904 4194 1070 4266 postquam
1092 4188 1177 4247 enim
1200 4204 1310 4248 ossen-

114 4289 184 4348 tiris
209 4287 242 4348 in
264 4287 429 4350 decurtato
459 4295 492 4348 et
514 4286 691 4350 Cruseliino
715 4305 785 4348 esse
814 4285 895 4348 dixit
922 4288 964 4368 (in
996 4287 1080 4350 edita
1108 4287 1309 4351 adnotatione

117 4390 210 4470 ‘iege'
236 4390 339 4471 inquit
364 4393 415 4452 ‘ex
438 4389 617 4452 Crusellino
638 4391 836 4472 osseaiim's’),
863 4391 940 4452 haec
962 4389 1062 4470 addit,
1096 4392 1160 4454 ‘hic
1181 4390 1311 4454 deiece-

116 4502 194 4556 runt
219 4492 322 4556 scidae
345 4502 483 4557 nostrae.
533 4511 627 4573 qnam
651 4494 804 4556 iacturam
826 4513 885 4573 ego
907 4493 985 4556 tanti
1009 4495 1155 4556 existimo
1177 4505 1211 4556 ut
1235 4497 1311 4556 reli-

1064 4615 1102 4666 fi*
