3268 5108
400 1261 573 1361 INDEX
607 1259 927 1362 nutricatu
958 1259 1327 1362 HlBllRNARVlll
1361 1271 1489 1364 1854.

347 1473 442 1588 (lum
464 1543 569 1605 nuper
591 1523 770 1586 scholarum
800 1541 859 1604 per
884 1522 966 1585 hanc
987 1531 1139 1584 aestatem
1163 1522 1382 1585 habendarum
1406 1543 1539 1588 enume-
1619 1549 1620 1584 i

346 1627 460 1688 rationi
497 1626 745 1708 disputationem
778 1626 917 1706 aliquam
952 1634 1092 1687 nostram
1126 1623 1335 1705 adderemus,
1373 1625 1539 1692 docuimus

346 1748 459 1792 versus
481 1749 544 1791 non
567 1730 670 1792 nullos
692 1727 824 1808 Aetnae,
858 1729 1008 1790 carminis
1030 1747 1048 1790 a
1071 1727 1212 1792 librariis
1235 1729 1327 1792 valde
1356 1729 1535 1813 depravati,

345 1853 416 1895 cum
453 1833 532 1896 iorte
567 1835 692 1896 amissis
725 1833 846 1914 aliquot
879 1831 988 1894 verbis
1022 1831 1177 1894 deminuti
1212 1843 1336 1913 esseut,
1378 1835 1539 1917 conpletos

345 1935 465 1998 deinde
489 1956 558 2000 esse
582 1937 655 2000 rudi
678 1947 746 1999 arte
770 1945 905 2016 atquae
929 1945 1068 1999 mentem
1089 1945 1202 2017 poetae
1226 1937 1356 1998 minime
1379 1937 1540 2020 adseque-

345 2050 445 2102 retur.
486 2041 633 2103 similiter
655 2051 687 2102 et
710 2041 743 2102 in
765 2041 837 2101 aliis
852 2049 999 2102 veterum
1021 2047 1186 2120 poetarum
1202 2039 1398 2104 carminibus
1420 2041 1540 2106 iactum

345 2153 394 2206 cst
416 2154 458 2222 et,
483 2144 545 2206 nisi
568 2144 718 2224 fallimur,
750 2143 941 2225 aliquotiens
970 2143 1003 2204 in
1026 2142 1137 2224 elegiis
1160 2144 1234 2205 Sex.
1257 2145 1431 2227 Propertii:
1466 2165 1539 2208 nam

345 2247 400 2329 qui
423 2246 509 2310 hunc
530 2258 655 2329 poetam
685 2257 851 2328 praeterea
872 2245 1037 2310 Aurelium
1068 2246 1248 2324 nominant,
1281 2267 1334 2309 cos
1356 2249 1539 2330 opinionem

343 2350 435 2431 sequi
460 2352 678 2432 pervulgatam
701 2349 831 2432 quidem
860 2349 916 2412 sed
940 2350 1029 2413 nullo
1050 2351 1101 2412 cui
1125 2352 1295 2430 quicquam
1327 2350 1400 2413 fidei
1425 2352 1539 2416 baberi

344 2454 444 2534 possit
465 2454 645 2517 testimonio
668 2454 882 2516 confirmatam
912 2463 943 2515 et
972 2454 1073 2536 ipsam
1100 2471 1159 2534 per
1186 2473 1221 2516 se
1245 2453 1440 2517 reiciendam
1464 2467 1540 2520 autc

344 2557 515 2638 conplures
543 2575 644 2619 annos
674 2558 706 2620 in
735 2558 814 2620 actis
842 2559 1001 2620 societatis
1030 2555 1228 2620 eruditorum
1259 2559 1432 2622 Saxonieae
1462 2564 1541 2624 satis

344 2660 594 2724 demonstratum
618 2671 666 2724 est
691 2660 1003 2743 [sapro1280ss.].
1051 2678 1163 2723 verum
1186 2662 1219 2722 in
1243 2662 1397 2743 Propertii
1420 2667 1542 2726 carmi-

343 2764 440 2828 nibus
467 2783 530 2827 non
561 2783 598 2827 ea
620 2765 742 2828 utimur
769 2763 988 2828 commoditate
1018 2773 1054 2826 ut
1084 2782 1141 2845 pro
1171 2762 1258 2826 lalcis
1280 2784 1432 2830 versuum
1462 2787 1541 2831 con-

343 2869 513 2950 plementis
536 2887 572 2930 ca
595 2887 677 2950 quac
699 2877 791 2950 poeta
814 2869 943 2950 scripsit
965 2887 1005 2929 ex
1023 2876 1134 2930 vetere
1156 2868 1262 2950 aliquo
1285 2867 1367 2930 libro
1390 2873 1540 2953 recipere

344 2974 512 3054 possimus,
538 2991 634 3052 quem
656 2970 698 3033 ad
720 2970 849 3034 modum
872 2971 904 3033 in
921 2969 1023 3034 Aetna
1043 2969 1315 3051 cantabrigiensis
1337 2971 1455 3036 codicis
1481 2995 1540 3057 cpe

291 3149 297 3159 ,
343 3076 618 3158 grammaticorum
641 3073 771 3138 fraudes
800 3093 837 3136 ac
859 3073 997 3136 fallacias
1019 3073 1262 3154 confutavimus,
1294 3075 1352 3138 scd
1382 3095 1542 3160 conpara-

343 3181 385 3242 tis
407 3181 493 3242 inter
514 3199 548 3242 se
572 3178 664 3240 bonis
686 3177 850 3240 codicibus
873 3179 984 3260 eisquc
1007 3197 1089 3260 quae
1112 3178 1176 3240 dici
1205 3187 1259 3242 aut
1281 3191 1456 3261 potuerunt
1485 3193 1541 3246 aut

342 3283 527 3346 debuerunt
554 3291 699 3344 accurate
729 3280 914 3364 ponderatis
942 3291 1065 3363 partem
1092 3301 1243 3344 versuum
1273 3301 1337 3345 uon
1361 3284 1538 3367 nullorum,

342 3406 412 3451 cum
437 3387 538 3468 ipsius
560 3385 716 3466 Propertii
737 3383 836 3447 verba
857 3386 1042 3468 periissent,
1073 3387 1259 3448 commentis
1281 3387 1440 3468 expletam
1464 3409 1540 3452 esse

341 3491 573 3571 intellegimus3
607 3507 689 3570 quae
711 3499 803 3570 poeta
825 3489 962 3570 scripsit,
989 3491 1047 3576 etsi
1071 3490 1104 3551 in
1127 3489 1214 3552 nullo
1240 3488 1323 3552 libro
1350 3503 1541 3556 conservata

341 3605 433 3673 sunt,
464 3604 496 3656 at
525 3591 742 3656 ratiocinando
772 3601 878 3655 tamen
910 3591 1053 3672 indagari
1085 3591 1217 3656 fortasse
1246 3605 1390 3674 possunt.
1437 3595 1544 3660 bonos

341 3708 447 3761 autem
476 3697 617 3776 codices,
655 3714 791 3777 quorum
821 3697 1043 3777 conparatione
1078 3697 1207 3761 testium
1242 3698 1294 3760 illa
1331 3699 1544 3780 interrogatio

342 3820 436 3882 quam
459 3800 611 3863 vocabulo
633 3800 665 3860 in
689 3800 775 3862 hunc
796 3800 1008 3881 significatum
1031 3798 1153 3863 detorto
1182 3800 1241 3862 sed
1271 3802 1303 3862 in
1326 3812 1395 3865 arte
1421 3820 1543 3868 neces-

341 3906 424 3968 sario
448 3905 666 3982 recensionem
688 3902 887 3985 adpellamus
910 3904 943 3966 in
967 3904 1121 3985 Propertii
1144 3902 1341 3968 carminibus
1367 3915 1432 3969 tcta
1458 3927 1543 3970 con-
1619 3959 1620 3972 2

341 4011 473 4089 tinctur,
499 4007 597 4069 libros
619 4006 755 4070 dicimus
771 4009 1009 4089 Neapolitanum
1033 4018 1064 4070 et
1079 4007 1329 4088 Grcninganum
1354 4028 1417 4072 nou
1441 4030 1543 4091 pror-

341 4131 396 4175 sus
411 4111 542 4193 quidem
565 4113 634 4175 illos
656 4132 674 4176 a
699 4111 924 4176 mutationibus
946 4109 986 4172 de
1011 4111 1168 4174 industria
1185 4111 1276 4174 iactis
1298 4109 1426 4195 liberos,
1454 4133 1541 4196 quas

342 4218 427 4304 ipsas
448 4216 547 4278 altero
570 4237 643 4280 cum
664 4217 764 4279 altero
786 4215 958 4296 diligenter
987 4216 1098 4277 collato
1126 4215 1354 4296 cognoscimus,
1386 4217 1444 4280 sed
1472 4238 1539 4283 uon

340 4322 568 4383 contaminatos
590 4321 743 4384 constanti
767 4317 959 4382 emendandi
982 4317 1086 4382 studio
1109 4336 1172 4399 quo
1194 4318 1342 4381 italorum
1369 4324 1541 4386 temeritas

342 4425 482 4505 reliquos
505 4425 674 4506 plerosque
704 4423 803 4485 libros
826 4421 1025 4504 depravavit.
1072 4422 1220 4484 meliores
1248 4441 1310 4483 aon
1334 4423 1413 4486 nulli
1445 4427 1542 4488 ccdi-

341 4547 404 4608 ces,
435 4530 490 4611 qui
512 4527 552 4590 ad
577 4528 645 4590 illos
668 4527 746 4590 duos
771 4529 912 4608 proxime
936 4523 1101 4604 accedunt,
1135 4526 1214 4587 nibil
1236 4535 1343 4588 tamen
1367 4531 1540 4595 continent
