3184 5108
314 366 389 438 212
607 385 696 446 laon
719 402 885 446 ιιειιοιιιι
908 401 1091 446 arnamar!
1110 381 1202 444 4862.

313 579 437 651 poetam
462 565 549 639 ἱζέτω
571 573 624 633 illo
639 573 809 653 pincernas
831 571 958 651 adloqui
980 571 1091 648 voluit,
1117 569 1217 650 magis
1240 567 1273 630 id
1290 567 1369 630 lerri
1383 576 1492 647 potest:

311 674 487 753 pincernae
509 677 594 737 enim
618 695 681 737 non
704 673 851 737 adsident
873 674 930 737 sed
953 669 1080 736 adstant
1102 673 1255 736 convivis.
1290 669 1375 752 quod
1398 679 1494 734 autem

286 776 474 838 tBontleius
496 779 623 858 scripsit
645 771 661 838 ‘o
685 772 712 839 δ’
739 777 875 854 ἕκαστος,
899 796 1052 840 veremur
1075 795 1115 840 ne
1137 763 1314 857 protulerit¹
1339 772 1426 853 quod
1440 791 1495 834 oon

311 888 359 939 est
382 878 547 942 Graecum.
595 882 730 960 legimus
759 879 865 942 Iliadis
888 899 917 940 ιιι
941 879 1003 941 706
1026 879 1187 961 Odysseae
1210 896 1251 938 ιιι
1277 877 1315 936 46
1338 869 1428 959 ἡμεῖς
1449 873 1494 959 μὲν

309 973 346 1042 τὰ
367 980 480 1045 ἕκαστα
504 981 667 1064 διείπομεν,
691 982 851 1064 Odysseae
872 1003 912 1042 ιιι
933 983 993 1044 466
1017 973 1037 1066 ή
1059 1005 1105 1046 τοι
1127 975 1189 1065 4χὼ
1210 975 1248 1043 τὰ
1269 978 1383 1042 ἕκαστοι
1407 975 1495 1062 λέγειν

309 1077 441 1167 ἑτάροισι
462 1083 642 1170 πίφαυσκον,
673 1105 719 1147 ιιι
741 1085 803 1147 375
828 1080 891 1148 ἀλλ’
918 1082 948 1148 οἳ
970 1083 1022 1168 μὲν
1043 1080 1081 1149 τὰ
1103 1084 1216 1148 ἕκαστα
1236 1078 1409 1168 παρήμενοι
1434 1081 1495 1151 ἐξε-

308 1181 442 1273 ρέουσιν,
477 1207 610 1269 eamque
634 1186 762 1254 dicendi
793 1190 945 1252 rationem
974 1209 1047 1251 cum
1075 1189 1128 1250 alii
1158 1197 1269 1268 poetae
1292 1186 1407 1246 imitati
1430 1193 1496 1246 sunt

309 1310 387 1372 quos
404 1291 579 1354 Ludcvicus
594 1290 775 1354 Diodorlins
798 1293 830 1352 in
847 1292 995 1354 thesauro
1011 1291 1163 1372 Stephani
1187 1302 1210 1351 t.
1230 1307 1264 1350 ιιι
1285 1308 1318 1369 p.
1335 1290 1399 1350 366
1416 1306 1496 1349 eom-

309 1405 479 1473 memorat,
518 1405 584 1457 tum
613 1391 781 1476 Dionysius
812 1395 933 1475 perieg.
962 1394 1040 1474 473,
1079 1394 1226 1474 Orpheus
1255 1390 1373 1474 Argon.
1405 1392 1493 1463 4466,

308 1497 545 1579 Tryphiodorus
561 1498 634 1559 666.
661 1501 693 1559 in
710 1497 837 1560 Hesiodi
852 1499 1017 1576 theogonia
1041 1497 1117 1560 haec
1141 1497 1350 1558 inveniuntur
1372 1513 1406 1556 v.
1424 1493 1493 1570 676,

308 1599 336 1662 οἱ
360 1597 393 1662 δὲ
414 1600 535 1664 ἕκαστοι
557 1595 656 1664 ἴσασιν
679 1597 708 1662 οἳ
730 1591 766 1662 ἂν
788 1594 1045 1685 περιναιετάωσιν.
1085 1599 1143 1660 sed
1165 1597 1206 1662 ad
1222 1599 1417 1677 singularem
1441 1615 1498 1658 nu-

307 1721 431 1767 merum
459 1702 583 1775 ἕιιαστος
613 1703 757 1766 vocabuli
787 1707 856 1766 sine
886 1701 1084 1766 substantivo
1112 1704 1240 1764 nomine
1270 1701 1363 1782 positi
1388 1699 1495 1761 Graeci

307 1824 370 1868 nou
393 1806 545 1868 videntur
573 1806 735 1870 addidisse
764 1808 943 1870 articulum.
991 1807 1106 1886 nequis
1135 1815 1240 1867 tamen
1270 1803 1381 1865 credat
1404 1805 1497 1864 Bent-

305 1908 403 1970 leium
427 1910 533 1972 minus
556 1912 688 1989 cogitate
711 1911 841 1974 linxisse
864 1911 969 1991 qualia
992 1929 1150 1991 nusquam
1173 1908 1305 1987 legarat,
1330 1923 1498 1987 possumus

305 2010 475 2073 ostendere
498 2011 576 2092 quid
606 2015 634 2074 ei
658 2012 859 2077 obversatum
887 2015 939 2075 sit.
986 2031 1091 2092 neque
1114 2013 1199 2073 enim
1222 2009 1409 2074 dubitamus
1432 2027 1498 2070 me·

305 2115 436 2176 minisse
465 2133 537 2177 eum
565 2115 649 2196 quod
680 2116 802 2196 legerat
829 2116 989 2197 Odysseae
1011 2135 1040 2175 ιι
1064 2115 1125 2178 233
1157 2110 1190 2177 αἳ
1219 2111 1253 2176 hl
1281 2111 1497 2198 προμνηστῖναι

304 2214 452 2300 ἐπήισαν,
483 2211 560 2300 ἡδὲ
582 2213 692 2302 ἑκάστη
713 2210 768 2284 Ὃν
797 2214 884 2303 γόνον
914 2215 1101 2304 ἐξαγόρευεν.
1148 2218 1226 2280 haee
1255 2218 1340 2278 enim
1370 2217 1496 2296 vulgata

303 2321 377 2381 olim
402 2322 595 2401 exemplaria
618 2322 833 2403 praebebant:
865 2343 951 2386 nunc
974 2325 1092 2386 rectius
1114 2320 1267 2383 scribitur
1289 2314 1345 2404 ήδὲ
1368 2317 1493 2402 ἑκάστη,

303 2433 469 2503 postquam
500 2427 659 2505 cognitum
690 2435 737 2488 est
766 2427 906 2489 scholion
935 2425 1053 2488 codicis
1080 2424 1256 2503 llarleiani,
1287 2418 1320 2486 τὸ
1351 2420 1386 2486 δὲ
1413 2417 1435 2508 ἡ
1465 2421 1496 2484 tt

298 2520 491 2613 Ἀρίσταρχος
514 2527 596 2612 ψιλοῖ
618 2524 668 2591 καὶ
690 2528 718 2592 ol
741 2520 840 2593 didos.
881 2529 958 2592 illud
983 2528 1114 2591 fortasse
1132 2527 1274 2589 dubitari
1297 2537 1415 2608 potest,
1440 2525 1496 2588 ad-

302 2630 576 2709 quiescendumne
593 2633 634 2693 sit
651 2633 681 2692 in
698 2632 871 2694 Aristarchi
896 2633 1012 2696 iudicio
1027 2651 1067 2694 an
1083 2630 1288 2694 scribendum
1302 2624 1362 2713 ήδὲ
1385 2623 1496 2712 ἑκάστη

291 2721 346 2794 Ὃν
368 2727 455 2816 γόνον
478 2727 668 2819 ἐξαγόρευον,
693 2735 777 2815 quod
799 2755 902 2816 paene
924 2736 1025 2815 magis
1044 2735 1171 2798 videtur
1193 2753 1263 2796 esse
1280 2735 1493 2798 llomericum.

301 2834 360 2896 sed
383 2838 576 2900 revertimur
598 2836 637 2898 ad
661 2839 777 2900 lenem.
817 2837 903 2899 aliud
927 2857 1022 2919 quam
1041 2838 1182 2900 Bentleio
1203 2837 1322 2918 placuit
1339 2835 1496 2900 Lobeckio

300 2937 404 3000 Aiacis
427 2958 459 3019 p.
478 2941 558 3018 223,
589 2933 606 3002 b
628 2937 663 3002 δὲ
684 2933 798 3024 τρήσας
821 2937 910 3005 Οἶνον
932 2937 1014 3026 ἔχων
1035 2938 1150 3026 χειροῖν
1172 2938 1279 3010 νιζέτω
1300 2939 1344 3011 εἰς
1366 2937 1492 3026 ἔδαφος.

300 3060 363 3104 non
392 3043 545 3123 probatur
574 3043 666 3106 uobis
695 3061 887 3124 magnopere
915 3038 932 3108 ‘o
961 3037 1075 3129 κρήσας
1104 3053 1271 3124 postquam
1299 3043 1424 3108 dietum
1447 3055 1494 3108 est

299 3138 371 3228 ἡμῖν
396 3143 429 3208 hl
458 3142 577 3232 κρητῆρ’
610 3139 743 3230 οἰνοχόαι
771 3145 900 3231 θέραπες
927 3145 1110 3232 κιρνάντων,
1140 3165 1245 3227 neque
1274 3143 1356 3231 ἔχων
1379 3148 1494 3234 χειροῖν

299 3267 362 3308 non
386 3247 534 3329 displicet
556 3251 588 3310 in
613 3250 664 3311 illa
688 3268 783 3330 quam
806 3249 983 3316 Lobeelrius
1010 3251 1115 3312 ellecit
1136 3252 1288 3312 oratione.
1336 3253 1493 3312 commisit

298 3352 383 3412 enim
413 3370 553 3414 errorem
583 3373 653 3415 cum
682 3355 865 3434 conparavit
892 3352 977 3433 qnod
1006 3353 1178 3433 Euripides
1206 3353 1325 3415 dixerit
1355 3356 1390 3416 in
1419 3356 1491 3416 lone

297 3474 329 3517 v.
349 3456 430 3516 4487
453 3451 555 3540 χερσὶν
578 3455 694 3541 septos
716 3450 856 3527 σπονδάς.
904 3456 1070 3536 legebatur
1093 3457 1137 3518 ibi
1159 3458 1234 3520 olim
1257 3455 1343 3538 quod
1365 3459 1493 3540 Dupor-

295 3567 348 3619 tus
370 3558 467 3619 scribi
492 3560 627 3621 iusserat
655 3556 758 3644 χερσὶν
788 3557 923 3644 ἐκχέοντι
952 3557 986 3622 δὲ
1014 3554 1150 3631 Σπονδάς
1178 3554 1242 3643 μετ’
1276 3550 1380 3625 ἄλλον
1406 3556 1491 3625 παιδὶ

294 3664 336 3747 τῷ
358 3659 504 3747 πεφηνότι
527 3657 739 3748 Βλασφημῖαν
758 3686 801 3735 τις
830 3663 953 3726 οἰκετῶν
981 3661 1163 3749 ἐφθέγξατο,
1195 3666 1229 3726 in
1259 3663 1351 3727 libris
1383 3677 1433 3728 ast
1459 3665 1490 3728 4ν
1586 3647 1587 3660 ’

293 3761 403 3850 χερσ4ν,
426 3763 527 3851 ἔχοντι
550 3765 601 3841 δέ,
632 3785 745 3828 verum
775 3769 899 3828 invenit
929 3767 1101 3846 Canterus,
1133 3767 1166 3831 ἑν
1188 3767 1290 3852 χερσῖν
1315 3765 1420 3854 ἔχοντι
1442 3769 1487 3832 δι’.

293 3867 349 3929 sed
370 3867 490 3929 dixerit
512 3870 627 3949 aliquis
649 3863 751 3955 χερσὶν
774 3867 890 3954 ἐκχέων
913 3862 1053 3947 σπονδάς,
1078 3889 1140 3933 non
1164 3877 1397 3936 excusatur‘eo
1419 3875 1489 3936 lau-

293 3989 372 4050 guor
393 3971 543 4034 orationis
559 3991 652 4052 quam
671 3971 845 4034 Lobeckius
868 3974 931 4034 loni
956 3972 1085 4034 tribuit:
1112 3991 1217 4052 neque
1240 3975 1325 4036 enim
1345 3985 1489 4040 tantum-

293 4073 384 4134 modo
406 4075 521 4159 χειροῖν
545 4096 584 4137 ex
602 4075 778 4138 abundanti
794 4074 949 4153 additum,
975 4074 1032 4136 sed
1048 4085 1148 4138 toturn
1164 4076 1244 4140 illud
1265 4075 1347 4163 ἔχων
1370 4079 1487 4166 χειροῖν

290 4197 564 4259 supervacaneum
595 4189 626 4240 et
655 4178 747 4240 valde
777 4179 942 4241 molestum
973 4189 1032 4240 est.
1086 4179 1171 4258 quod
1200 4191 1306 4242 autem
1337 4185 1487 4263 sequitur
1586 4215 1587 4228 ι

290 4279 395 4350 νιζέτω
418 4281 461 4352 εἰς
483 4278 596 4366 ἔδαφος
611 4300 690 4361 quas
713 4279 827 4344 habeat
842 4279 1058 4345 dubitationes
1073 4293 1181 4362 postea
1196 4281 1368 4347 dicendum
1392 4285 1486 4348 nobis
1586 4293 1587 4362 ζ

289 4386 362 4446 erit.
402 4386 576 4446 omittimus
600 4383 705 4446 lutilos
727 4385 859 4446 aliomm
882 4387 1091 4462 coniecturas,
1116 4403 1222 4465 neque
1242 4386 1328 4466 quod
1343 4389 1485 4470 Toupius
1586 4379 1587 4440 ἶ

287 4490 381 4568 epist.
407 4490 477 4549 erit.
502 4507 535 4567 p.
554 4489 594 4548 96
619 4489 722 4550 Ionem
746 4489 913 4568 scripsisse
937 4490 1070 4568 putavit,
1096 4489 1321 4569 intempestiva
1343 4491 1397 4553 ille
1421 4493 1484 4554 llo-
1586 4505 1587 4508 ’
