3204 5104
334 340 408 413 332
630 355 719 414 lunen
742 371 907 414 tauricum
929 371 1107 414 merulana
1131 353 1225 412 tate.

333 545 465 606 alterum
494 545 658 625 interropet
685 560 733 604 cvi
760 559 847 602 nvom
876 541 963 602 illum
990 539 1173 622 respondere
1202 559 1262 602 non
1287 557 1392 622 posse,
1420 543 1504 602 satiris

334 649 392 708 erit
413 647 450 707 de
472 664 507 706 re
529 648 597 724 ipso
619 662 766 724 quaerere
787 653 848 705 etc.

420 749 615 810 Naturalium
639 748 857 826 quaestionum
882 765 891 806 ι
914 745 933 804 5
960 746 997 806 to
1021 746 1099 807 haec
1120 747 1238 826 scripta
1266 755 1358 824 sunt,
1388 748 1417 807 si
1433 746 1505 807 ullm

335 860 411 914 esset
438 853 471 912 in
500 869 577 910 arcu
605 849 703 926 color,
732 855 928 929 permaneret
954 855 982 909 et
1007 850 1158 910 viseretur
1186 867 1218 911 eo
1246 847 1505 930 manifestiusque

331 955 480 1037 propius:
503 971 585 1015 nuuc
600 954 698 1033 imopo
714 953 778 1013 eius
801 969 843 1011 en
865 951 1024 1032 lonqinquo
1047 952 1135 1013 claro
1156 953 1260 1013 interit
1280 969 1349 1014 mam
1368 969 1409 1012 eae
1422 952 1507 1012 urer'm

335 1065 456 1120 ventum
479 1063 534 1119 est.
581 1073 662 1134 quae
685 1054 794 1114 latina
816 1053 893 1114 fiant
915 1051 970 1115 ubi
995 1066 1115 1115 ventum
1138 1053 1309 1116 deleveris.

421 1157 608 1220 Earundum
637 1158 858 1236 quaestionum
881 1172 904 1215 ιι
934 1157 973 1216 27
1004 1157 1022 1216 3
1052 1155 1093 1218 de
1121 1155 1294 1219 tonitribus
1323 1157 1399 1218 baec
1425 1155 1506 1218 bodie

216 1317 222 1328 .
335 1262 504 1342 leguntur,
530 1259 616 1322 eliud
630 1277 724 1341 penus
740 1265 784 1320 est
798 1277 887 1334 acre,
913 1258 991 1339 quod
1012 1257 1155 1320 acerbum
1176 1277 1262 1342 mapa
1284 1259 1416 1321 dr'oeerim
1429 1277 1505 1340 quon

336 1381 497 1438 sonorum,
523 1362 641 1443 qualem
656 1361 766 1423 muira
787 1361 916 1423 solemus
938 1380 1007 1423 cum
1022 1379 1115 1442 super
1136 1369 1228 1442 copul
1248 1363 1380 1424 alimum
1400 1362 1509 1442 dirupto

337 1468 440 1528 vesica
468 1471 521 1527 est.
569 1465 602 1524 in
626 1465 677 1526 his
699 1465 836 1544 primum
866 1464 914 1525 eis
940 1462 1032 1525 libris
1059 1463 1237 1544 parendum
1260 1475 1328 1526 erat
1351 1465 1404 1544 qui
1425 1466 1508 1546 mapir

337 1567 510 1651 praebent:
548 1585 655 1646 neque
689 1566 774 1628 enim
807 1584 894 1649 inape
927 1567 1067 1628 Senecae
1100 1566 1308 1629 tribuendum
1341 1577 1398 1630 est.
1451 1575 1506 1627 tun

338 1682 444 1734 autern
468 1668 610 1732 acerbum
631 1678 695 1730 tam
718 1686 781 1730 non
804 1677 913 1749 aptum
937 1687 1006 1730 esse
1029 1668 1173 1748 videtur,
1205 1680 1315 1734 contra
1344 1680 1406 1730 tam
1427 1687 1508 1749 prae·
1581 1727 1582 1732 ,

338 1775 423 1836 clare
449 1773 599 1834 Erasmus
628 1773 775 1852 crepitum
804 1771 946 1852 scripsit,
979 1782 1015 1833 ut
1043 1771 1224 1834 mirandum
1250 1773 1293 1834 sit
1321 1774 1507 1834 instauratam

229 1929 236 1944 .
338 1895 409 1940 esse
425 1893 520 1955 quam
536 1874 591 1935 ille
605 1874 727 1936 aluerat
742 1874 907 1936 maculam.
947 1893 1019 1935 nam
1036 1876 1159 1936 etiamsi
1182 1874 1341 1951 acerbum,
1367 1884 1401 1936 ut
1418 1865 1508 1958 πικρόν

339 1981 547 2056 Graecorum,
579 1974 620 2038 de
644 1993 718 2037 sono
747 1995 874 2056 quoquc
902 1976 1036 2056 dicitur,
1069 1977 1335 2058 quemadmodum
1357 1975 1438 2058 apud
1458 1977 1509 2036 Ln-

340 2081 474 2144 cratium
503 2097 526 2140 ιι
556 2079 617 2140 tto
647 2097 753 2140 serrae
782 2079 938 2141 stridentis
968 2079 1110 2142 cambum
1136 2079 1296 2142 horrorem
1328 2081 1457 2160 legimus
1485 2087 1509 2138 et
1581 2127 1582 2144 ι

339 2183 424 2264 apud
452 2183 558 2263 ipsum
580 2182 733 2242 Senecam
757 2183 814 2262 Ep.
841 2181 881 2242 56
905 2182 924 2241 5
949 2185 1135 2264 pausarium
1162 2201 1233 2245 uoce
1258 2182 1450 2245 acerbissimo
1468 2199 1509 2240 re-

340 2285 468 2368 mipibus
484 2284 585 2346 modos
599 2285 738 2360 dantur,
763 2294 869 2346 tamen
892 2303 988 2347 sonus
1010 2287 1123 2348 similis
1145 2284 1303 2364 displosas
1325 2287 1445 2347 vesicae
1458 2301 1509 2344 non
1581 2295 1582 2356 ζ

339 2387 470 2450 videtur
498 2405 589 2467 posse
617 2384 752 2448 acerbus
782 2388 899 2448 vocari.
952 2398 1118 2468 praeterea
1144 2397 1251 2450 autem
1274 2386 1360 2468 quod
1381 2388 1509 2466 sequitur
1581 2395 1582 2398 ’

340 2490 460 2572 protem
482 2487 619 2550 ostendit
641 2487 838 2552 substantiva
862 2490 1004 2568 nomina,
1030 2509 1093 2552 non
1116 2489 1273 2552 adieetiva
1296 2490 1506 2570 praecessisse:
1581 2467 1582 2534 Ῐ

342 2593 476 2655 ridicule
499 2594 585 2654 enim
608 2600 738 2671 putatur
766 2611 806 2654 ex
829 2611 865 2652 eo
889 2592 973 2672 quod
996 2593 1151 2674 scriptum
1174 2603 1222 2654 est
1243 2612 1387 2654 serrorum
1408 2591 1509 2670 cogita·

339 2698 427 2758 tione
450 2693 661 2774 repetendum
684 2713 754 2756 esse
777 2713 894 2756 sonum.
941 2698 1066 2757 saniore
1088 2694 1204 2758 iudicio
1227 2697 1377 2758 Erasmus
1398 2696 1451 2756 boe
1469 2695 1510 2772 ip

341 2818 411 2862 sum
435 2816 541 2860 sonum
563 2797 706 2876 scripsit,
731 2816 837 2877 neque
860 2799 954 2878 plane
977 2799 1047 2859 sine
1064 2796 1165 2858 libris.
1213 2798 1269 2860 sed
1294 2799 1410 2859 rectius
1429 2805 1508 2874 etque

341 2901 571 2981 significantius
586 2898 762 2962 scribemus
777 2919 924 2962 sonores.
950 2901 1182 2962 Onomasticum
1195 2911 1289 2962 vetus
1300 2919 1392 2962 sonor
1406 2895 1507 2985 βρόμοι-

343 3023 379 3065 eo
401 3000 554 3064 vocabulo
575 3021 639 3063 non
661 3012 784 3064 tanturn
806 3005 969 3066 Lucretius
984 3003 1207 3082 Vergiliusque
1232 3005 1279 3066 usi
1303 3013 1392 3080 sunt,
1417 3017 1508 3063 rerun

343 3107 436 3167 etiam
461 3106 630 3184 scriptores
652 3123 716 3166 non
738 3105 835 3185 nulli,
860 3107 959 3168 veluti
982 3107 1117 3167 Tacitus.

429 3207 550 3269 Eodem
571 3207 654 3268 libro
675 3227 698 3268 ιι
721 3209 762 3269 39
787 3210 804 3268 l
836 3210 943 3288 inepte
973 3207 1125 3269 scribitur
1146 3209 1358 3270 consiliarium
1383 3201 1510 3286 estquod

344 3313 487 3394 capitanii
503 3309 620 3391 foetum
642 3317 702 3384 est,
727 3312 919 3372 monitorium
941 3309 1020 3390 quod
1041 3309 1117 3372 nibil
1132 3312 1284 3392 copitunti.
1324 3309 1412 3372 babet
1430 3315 1508 3370 ntem

343 3422 473 3494 utroque
502 3430 552 3474 res
580 3431 669 3472 suam
697 3414 928 3493 proprietatem:
958 3413 1106 3474 suadetur
1134 3411 1373 3475 deliberantibus
1402 3421 1427 3475 et
1444 3411 1508 3472 ultro

343 3523 514 3577 monentur.
561 3515 701 3576 Senecae
724 3524 771 3576 est
793 3534 830 3576 ιτ
852 3516 933 3577 ultro
955 3533 1102 3577 nonervn.

431 3616 549 3680 Eodem
572 3617 653 3679 libro
676 3637 698 3678 ιι
720 3617 795 3678 593
821 3619 959 3697 primum
983 3617 1060 3678 baec
1082 3616 1250 3695 dicuntur,
1276 3627 1426 3681 contemne
1443 3631 1509 3676 nor-

345 3728 419 3797 tem,
445 3728 472 3782 et
494 3722 595 3782 omnio
617 3739 695 3800 piae
716 3720 757 3781 od
779 3729 903 3782 mortem
925 3721 1040 3782 damu
1061 3728 1227 3801 conumpto
1249 3729 1339 3796 sunt,
1369 3725 1430 3784 sice
1447 3715 1507 3776 bello

345 3831 418 3884 sunt
439 3841 492 3885 seu
514 3822 684 3905 nousropie
705 3841 759 3884 seu
780 3841 901 3885 morsus
913 3822 1055 3904 ferorum
1078 3841 1131 3884 seu
1146 3825 1312 3885 ruinosum
1329 3823 1422 3886 subito
1437 3823 1507 3900 lapsu

342 3925 564 4006 procidentium
583 3925 732 4006 pondera.
779 3925 926 4007 numquid
955 3927 1087 4006 amplius
1106 3926 1211 4006 facere
1232 3936 1361 4008 possunt
1389 3943 1467 4006 quon
1484 3927 1509 3980 tl

345 4047 455 4109 corpus
478 4028 516 4089 ab
539 4029 640 4089 animo
662 4027 859 4089 resolvatur?
880 4026 934 4090 noc
955 4030 1043 4092 nullo
1065 4029 1222 4110 dilipentio
1244 4031 1353 4106 euitat,
1379 4027 1456 4090 nullo
1471 4021 1507 4104 [a

347 4132 446 4193 licitos
474 4131 580 4206 simut,
611 4130 700 4191 nullu
726 4131 859 4210 potentio
888 4132 1006 4192 evincit.
1066 4132 1181 4192 mirum
1216 4141 1264 4193 est
1291 4150 1395 4212 nuper
1424 4129 1504 4192 neu.

305 4258 336 4304 ts
348 4232 434 4313 quod
448 4231 524 4294 libri
539 4251 615 4295 sane
633 4231 766 4310 babent,
792 4221 971 4312 repetitum¹
995 4251 1064 4295 esse
1083 4244 1291 4314 spretumque
1307 4234 1419 4309 domat,
1440 4223 1506 4311 quod

347 4344 432 4396 recto
459 4335 576 4398 iudicio
598 4336 748 4396 Erasmus
776 4335 890 4415 posuit.
937 4346 1005 4397 tum
1035 4336 1112 4398 baec
1139 4337 1258 4417 scripta
1287 4345 1361 4412 sunt
1388 4336 1417 4395 in
1443 4329 1506 4392 libro

346 4437 560 4518 Berolinensi,
587 4438 660 4500 teliu
677 4439 770 4500 corio
787 4437 952 4518 formuline
966 4438 1100 4518 disponit
1112 4455 1195 4500 mors
1211 4457 1313 4501 omnes
1327 4456 1415 4522 oeque
1428 4437 1503 4496 cocol-
