3204 5104
340 368 413 442 396
632 384 722 444 Ικιιειι
745 398 910 444 sacriora!
931 398 1116 444 arenarum
1135 382 1227 444 laea.

339 571 510 652 adscripsit
538 589 636 652 quam
659 571 769 634 Lucilii
801 589 870 632 esse
900 577 1037 646 constat,
1069 572 1199 632 verb'tar
1228 571 1377 652 oenofort's
1395 571 1507 654 fundas,

339 677 487 737 scatentia
507 673 603 736 ochas.
651 675 721 736 Ser.
740 673 901 754 Sulpicius
924 670 1021 733 Galba
1044 673 1077 732 L.
1102 669 1252 736 Aurelius
1275 674 1363 737 Cotta
1384 676 1528 738 consules·

339 777 470 841 luerunt
490 795 573 838 anuo
594 775 636 838 ab
657 775 739 839 urbe
763 774 889 838 condita
911 789 981 836 εον.

424 877 521 942 Aliud
549 880 730 961 exemplum
760 876 923 958 proverbii
952 877 1038 958 quod
1064 879 1194 959 apologo
1221 880 1328 960 specie
1355 881 1451 942 simile
1471 890 1510 940 est

340 982 504 1044 Petronius
520 1001 589 1063 cap.
608 981 647 1043 lh
667 980 809 1063 praebet.
851 978 1065 1060 Ganymedem
1081 982 1115 1042 in
1131 982 1275 1044 convivio
1291 983 1511 1045 Trimalchionis

342 1085 440 1147 multa
463 1084 504 1146 de
528 1085 669 1147 coloniae
692 1081 925 1146 calamitatibus
948 1091 1095 1162 questum
1120 1083 1239 1146 Echion
1263 1087 1456 1148 centonarius
1476 1086 1511 1146 ita

339 1187 533 1264 consolatur,
562 1185 662 1250 ‘modo
685 1185 745 1262 sie,
770 1183 856 1248 mado
878 1185 934 1248 sie'
958 1186 1057 1268 tepuit
1076 1184 1230 1264 rusticas‚·
1259 1190 1383 1250 variam
1401 1205 1512 1270 param

336 1289 526 1372 perdiderat.
566 1290 644 1371 quod
659 1289 745 1351 hodie
759 1307 820 1350 aaa
835 1296 880 1350 est
900 1307 972 1350 cras
994 1291 1071 1350 erit.-
1094 1289 1138 1351 sic
1153 1291 1218 1352 vita
1232 1290 1381 1352 traditur.
1417 1277 1511 1370 siquis¹

314 1395 373 1454 tiu
403 1393 590 1456 Germanico
618 1393 724 1472 aliquo
754 1389 836 1453 libro
865 1391 928 1453 tale
958 1391 1165 1472 proverbium
1194 1393 1334 1473 legeret,
1368 1391 1449 1455 ‘bold
1473 1411 1509 1468 so,

338 1495 411 1558 bald
432 1496 479 1558 ια’
503 1503 587 1578 septe
609 1495 665 1557 der
679 1493 795 1569 bauer,·
818 1511 853 1554 er
874 1493 955 1555 batte
977 1496 1026 1555 eia
1048 1493 1153 1557 dantes
1165 1491 1264 1575 seriel
1281 1496 1436 1570 uerior-ea,
1457 1513 1512 1555 nou

226 1651 230 1659 .
339 1607 509 1679 quaereret
537 1597 632 1659 anxie
660 1613 718 1659 cur
738 1597 847 1658 varius
875 1598 1074 1676 potissimum
1103 1615 1219 1678 porcus
1240 1606 1514 1660 conmemoraretur

338 1711 444 1782 neque
467 1701 568 1763 tristis
590 1699 687 1761 vellet
716 1717 786 1761 esse
816 1697 1023 1761 ridiculorum
1044 1701 1236 1762 aestimator.
1284 1699 1343 1762 sed
1366 1701 1397 1762 in
1419 1700 1513 1762 Latino

338 1802 510 1884 proverbio
532 1803 634 1864 haesit
655 1818 761 1882 nuper
774 1801 826 1862 vir
848 1801 994 1864 eruditus
1008 1803 1206 1882 coniecitque
1229 1802 1432 1865 scribendum
1453 1821 1513 1864 esse

337 1908 502 1968 ποιμαίνει
520 1921 659 1986 peresam.
707 1922 769 1965 nou
792 1905 894 1985 potuit
917 1905 1112 1966 comminisci
1126 1904 1213 1985 quod
1229 1915 1315 1968 esset
1337 1905 1511 1968 mirabilius.

337 2027 409 2071 uam
432 2009 460 2070 si
482 2007 657 2089 paullulum
674 2008 856 2087 cogitasset,
882 2007 1094 2069 intellexisset
1109 2007 1232 2070 nullum
1248 2025 1318 2070 esse
1340 2027 1429 2089 posse
1449 2027 1514 2090 por-

338 2129 410 2174 cum
433 2112 608 2173 usuarium.

425 2213 543 2274 Graeca
565 2211 735 2293 proverbia
759 2229 823 2273 non
846 2229 945 2293 pauca
968 2213 1054 2273 illam
1069 2212 1202 2274 formam
1224 2213 1375 2277 habuisse
1396 2211 1466 2274 iude
1486 2211 1514 2272 ht

338 2315 504 2398 probabile
536 2313 620 2396 quod
649 2315 772 2377 adiecta
801 2316 860 2378 ista
889 2314 974 2376 dicto
1003 2316 1097 2378 alicui
1126 2318 1263 2378 auctoris
1293 2318 1411 2378 mentio
1432 2333 1514 2378 suum

339 2417 478 2481 habebat
492 2431 608 2480 nornen
625 2418 752 2498 epilogi.
792 2419 912 2498 quippe
928 2418 1103 2498 Hesychius
1118 2419 1196 2480 haee
1212 2417 1309 2497 dicit,
1335 2413 1406 2483 αύτύ
1422 2416 1511 2487 δείξει·

336 2519 484 2606 παροιμία
512 2517 569 2590 ἔξω
595 2523 648 2584 τού
670 2514 812 2604 iuthi-{ou
841 2518 1008 2604 λεγομένη,
1038 2509 1075 2603 ἧς
1105 2517 1285 2604 μνημονεύει
1313 2517 1365 2585 καὶ
1387 2513 1512 2585 Πλάτων.

339 2625 424 2686 ΡΙαιο
440 2626 472 2684 in
489 2624 658 2686 Theaeteto
674 2643 707 2704 p.
726 2624 787 2686 200
812 2615 828 2686 ὃ
843 2616 894 2685 τὸν
909 2617 1042 2705 ποταμὸν
1058 2618 1305 2708 καθηγούμενος,
1330 2615 1512 2706 &decit-ars,

337 2725 397 2812 ἔφη
428 2717 488 2811 ἄρα
517 2723 620 2796 δείξειν
650 2719 734 2788 αύτύ.
787 2725 925 2806 explicat
951 2725 1157 2806 proverbium
1186 2721 1371 2791 scholiastes
1399 2749 1431 2809 p.
1461 2729 1514 2787 ato

338 2831 453 2908 Bekis,
483 2823 532 2891 tal
552 2831 611 2892 τῶν
634 2827 669 2891 ἐκ
690 2830 743 2912 τῆς
765 2825 869 2912 πείρας
891 2827 1129 2912 assumpturos.
1177 2825 1340 2894 κατιόντων
1362 2825 1418 2915 γάρ
1438 2841 1514 2893 traua

338 2932 381 3004 ela
402 2926 536 3015 ποταμὸν
557 2925 631 3015 πρὸς
652 2925 685 2993 τὸ
710 2930 892 3015 διαπερᾶσαι
911 2921 1001 3014 ἤρετό
1021 2951 1065 3003 τις
1080 2926 1131 2994 τὸν
1146 2927 1370 3017 προηγούμενον
1386 2933 1412 2997 εἰ
1433 2930 1515 3018 βάθος

336 3031 404 3120 ἔχει
425 3029 458 3098 τὸ
482 3025 581 3118 ύθιορ,
604 3022 623 3096 θ
647 3029 681 3095 δὲ
702 3029 762 3118 ἔφη
789 3027 893 3097 ’ἀύτὸ
918 3032 1037 3105 δείξει.”
1082 3037 1219 3116 scriptor
1240 3038 1447 3116 epistularum
1468 3035 1514 3116 qui

337 3136 558 3199 Aristaenetus
581 3135 659 3198 ialso
681 3135 799 3200 dicitur
821 3138 872 3197 ri
901 3132 978 3220 πλὴν
1005 3131 1108 3202 “airh
1137 3135 1247 3208 8είξει”
1277 3132 1293 3201 ὁ
1324 3134 1374 3203 τὸν
1396 3133 1515 3220 ποταμὸν

337 3235 565 3323 καθηγούμενος
593 3236 665 3324 ἔφη.
712 3257 809 3319 quem
832 3241 1004 3321 sumpsisse
1028 3239 1061 3301 id
1084 3257 1102 3302 a
1125 3241 1250 3304 Platone
1273 3258 1338 3303 nou
1362 3255 1409 3305 est
1430 3241 1516 3305 dahi-

337 3340 486 3405 tandum:
520 3342 578 3405 sed
608 3361 679 3405 cum
708 3342 824 3423 epilogi
853 3341 951 3404 lorma
974 3343 1076 3405 utitur
1097 3343 1262 3424 vulgarem
1285 3347 1430 3426 sequitur
1450 3363 1516 3425 pre

338 3444 543 3508 terendorum
561 3444 717 3506 eiusmodi
740 3443 981 3525 proverbiorum
998 3445 1273 3508 consuetudinem.
1313 3447 1516 3510 hebetantem

339 3549 397 3610 hoe
419 3548 514 3610 etiam
537 3546 743 3628 proverbium
764 3546 887 3628 aliquid
903 3547 1012 3612 faceti:
1038 3565 1112 3611 nam
1127 3549 1155 3610 si
1170 3547 1304 3612 fluvium
1327 3559 1517 3613 transeuntes

338 3669 380 3712 ex
400 3649 482 3712 vado
506 3650 538 3711 in
561 3648 751 3730 profundam
773 3667 887 3730 aquarn
911 3650 1074 3730 incidunt,
1107 3669 1177 3713 seno
1201 3652 1236 3713 iit
1258 3655 1514 3734 experimentum.

338 3771 444 3834 neque
467 3754 523 3834 qui
547 3751 747 3832 experiundo
769 3754 939 3815 transitum
961 3761 1094 3834 temptat
1116 3751 1181 3816 dux
1201 3761 1251 3816 est
1272 3758 1323 3818 cui
1347 3765 1413 3819 tuto
1434 3755 1514 3817 lidas.

337 3874 401 3918 non
425 3865 474 3919 est
495 3864 602 3918 autem
625 3853 705 3918 illud
728 3849 801 3918 αύτύ
825 3853 931 3933 δείξει,
956 3858 1007 3918 cui
1025 3852 1140 3918 similia
1161 3853 1222 3919 alia
1243 3855 1448 3922 dicebantur.
1472 3875 1517 3919 or-

338 3967 405 4021 tum
422 3959 537 4020 ernisto
553 3958 637 4018 viam
653 3975 713 4039 per
726 3957 860 4021 fluvium
876 3959 1081 4022 monstrantis
1103 3958 1204 4038 dieto,
1230 3959 1288 4022 sed
1310 3963 1430 4044 aceepit
1450 3959 1515 4024 iude

338 4060 459 4142 aliquid
481 4060 611 4140 leporis.

424 4160 632 4224 Proverhium
655 4172 724 4225 erat
745 4159 827 4235 οἶκος
849 4161 952 4249 φίλος,
980 4161 1061 4236 οἶκος
1084 4153 1213 4249 ἄριστος.
1261 4166 1426 4231 iuvenitur
1447 4161 1515 4228 illud

337 4268 371 4328 iu
409 4265 535 4327 oraculo
567 4265 717 4346 Delphico
751 4265 836 4346 quad
871 4282 889 4328 e
921 4265 1092 4330 Pausaniae
1126 4268 1238 4330 Lexico
1269 4269 1453 4333 Eustathius
1482 4265 1514 4330 ad

337 4370 373 4430 lt.
398 4369 517 4430 [11828
546 4386 579 4448 p.
605 4367 667 4428 309
694 4369 765 4431 Bas.
791 4370 853 4430 408
876 4371 964 4430 Rom.
996 4368 1116 4448 adieri,
1149 4364 1235 4455 osopi
1256 4366 1418 4458 Γεφυραύῳ
1446 4369 1514 4442 οἶκος

336 4468 442 4556 φίλος,
473 4467 556 4541 οἶκος
585 4459 716 4555 ἄριστος.
770 4483 825 4534 aut
853 4481 1015 4553 sumptum
1044 4481 1092 4536 ast
1121 4472 1327 4555 proverbium
1359 4495 1399 4538 ex
1422 4475 1513 4538 labala
1583 4519 1584 4548 ,
