3240 5094
337 421 410 498 430
632 437 719 502 ianm
741 455 906 503 merrom
929 454 1112 502 consessura
1131 437 1222 501 illio.

334 624 473 706 ἐνύπνιας
505 630 602 692 [alsus
631 639 679 693 ost
700 628 910 693 lloissonadus
939 649 1011 692 cum
1041 629 1073 692 in
1103 629 1265 692 Sebaelerl
1287 629 1429 710 Gregorio
1451 629 1501 691 Co

335 734 454 796 rinthio
475 753 508 815 p.
535 733 596 794 lid
626 732 833 796 scribendum
856 751 926 795 esse
948 734 1072 814 putavit
1093 727 1174 796 ἀλλὰ
1193 735 1289 816 γῆρας
1313 727 1349 816 δὴ
1369 727 1497 817 ἡγοῦμαι.

337 838 431 898 immo
453 837 598 900 concedit
619 837 755 918 scriptor
777 837 810 898 in
832 837 1042 918 procellarum
1065 834 1334 917 descriptionibus
1355 847 1384 898 et
1405 839 1433 898 in
1449 837 1503 918 Gy-

336 941 443 1022 olopea
465 941 600 1021 aliisque
627 939 819 1021 quibusdam
841 937 1015 1022 odysseam
1037 958 1100 1001 non
1123 941 1230 1002 minus
1252 939 1369 1002 babere
1390 939 1505 1023 μέγαθος

336 1062 431 1126 quam
447 1043 593 1122 iliadem,
618 1043 676 1106 sed
698 1043 739 1106 de
762 1044 810 1106 eis
830 1061 866 1105 se
888 1043 966 1106 dicit
980 1041 1140 1104 disserere
1156 1061 1237 1124 quae
1259 1059 1368 1106 senem
1382 1043 1504 1125 prodant

336 1147 516 1209 llomernm.
563 1163 636 1208 mox
656 1141 706 1210 reia
728 1141 778 1209 tat
797 1149 850 1210 τοῦ
868 1145 1012 1230 ναυαγίου
1035 1141 1101 1232 δίχ’
1118 1137 1356 1231 ἡμέρας-ἄσιτον
1379 1157 1458 1208 recte
1478 1157 1506 1208 et

336 1251 504 1331 perspicue
527 1248 647 1311 dictum
670 1259 719 1311 est
740 1269 846 1330 neque
869 1269 940 1312 cum
963 1249 1060 1312 'lollio
1080 1245 1224 1314 Ὀδυσσέα
1247 1260 1318 1332 post
1340 1241 1434 1313 ἄσιτον
1454 1249 1506 1311 ad-

337 1351 477 1426 dendum
500 1361 555 1416 aut
577 1351 782 1416 scribendum
804 1347 859 1437 rip
874 1387 918 1398 -
932 1348 1066 1430 (latrice,
1091 1353 1177 1434 quod
1192 1371 1383 1434 quamquam
1404 1355 1506 1416 eximio

335 1457 404 1519 viro
419 1455 562 1518 Dobraeo
576 1454 658 1518 adv,
677 1475 687 1517 1
706 1477 738 1538 p.
757 1457 819 1517 565
843 1457 876 1518 in
899 1467 1036 1518 mentem
1052 1458 1157 1536 venit,
1184 1457 1280 1519 multo
1296 1467 1399 1520 mmen
1414 1459 1506 1519 minus

336 1560 440 1642 plaoet
461 1577 556 1640 quam
579 1559 665 1639 quod
687 1559 839 1622 traditum
861 1569 921 1622 est.
960 1559 1018 1622 sed
1041 1560 1152 1622 ultima
1174 1579 1256 1642 quae
1279 1559 1503 1642 adscripsimus,

336 1665 388 1728 τοῦ
411 1657 480 1734 Διὸς
502 1655 644 1740 ἐνίατνια,
674 1681 737 1725 non
766 1673 898 1743 possunt
920 1663 1071 1744 intellegi.
1119 1663 1278 1726 Weiskius
1311 1662 1398 1744 (narn
1420 1664 1506 1726 ceteri

336 1766 456 1850 tacent)
489 1785 523 1828 se
551 1765 759 1848 adquiescere
782 1765 859 1828 dicit
881 1767 913 1828 in
937 1767 1057 1828 Petrae
1076 1767 1354 1848 interpretatione,
1386 1767 1438 1849 qui
1456 1765 1508 1828 ad-

337 1870 458 1932 notavit
486 1867 590 1931 videri
619 1871 767 1950 antiquos
795 1868 954 1950 quidquid
982 1869 1090 1932 dicere
1112 1871 1233 1932 vellent
1262 1872 1294 1932 in
1324 1891 1381 1934 suo
1403 1889 1507 1952 genere

338 1973 489 2035 eximium
519 1991 589 2034 esse
611 1973 675 2033 lovi
701 1971 851 2035 tribuisse
875 1974 1124 2054 memoravitque
1147 1968 1216 2045 Διὸς
1238 1972 1422 2060 ἐγκέφαλον,
1449 1983 1506 2034 tum

338 2069 407 2147 Διὸς
421 2069 519 2160 γάλα,
544 2075 629 2156 quod
644 2074 730 2138 unde
753 2077 926 2158 sumpserit
948 2095 1010 2137 non
1034 2077 1134 2157 liquet
1142 2077 1168 2158 *l
1201 2075 1282 2158 (uam
1298 2071 1425 2163 ὀρνίθων
1438 2071 1507 2161 γάλα

337 2180 484 2241 novimus
506 2189 537 2240 et
558 2178 778 2260 Aristophanis
800 2179 992 2241 versiculum
1014 2171 1088 2263 ἡδύς
1109 2201 1145 2264 γε
1165 2178 1259 2244 πίνειν
1282 2178 1382 2259 σίνος,
1408 2176 1507 2266 Ἄρρο-

338 2279 420 2364 δίτης
441 2278 550 2365 γάλα),
582 2281 723 2362 denique
746 2277 815 2354 Διὸς
839 2272 947 2358 ἄνθος,
979 2283 1065 2363 quod
1087 2301 1158 2346 curn
1174 2269 1262 2346 'lovis
1284 2284 1432 2365 cerebro,
1460 2303 1509 2346 ox-

337 2386 526 2466 quisitorum
546 2383 688 2447 ciborum
705 2385 849 2467 nomine,
875 2405 937 2448 non
954 2395 1062 2466 ‚potest
1077 2389 1261 2468 conparari,
1286 2407 1323 2449 ao
1345 2407 1421 2450 sane
1440 2405 1510 2448 neu-

313 2497 422 2556 otrum
439 2489 539 2568 magis
553 2497 655 2569 potest
671 2507 741 2551 oum
764 2489 895 2551 somniis
910 2489 1002 2550 lovis.
1041 2489 1168 2551 omnino
1189 2501 1295 2553 autem
1317 2477 1507 2573 perab¹surda

338 2599 386 2652 est
419 2591 473 2653 illa
506 2593 737 2672 interpretatio.
795 2611 868 2654 nam
902 2593 929 2653 si
963 2590 1087 2654 fabulae
1123 2593 1201 2655 istae
1235 2592 1421 2657 dicerentur
1450 2587 1509 2663 Διὸς

337 2690 462 2758 ἐνύπνια
483 2704 591 2776 utpote
614 2713 697 2775 quae
719 2695 854 2758 eximiae
870 2704 977 2757 esseut
993 2705 1023 2757 et
1041 2695 1219 2776 praeclaras
1233 2697 1427 2777 praeberent
1442 2701 1509 2758 ima-

338 2798 444 2878 gines,
470 2797 653 2860 laudaretur
676 2798 846 2878 Homerus,
875 2817 970 2880 quem
993 2796 1125 2880 adparet
1146 2799 1286 2879 graviter
1309 2801 1362 2862 hie
1383 2812 1415 2864 et
1435 2817 1509 2862 more

338 2919 439 2982 paene
463 2902 537 2962 Zoili
560 2902 746 2983 vituperari.
787 2920 850 2963 non
873 2901 1055 2964 dubitamus
1076 2903 1219 2964 lahnium
1240 2905 1294 2967 τοῦ
1309 2898 1380 2976 Διὸς
1401 2896 1509 2968 ἐνύπνια

338 3013 424 3066 reete
446 3013 483 3066 ut
505 3003 713 3086 depravatum
735 3015 870 3068 notasse.
910 3005 1029 3068 dixerit
1049 3005 1165 3086 aliquis
1180 3007 1212 3068 in
1235 3008 1405 3088 proverbio
1421 3026 1509 3089 quan-

336 3107 453 3170 tumvis
482 3107 616 3170 obscuro
645 3107 916 3189 adquiescendum
944 3127 1025 3172 esse.
1072 3127 1135 3170 uon
1165 3097 1301 3190 prorsus'
1323 3123 1443 3174 eertum
1470 3119 1509 3171 est

338 3209 543 3292 proverbium
566 3211 617 3272 hio
637 3211 766 3292 aliquod
787 3211 918 3274 adferri.
957 3230 1030 3274 nam
1052 3215 1095 3298 τῷ
1115 3203 1179 3275 ίίντι
1200 3223 1232 3274 et
1254 3203 1346 3286 ὄντος
1362 3213 1509 3278 adduntur

337 3311 468 3396 quidem
483 3313 687 3395 saepedictis
709 3315 906 3396 pervulgatis
921 3324 953 3377 et
967 3314 1238 3396 proverbialibus,
1263 3317 1323 3379 sed
1344 3317 1428 3380 haud
1449 3335 1509 3378 raro

337 3417 432 3480 otiam
454 3419 643 3499 simpliciter
670 3417 823 3482 dicuntur
845 3419 877 3480 in
899 3417 1158 3498 adseveratione,
1188 3419 1288 3482 veluti
1312 3421 1444 3502 legimus
1464 3439 1509 3480 ea-

338 3521 404 3600 pite
419 3539 497 3582 xxxu
516 3541 547 3602 p.
566 3521 605 3582 53
630 3515 764 3607 νήφοντα
785 3515 862 3606 γάρ,
887 3519 979 3607 φασί,
1004 3517 1074 3586 θεὸν
1097 3511 1129 3586 τὸ
1153 3513 1234 3608 ὕδωρ
1256 3523 1374 3608 λέγειν,
1398 3521 1507 3587 κόλασιν

338 3619 372 3686 δὲ
398 3617 452 3708 τὴν
482 3625 604 3708 κρᾶσιν,
635 3627 759 3708 ποιητοῦ
784 3633 863 3697 τίνος
890 3626 934 3711 τῷ
963 3615 1025 3688 ὄντι
1052 3619 1121 3711 οὐχί
1149 3621 1298 3712 νήφοντοςΙ
1323 3627 1413 3692 ἐστιν.
1460 3623 1507 3689 sed

338 3735 422 3805 θοίνη
455 3727 574 3790 indicet
602 3731 645 3814 τῷ
667 3719 730 3792 ὄντι
751 3728 871 3791 dictum
895 3728 1022 3810 aliquod
1051 3728 1268 3810 proverbiale:
1300 3732 1397 3794 nimis
1417 3741 1508 3792 tamen

339 3829 528 3892 incredibile
551 3840 599 3894 ost
619 3825 729 3916 λήροις
752 3833 785 3894 in
800 3831 970 3912 proverbio
989 3831 1089 3894 dictos
1104 3853 1174 3896 esse
1191 3833 1271 3896 lovis
1286 3836 1423 3896 somnia:
1447 3849 1508 3896 sam

339 3931 381 4004 τίς
404 3935 495 4019 λῆρον
518 3929 594 3998 κατὰ
615 3929 669 4020 τήν
692 3930 833 4020 ἀπακρήν
854 3930 893 3999 τὰ
914 3937 1091 4021 ριγαλοφοῆ
1118 3936 1365 4022 παρατρέπεσθαι
1393 3935 1510 4000 docetur

339 4035 516 4100 tabularum
539 4039 664 4102 illarum
680 4041 914 4102 llomericarum
931 4039 1097 4120 exemplis.
1144 4039 1231 4120 quod
1252 4043 1338 4102 enim
1362 4039 1444 4123 apud
1458 4041 1510 4100 llo-

338 4159 462 4204 merum
485 4151 532 4204 est
554 4139 606 4206 aad
626 4135 684 4229 γάρ
706 4138 732 4206 τ’
759 4132 834 4227 drop
856 4142 890 4205 ἐκ
906 4138 975 4214 Διός
998 4142 1095 4220 ἐστιν,
1119 4143 1153 4205 id
1175 4145 1237 4206 buc
1257 4163 1321 4206 uon
1345 4155 1446 4226 potest
1466 4159 1509 4203 re-

339 4244 435 4324 ierri,
465 4244 521 4308 ubi
550 4265 652 4326 nugae
675 4247 895 4328 significantur
924 4255 956 4308 et
976 4266 1057 4308 vana
1086 4257 1141 4310 aut
1162 4257 1367 4328 praepostera
1389 4247 1504 4310 somnia.

337 4357 460 4412 tantum
482 4358 588 4412 autem
609 4349 698 4414 abest
719 4361 755 4414 ut
777 4353 958 4432 repperisse
981 4349 1074 4412 nobis
1087 4349 1255 4413 videamur
1275 4351 1355 4432 quid
1377 4352 1427 4414 hio
1444 4350 1506 4412 olim

338 4454 491 4534 scriptum
515 4452 629 4534 luerit,
654 4464 689 4518 ut
711 4472 813 4535 paene
837 4453 1080 4517 reformidemus
1101 4453 1208 4518 dicere
1231 4456 1264 4517 ia
1288 4473 1383 4536 (ροοιο
1399 4451 1506 4517 incide-

407 4611 430 4672 ⁴³)
451 4605 510 4674 {Ea
529 4611 651 4670 corrupto
670 4607 802 4671 Euripidis
819 4623 898 4660 vorsu
915 4611 985 4672 apud
1003 4606 1162 4662 Athenaeum
1181 4609 1244 4662 XIV
1259 4607 1354 4678 658⁶.)
