3186 5108
364 447 454 513 lnnsx
476 465 642 510 necarem
664 463 842 509 ansrrranua
860 445 953 508 1856.
1183 425 1250 498 111

86 629 329 718 librariorumque
357 647 411 706 eut
434 639 710 719 grammaticorum
733 645 928 716 commenta,
959 621 1065 698 temen
1089 633 1159 695 sine
1183 649 1257 712 gra-

87 735 193 800 vissima
216 758 309 803 eausa
332 707 402 804 eius
423 743 594 806 auctoritas
616 759 678 803 non
701 738 923 804 videturesse
947 734 1190 816 contemnende,
1216 753 1257 796 ne

87 836 276 906 Plautinarum
300 842 479 908 tabularum
503 842 751 923 emendationis,
783 843 946 925 praeclare
973 861 990 905 a
1013 840 1184 904 Ritscbelio
1207 841 1258 900 in-

86 943 191 1007 cohatae
214 946 272 1009 sed
295 947 500 1011 multifariam
522 947 701 1030 ambiguae,
730 944 901 1010 difficultas
923 955 1078 1027 augeatur
1100 953 1132 1007 et
1153 944 1258 1005 omniu

88 1044 138 1110 lant
154 1049 379 1114 incertissima.
417 1062 567 1134 putamus
587 1062 693 1115 autem
712 1051 764 1113 hie
779 1053 849 1112 sine
864 1067 958 1113 causa
973 1049 1144 1111 contemni.
1184 1065 1257 1110 nem

86 1159 110 1209 ut
125 1150 161 1213 ab
184 1153 299 1218 madoci
318 1158 489 1219 contumaci
514 1154 631 1238 efficaci
654 1155 767 1238 fallaci
788 1154 903 1236 pellaci
925 1153 1080 1236 pertinaci
1103 1151 1260 1233 permonet

87 1251 143 1316 lou
164 1255 299 1324 dudeco
320 1261 511 1328 wuonocio
531 1259 668 1345 efficacia
685 1257 818 1344 foilano
839 1256 973 1343 betlono
993 1257 1168 1341 onemo
1184 1273 1259 1344 par-

86 1358 192 1438 vitocio,
217 1379 235 1423 a
258 1362 359 1425 unae
380 1363 559 1426 Ennianum
583 1365 719 1440 tenacia,
742 1359 959 1423 Ausonianum
978 1361 1124 1442 procacio
1145 1377 1163 1421 e
1183 1377 1259 1440 prc-

88 1463 145 1538 coo',
179 1463 221 1525 ita
244 1483 307 1527 non
330 1467 447 1528 mirum
477 1476 526 1529 est
553 1468 581 1529 si
611 1466 765 1529 amicae·
785 1462 976 1527 dicebantur
997 1465 1161 1543 miuocioc,
1195 1481 1258 1528 non

89 1561 136 1626 ioco
152 1566 297 1634 Plautino
319 1568 378 1634 scd
393 1569 480 1650 vulgi
503 1568 753 1634 consuetudine:
779 1586 853 1632 raam
873 1567 992 1649 plurali
1014 1585 1155 1632 numero
1168 1566 1259 1630 simi-

89 1663 123 1730 les
138 1679 211 1734 sunt
228 1670 388 1752 sullanae.
429 1669 535 1755 neone
549 1683 653 1756 pecu
672 1671 753 1737 illud
768 1670 957 1735 vocabuuum
972 1671 1102 1734 Plautus
1116 1669 1257 1734 linxisse.

89 1769 147 1847 quid
167 1775 277 1840 eninr
314 1775 540 1857 putabimusne
563 1794 604 1839 ex
626 1795 690 1841 une
711 1795 809 1840 versu
831 1775 1048 1856 singularique
1071 1774 1139 1840 loeo
1160 1773 1260 1836 ruuu

89 1877 203 1940 ltentire
225 1880 367 1959 potuisse
389 1880 422 1944 in
446 1899 502 1944 eas
526 1880 651 1961 linguas
672 1897 888 1960 omnesquae
911 1895 952 1942 ex
974 1879 1082 1943 botius
1103 1875 1258 1958 originem

90 1972 251 2047 luerunt?
278 1983 368 2076 etqui
383 1983 527 2048 italicum
547 1993 597 2050 eet
611 1985 772 2058 minaces,
798 1981 993 2046 Pravineide
1008 1997 1163 2061 menome,
1188 1980 1261 2044 llis·

90 2097 183 2157 linum
206 2103 370 2163 umenoso,
394 2086 548 2152 Gallicum
570 2075 711 2150 mdnoce.
751 2087 859 2168 itaque
881 2082 1136 2150 existimabimus
1157 2084 1301 2164 nouum

91 2196 193 2266 nupto
214 2207 255 2254 en
277 2209 333 2252 ore
356 2190 443 2272 vulgi
466 2189 621 2254 vocabulo
643 2190 787 2254 Plautum
810 2191 843 2254 in
859 2189 1052 2254 Truculento
1073 2205 1167 2252 usum
1190 2203 1261 2250 esse

91 2293 257 2372 omnum,
284 2294 447 2360 commode
471 2294 504 2358 in
527 2293 685 2358 Rudente.
1203 2313 1205 2318 ·

159 2394 251 2462 Parve
283 2407 359 2462 sunt
381 2416 464 2479 quae
492 2397 744 2480 disputavimus,
775 2407 811 2460 ut
839 2394 908 2460 lere
936 2395 971 2458 lit
993 2395 1027 2456 in
1049 2393 1263 2474 grammaticis

92 2498 321 2580 questionibus,
347 2511 379 2564 et
395 2503 546 2582 exiguum
561 2502 652 2582 quasi
668 2501 833 2583 specimen
848 2498 1007 2581 preebont
1029 2515 1070 2560 ex
1091 2515 1155 2562 una
1171 2505 1262 2578 parte

94 2593 246 2666 liturarum
277 2622 414 2684 quonum
444 2606 558 2686 ingens
587 2603 726 2668 ambitus
754 2605 950 2667 aestivarum
976 2601 1156 2666 scholarum
1181 2617 1263 2662 enu-

93 2706 259 2786 montione,
289 2709 341 2772 cui
364 2709 424 2772 ista
446 2709 685 2790 praemisimus,
717 2705 940 2772 adumbratur.
986 2707 1034 2768 eis
1055 2703 1260 2782 scholisves,

93 2801 206 2870 iuvenes
226 2811 399 2889 carissimi,
431 2813 474 2875 ita
501 2831 617 2878 usuros
638 2831 711 2876 esse
738 2829 905 2892 speremus
926 2819 962 2872 ut
984 2807 1208 2872 adsiduitatem
1231 2815 1263 2868 et

92 2903 267 2986 diligentiam
290 2925 429 2981 vestram
450 2933 513 2978 non
537 2915 769 2978 desideramus.
