3268 5108
238 379 338 440 Saum
361 399 577 442 varvassrmrrs
599 399 788 443 tirrannus
810 383 985 442 Fatnnmota
1008 381 1189 443 Gaurum.
1270 367 1314 438 15

125 585 198 628 num
232 569 352 648 puerili
387 570 584 632 institutione
621 569 820 633 eruditorum
854 569 1017 656 exemplar
1050 569 1129 632 illud
1162 571 1314 632 scientiae

123 671 309 752 speciesque
325 690 421 752 quam
436 670 543 734 ideam
558 671 666 734 dicere
689 674 827 736 solemus
849 673 1017 750 excitetur,
1042 672 1083 734 ad
1099 671 1183 753 quod
1207 691 1317 735 exem-

124 772 190 851 plar
212 771 319 834 studia
345 776 379 834 in
402 774 571 856 disciplina
594 776 732 856 quisquo
760 794 819 838 sua
841 775 997 856 dirigant,
1028 795 1091 857 quo
1113 795 1239 838 omnem
1261 795 1315 838 oo-

123 874 241 954 gitendi
265 877 421 939 rationem
436 877 654 958 moderentur,
680 880 771 942 cuius
787 879 1049 959 contemplatione
1072 898 1180 941 rerum
1199 898 1315 960 cogno-

122 968 318 1040 standarum¹
334 983 520 1044 varietatem
536 981 807 1063 comprehendant
821 992 917 1063 atque
935 981 976 1044 ad
991 981 1180 1044 excolendas
1196 981 1339 1044 doctri-c

122 1099 176 1142 uas
209 1082 454 1164 augendamque
485 1086 615 1148 humani
648 1087 777 1165 generis
807 1084 1021 1147 eruditionem
1055 1085 1312 1148 corroborentur.

122 1183 206 1262 quod
228 1195 265 1246 ut
290 1185 446 1250 efficiatur
476 1189 536 1249 etsi
564 1189 679 1250 merito
701 1187 779 1250 dicit
801 1188 1113 1250 Schleiermacherus
1136 1185 1313 1270 {praecipue

121 1286 359 1352 allaborandum
386 1309 457 1352 esse
487 1291 534 1352 eis
563 1290 746 1353 doctoribus
774 1292 829 1372 qui
858 1291 1117 1372 philosophorum
1146 1293 1314 1355 consociati

121 1402 194 1452 sunt
217 1389 366 1454 facultate
394 1390 524 1474 (utimur
553 1396 638 1456 enim
668 1395 848 1456 necessario
878 1395 911 1454 iu
942 1393 1039 1456 rebus
1062 1413 1143 1475 quae
1166 1393 1207 1457 ab
1230 1395 1315 1456 anti-

121 1493 251 1572 quitatis
273 1495 427 1558 iustitutis
450 1507 481 1558 ct
503 1515 649 1559 sermone
672 1498 795 1559 alienae
821 1507 897 1559 suut
917 1497 1081 1560 vocabulis
1102 1496 1257 1560 eiusmodi
1280 1498 1313 1559 in

120 1595 213 1656 aliam
235 1615 254 1658 a
275 1608 385 1660 vetere
407 1599 671 1679 significationem
690 1600 848 1680 detortis),
874 1599 959 1662 idern
982 1609 1087 1667 tamen
1109 1599 1220 1662 eodem
1243 1601 1314 1662 iure

121 1699 229 1760 statuit
252 1718 293 1762 ne
321 1711 443 1764 ceteros
465 1701 596 1782 quidem
626 1705 849 1784 magistrorum
877 1702 1006 1765 ordines
1035 1701 1076 1764 ab
1099 1703 1152 1764 illo
1174 1705 1315 1784 philoso-

121 1801 256 1880 phorum
278 1803 379 1866 oificio
401 1805 521 1867 alienos
543 1825 614 1868 esse
635 1805 756 1869 debere
780 1824 885 1886 neque
909 1825 962 1868 eas
978 1805 1163 1886 disciplinas
1179 1824 1314 1886 quarum

121 1905 244 1968 scholae
268 1909 301 1969 in
325 1907 503 1972 litterarum
532 1909 797 1972 universitatibus
824 1928 887 1970 uon
916 1919 980 1971 tam
1002 1909 1103 1990 ipsius
1125 1907 1314 1972 eruditionis

121 2024 156 2066 ac
178 2010 331 2072 scientiae
354 2030 449 2074 causa
470 2031 566 2093 quam
592 2023 726 2094 pmpter
748 2013 795 2074 rei
818 2011 965 2093 publicae
989 2013 1195 2074 necessitates
1217 2021 1314 2094 atque

121 2109 359 2175 commoditates
380 2115 543 2178 institutae
569 2126 645 2178 sunt
665 2117 759 2178 aliter
782 2135 852 2177 esse
874 2113 1055 2176 tractandas
1077 2115 1139 2176 nisi
1161 2124 1197 2177 ut
1219 2133 1314 2196 prae-

121 2223 264 2292 ceptores
287 2217 410 2296 pariter
430 2235 467 2280 ac
496 2217 644 2300 discipuli
667 2237 731 2280 non
761 2219 941 2280 intermissa
962 2218 1151 2298 cogitatione
1173 2237 1314 2281 commu-

122 2317 246 2379 nionem
271 2337 334 2399 qua
362 2339 472 2383 omues
501 2323 629 2384 omnino
658 2321 820 2384 doctrinae
851 2340 923 2383 cum
952 2320 1170 2401 philosophiae
1200 2320 1314 2384 studiis

123 2421 306 2483 coniunctae
329 2433 404 2485 sunt
426 2423 710 2506 comprehendant.

206 2525 295 2598 Quae
323 2528 428 2589 omnia
459 2527 634 2609 disputavit
663 2528 716 2589 ille
746 2547 822 2590 sane
852 2527 1032 2590 verissime.
1078 2536 1201 2590 tantum
1223 2527 1315 2590 abest

123 2630 204 2690 enim
226 2639 263 2690 ut
285 2639 339 2692 aut
356 2632 457 2712 ipsius
471 2632 645 2712 sapientiae
661 2630 814 2708 studium,
838 2628 923 2711 quod
938 2631 1068 2711 proprie
1084 2631 1314 2712 philosophiam

124 2731 273 2810 dicimus,
306 2743 361 2796 aut
390 2734 515 2796 litterae
545 2734 838 2796 mathematicorum
867 2735 1070 2814 physicorum
1093 2735 1314 2813 grammatico-

125 2854 191 2898 rum
228 2837 467 2914 historicorum,
504 2856 587 2917 quae
623 2835 664 2898 ad
700 2836 931 2918 philosophiam
966 2837 1110 2916 proxime
1144 2836 1311 2915 accedunt,

125 2939 333 3002 instrumenta
355 2941 456 3002 solum
487 2942 603 3002 ceteris
626 2939 806 3020 disciplinis
834 2937 1010 3019 praebeant
1031 2951 1085 3002 aut
1108 2939 1315 3003 fundamenta

125 3046 239 3106 sintin
262 3042 381 3124 quihus
404 3045 494 3124 quasi
517 3043 668 3123 ampliora
691 3051 723 3104 et
746 3043 955 3105 lucidentiora
978 3042 1122 3106 aedilicia
1144 3053 1315 3105 exstruan-

124 3157 183 3227 tur,
208 3159 244 3210 ιιι
259 3167 369 3209 omnes
386 3145 548 3209 doctrinae
564 3134 690 3208 illarum
713 3147 828 3207 artium
844 3147 1025 3227 praeceptis
1041 3159 1193 3226 regantur
1209 3165 1314 3227 neque

125 3253 292 3332 quicquam
315 3249 454 3312 habeant
476 3249 561 3330 quod
590 3248 631 3310 ad
660 3249 813 3310 scientiae
836 3247 1025 3329 dignitatem
1055 3250 1213 3310 referatur
1236 3251 1313 3330 quin

124 3353 161 3415 ad
183 3353 327 3416 liberalia
356 3355 410 3415 illa
440 3351 546 3416 studia
574 3353 746 3432 pertineat.
793 3351 851 3413 sed
881 3371 949 3413 rem
972 3351 1142 3433 descripsit
1170 3371 1315 3433 magnam

125 3469 155 3519 ct
176 3459 264 3520 nulla
286 3475 350 3519 non
373 3455 506 3519 arduam
528 3464 645 3534 aetate,
679 3475 749 3516 cum
778 3463 909 3534 propter
931 3457 1093 3536 ingentem
1116 3473 1224 3518 rerum
1247 3457 1316 3518 sin-

125 3562 203 3640 gulis
226 3560 405 3641 disciplinis
426 3557 656 3622 tradendarum
678 3555 934 3636 multitudinem,
960 3576 1072 3637 quam,
1098 3577 1139 3620 ne
1163 3560 1315 3620 iuvenum

125 3665 242 3726 animos
264 3662 406 3725 nondum
429 3664 505 3724 satis
528 3659 745 3724 corroboratos
767 3659 934 3722 conturbet
958 3670 1053 3741 atque
1076 3664 1249 3742 opprimat,
1275 3661 1317 3723 ad

125 3767 338 3830 doctrinarum
374 3767 465 3846 quasi
495 3783 684 3827 consensum
718 3773 970 3843 concentumque
1004 3783 1153 3826 revocare
1186 3763 1315 3827 difficile

126 3882 187 3950 est,
220 3881 286 3933 tum
310 3868 396 3950 quod
418 3869 591 3931 utilitatum
614 3865 830 3947 reipublicae
856 3867 1120 3946 praestandamm
1143 3869 1317 3930 necessitas

125 3983 155 4034 et
182 3973 347 4036 liberalius
378 3970 459 4034 illud
489 3972 666 4032 litterarum
695 3968 837 4032 studium
867 3989 929 4049 quo
957 3970 1100 4032 doctrina
1130 3989 1186 4033 sua
1216 3971 1317 4052 ipsius

126 4095 214 4139 causa
236 4077 403 4158 quaeritur
425 4093 520 4156 aegre
549 4075 592 4136 ita
615 4073 851 4152 coniunguntur
878 4082 913 4134 ut
935 4093 1044 4136 omnes
1067 4074 1218 4136 tollentur
1241 4093 1317 4134 con-

125 4183 304 4244 troversiae.
341 4188 449 4241 nostro
464 4187 569 4240 antem
588 4185 731 4256 tempore
748 4177 950 4254 generosiora
967 4177 1181 4238 doctrinarum
1197 4176 1314 4254 studia,

128 4301 257 4362 quorum
278 4283 381 4346 torma
404 4291 436 4345 et
457 4279 499 4342 ab
521 4281 574 4342 illo
598 4279 725 4360 egregie
750 4276 908 4358 descripta
932 4290 980 4342 est
1002 4291 1034 4342 et
1056 4281 1183 4342 omnino
1207 4297 1317 4341 eorum

128 4387 234 4450 animis
255 4383 492 4450 obversabatur
520 4402 656 4464 quorum
686 4386 825 4446 consiliis
854 4385 965 4466 optimi
987 4385 1082 4463 Regis
1104 4383 1260 4464 sapientia
1284 4384 1317 4442 in

128 4489 340 4554 mustitnenda
370 4489 429 4552 hac
459 4488 638 4551 litterarum
666 4487 743 4552 sede
774 4487 889 4550 mnaso
920 4499 985 4565 est,
1019 4489 1113 4548 etiam
1143 4483 1317 4572 maioribus
