3204 5104
428 321 518 382 lanu
540 339 705 383 neonem
727 339 906 386 marrim
931 322 1024 384 4868.
1243 309 1317 382 375

127 510 161 569 in
177 505 337 571 Ammiani
352 529 451 592 opere
465 511 645 574 continetur
667 510 811 592 diligenti
826 510 967 573 Vaticani
990 511 1065 573 libri
1081 521 1114 575 et
1129 514 1320 594 exemplaris

127 610 314 690 Gelonium,
346 611 431 693 quod
460 632 500 674 ex
523 613 742 676 llersieldensi
772 611 855 675 libro
876 623 1038 694 sumptum
1067 625 1132 694 est,
1166 635 1320 697 conpara-

126 716 228 777 tione.
282 715 484 778 falsissimum
513 725 561 778 est
590 717 676 778 enim
705 716 791 798 quod
819 733 924 798 nuper
951 717 1127 781 Vrlicbsius
1155 719 1220 781 Eus
1248 729 1271 780 t.
1297 738 1319 781 ιι

127 839 160 900 p.
187 819 253 881 352
268 817 472 882 'confidenter
493 819 712 900 pronuntiavit
734 819 990 882 llersleldensem
1019 819 1160 883 codicem
1184 839 1225 883 ex
1246 823 1320 885 Ful-

127 920 224 984 densi
246 921 441 1004 descriptum
465 940 550 1001 esse,
577 921 609 984 id
632 922 719 1003 quod
740 941 776 986 eo
799 923 952 985 temerius
967 921 1049 984 dixit
1064 942 1126 1004 quo
1141 926 1320 988 tenuiorem

127 1024 271 1088 babebat
293 1023 564 1088 Fuldensisrlibri
593 1026 746 1087 notitiam.
793 1026 899 1088 minus
921 1024 1054 1088 fortasse
1077 1023 1242 1090 lallaretur
1264 1029 1320 1108 qui

126 1127 323 1190 Fuldenscm
345 1128 462 1190 librum
487 1147 527 1190 ex
549 1127 768 1190 llersleldensi
790 1127 986 1209 descriptum
1008 1147 1077 1192 esse
1104 1131 1316 1193 existimaret:

127 1249 325 1312 quamquam
347 1251 388 1294 ne
411 1232 469 1294 hoc
486 1230 619 1312 quidem
641 1241 727 1294 certo
748 1241 934 1310 argumento
956 1231 1168 1294 demonstrari
1189 1235 1317 1314 poterit.

126 1332 187 1396 sed
223 1333 277 1396 illa
311 1353 405 1415 qnam
435 1336 645 1397 necessariam
675 1353 746 1397 esse
775 1333 916 1396 diximus
944 1334 1111 1398 Fuldensis
1140 1335 1216 1398 libri
1248 1355 1320 1398 eum

127 1437 307 1518 exemplari
323 1437 495 1500 Geleniano
518 1437 698 1518 conparatio
720 1447 843 1500 tantum
865 1435 956 1500 abest
979 1445 1013 1500 ut
1030 1447 1150 1500 certam
1171 1440 1322 1521 antiquae

128 1540 308 1621 scripturae
331 1540 462 1602 formam
482 1539 634 1622 praebeat
656 1550 692 1603 ut
713 1540 861 1621 plurimis
883 1539 1025 1620 inpedita
1047 1541 1088 1602 sit
1110 1542 1321 1624 maximisque

128 1640 394 1704 dubitationibus.
441 1643 502 1705 alia
531 1644 616 1706 enim
644 1661 726 1724 quae
755 1641 854 1706 codex
876 1641 1042 1705 Fuldensis
1064 1653 1202 1712 autnon
1225 1643 1322 1707 babet

127 1757 185 1808 aut
219 1744 316 1808 babet
347 1746 440 1826 peius
472 1747 592 1827 scripta
620 1745 787 1809 Gelonium
821 1745 916 1826 plane
949 1764 1011 1806 non
1044 1755 1149 1825 potest
1180 1744 1321 1810 dubitari

126 1849 305 1929 sumpsisse
327 1867 369 1910 ex
383 1847 600 1912 llersleldensi
622 1847 748 1927 codiee,
773 1848 834 1910 alia
856 1857 1002 1930 apertum
1024 1859 1072 1910 est
1094 1865 1167 1912 eum
1190 1849 1321 1912 linxisse

126 1952 322 2016 coniecturis
334 1969 428 2014 usum
451 1953 566 2032 partim
582 1951 719 2032 egregiis
746 1949 790 2032 (ut
804 1961 873 2014 erat
887 1951 978 2014 bomo
1000 1952 1155 2032 praeclari
1170 1951 1317 2034 ingenii),

127 2055 247 2134 partim
262 2053 364 2130 ialsis3
392 2051 533 2135 deniqne
554 2053 640 2116 haud
665 2073 735 2115 raro
751 2054 784 2116 in
800 2053 927 2116 Castelli
943 2056 1128 2116 commentis
1142 2053 1317 2136 adquievit.

127 2158 171 2218 ita
195 2156 232 2218 lit
253 2165 290 2219 ut
312 2157 409 2220 multa
425 2156 598 2219 Geleniana
620 2156 740 2219 ineerta
755 2159 820 2219 sint
842 2175 947 2238 neque
970 2157 1037 2219 iere
1061 2165 1163 2219 tutum
1178 2155 1221 2219 ab
1235 2159 1320 2220 omni

127 2269 221 2340 parte
244 2261 286 2321 sit
308 2261 479 2344 quiequam
502 2268 630 2341 praeter
651 2259 817 2322 Fuldensis
839 2258 917 2321 libri
937 2259 1072 2322 litteras.

218 2363 318 2425 liuius
340 2361 507 2424 Fuldensis
529 2361 621 2442 libri,
654 2381 749 2444 quem
771 2363 957 2425 Vaticanum
978 2361 1131 2441 dioimus‚
1162 2363 1321 2445 scriptura

127 2485 145 2526 a
169 2463 263 2528 docto
285 2465 413 2527 homine
435 2464 675 2528 adcuratissime
698 2475 823 2528 enotata
850 2465 883 2527 in
906 2466 965 2526 bac
987 2468 1249 2546 commentatione
1271 2467 1321 2529 usi

128 2587 252 2631 sumus.
303 2567 437 2630 aliorum
466 2566 609 2630 oodioum
639 2569 834 2631 mentionem
864 2566 997 2630 lecimus
1025 2578 1059 2629 ut
1088 2567 1260 2649 adpareret
1288 2571 1320 2631 in

129 2669 340 2734 recensendis
360 2667 519 2734 Ammiani
547 2669 640 2733 libris
668 2671 837 2734 utilitatem
866 2690 975 2734 eornm
1004 2669 1151 2733 aoodioe
1173 2671 1321 2734 Vaticano

128 2776 172 2836 ita
195 2773 374 2836 oblitterari
397 2783 433 2837 ut
455 2773 628 2836 omittenda
651 2773 684 2835 in
707 2783 869 2854 posterum
890 2774 932 2836 sit
948 2793 1057 2836 eorum
1080 2774 1321 2836 conmemoratio

129 2877 192 2940 nisi
230 2875 287 2940 ubi
325 2878 488 2939 continent
524 2875 647 2957 aliquid
683 2895 759 2940 vero
796 2877 892 2940 simili
929 2877 1109 2940 coniectura
1141 2877 1318 2940 inventum.

130 2978 323 3060 exemplaris
351 2980 482 3043 Romani
511 2981 702 3060 scripturam
732 2980 764 3040 in
792 2977 874 3040 libro
901 2987 1025 3041 tantum
1053 2987 1165 3059 quarto
1198 2978 1322 3042 decimo

130 3092 290 3146 enotatam
327 3081 512 3162 habuimus,
553 3081 740 3145 Castelliano
777 3082 872 3163 plane
909 3081 1083 3145 carendum
1119 3080 1211 3144 nobis
1248 3080 1318 3144 init.

130 3195 246 3252 neutro
276 3203 386 3248 carere
416 3185 533 3266 poterit
561 3186 616 3265 qui
644 3204 725 3248 nova
754 3183 910 3248 librorum
936 3183 1093 3248 Ammiani
1127 3184 1322 3266 exemplaria

130 3307 247 3369 parare
269 3288 406 3351 voluerit
428 3288 534 3368 qualia
556 3286 678 3350 dudum
700 3287 937 3350 desiderantur.

217 3391 302 3453 Nihil
326 3400 425 3454 restat
448 3389 534 3471 quod
548 3391 754 3472 disputationi
771 3399 898 3454 nostrae
914 3391 1172 3471 praemuniamus
1187 3391 1250 3452 nisi
1265 3390 1323 3452 boe

130 3514 249 3573 unum,
280 3494 449 3556 miraturos
480 3512 550 3558 osse
579 3493 711 3556 lortasse
740 3512 803 3555 non
833 3495 936 3558 nullos
964 3496 997 3556 in
1025 3492 1217 3575 quibusdam
1239 3511 1322 3574 quae

129 3597 285 3679 prolaturi
314 3615 425 3660 sumus
453 3595 634 3678 audaciam,
665 3594 723 3660 sed
752 3596 911 3659 desituros
940 3615 1011 3659 esse
1034 3599 1143 3660 mirari
1166 3595 1323 3676 siquando

130 3702 247 3782 ingens
269 3699 322 3761 illa
344 3698 461 3762 codicis
483 3698 625 3762 Vaticani
647 3699 833 3781 depravatio
856 3701 958 3781 palam
982 3701 1102 3782 prolata
1125 3697 1233 3762 luerit.

218 3803 365 3884 Legimus
387 3802 421 3864 in
444 3802 640 3884 pervulgatis
662 3801 757 3864 bodie
773 3803 1009 3884 exemplaribus
1031 3821 1079 3864 nr
1097 3803 1131 3864 ll
1155 3804 1166 3863 l
1195 3833 1238 3849 --
1259 3804 1322 3864 an·

127 3913 256 3988 perosor
283 3904 489 3969 Mediolanum
518 3905 560 3968 cd
587 3905 716 3968 hiberna
742 3905 890 3969 discessit.
941 3906 995 3970 ubi
1021 3925 1170 3968 eorunm
1200 3904 1323 3968 ubieotis

127 4007 316 4091 ponderibus
345 4008 416 4072 aliis
446 4017 600 4092 tamarum
620 4007 733 4072 nodum
758 4007 904 4070 Gordium
926 4008 1137 4091 difficillimum
1161 4009 1324 4071 Gaesarem

130 4111 300 4174 convellere
325 4113 397 4175 nisu
425 4112 527 4175 vmido
550 4111 708 4196 eopitcbot.
754 4109 920 4192 adquievit
942 4113 975 4174 in
998 4111 1049 4173 bis
1070 4111 1230 4191 Valesius,
1261 4111 1323 4173 nisi

130 4213 219 4297 quod
246 4213 473 4296 difficillimum,
510 4214 595 4297 quod
625 4216 658 4276 in
692 4216 751 4276 bac
779 4215 918 4278 oratione
949 4217 1065 4278 misere
1100 4213 1246 4295 languet,
1282 4212 1323 4276 ab

129 4319 238 4399 aliquo
253 4318 380 4384 bomine
397 4315 630 4399 interpretandi
653 4336 746 4380 causa
762 4316 957 4399 adscriptum
980 4335 1049 4380 esse
1072 4316 1217 4380 coniecit.
1265 4314 1323 4378 sed

131 4431 168 4486 ut
181 4420 363 4485 omittamus
379 4421 412 4482 in
426 4418 588 4483 Ammiani
609 4419 701 4482 libris
723 4439 853 4502 perraro
869 4420 1024 4485 eiusmodi
1046 4418 1126 4502 quid
1140 4417 1324 4484 adnotatum
