3184 5108
358 415 446 474 44044
468 429 632 475 4404404444
654 427 833 475 4004444444
858 413 951 474 4864.
1177 387 1247 469 464

79 605 223 682 tationem,
254 601 341 683 quali
370 601 533 664 notionum
555 602 739 664 confusione
760 611 872 683 poetae
894 607 1031 664 utuntur
1052 601 1249 682 saepissime.

79 709 145 768 lenc
172 707 415 788 explicationem
443 720 506 786 quo
534 706 633 786 magis
663 702 804 768 firmaret
833 715 909 768 440440
939 712 987 766 ost
1020 703 1126 784 lapide
1156 718 1251 784 quem

78 809 246 872 llolssardus
268 811 370 890 antiq.
395 817 419 870 t.
438 825 484 870 4444
506 827 538 889 p.
559 809 619 869 4344
651 809 919 890 repraesentavitt
953 817 1253 869 commemoraverat

76 933 136 974 0444
164 913 222 974 iarn
250 911 480 975 Broukbusius.
528 911 721 992 conspicitur
749 914 784 973 in
806 911 859 973 illo
881 909 1005 992 lapide,
1038 911 1066 972 si
1088 909 1168 972 fides
1194 911 1252 971 ha-

77 1014 165 1078 henda
188 1026 237 1078 004
258 1014 436 1094 Bolssardo,
468 1015 550 1096 Spes
571 1016 700 1077 sinlstra
723 1030 819 1078 manu
840 1015 945 1095 spicas
967 1015 1111 1094 quinque
1135 1023 1166 1075 et
1189 1013 1251 1076 duo

76 1133 256 1200 papaverum
285 1119 388 1200 capita
416 1128 542 1181 tenens.
597 1135 792 1200 papaverum
828 1119 930 1199 capita
963 1115 1043 1198 quid
1073 1115 1252 1196 significent

75 1221 316 1285 perobscurum
340 1238 409 1284 esse
431 1221 524 1284 nobis
546 1218 692 1284 videtur:
725 1222 845 1302 quippe
869 1221 1033 1302 inscriptio
1056 1219 1171 1300 lapidis
1193 1218 1251 1281 do-

75 1333 113 1386 cet
132 1322 169 1386 li.
187 1325 355 1388 Aurelium
378 1326 527 1388 Pacorum
551 1326 627 1406 Spei
651 1324 731 1386 banc
752 1337 840 1387 343444
861 1323 1006 1404 posuisse
1036 1324 1156 1384 somnio
1183 1341 1251 1384 mo-

74 1430 172 1491 nitum.
220 1429 328 1510 spicae
350 1437 455 1491 autern
485 1429 558 1490 illae
585 1438 758 1510 permagno
786 1436 944 1489 momento
974 1424 1105 1488 luerunt
1134 1427 1251 1488 nostris

75 1533 257 1614 mythologice
305 1531 534 1595 adseveranter
551 1533 649 1595 enim
670 1532 878 1613 pronuntiant
901 1531 996 1611 Spe'm
1019 1530 1196 1610 antiquitus
1219 1537 1251 1591 et

73 1637 186 1716 proprie
214 1635 257 1698 ab
285 1635 431 1717 agricolis
460 1635 576 1698 Italicis
606 1651 676 1698 esso
706 1636 823 1697 cultam
852 1650 1035 1714 numenque
1064 1632 1162 1695 luisse
1197 1629 1250 1712 (ita

72 1739 145 1798 enirn
167 1738 324 1820 locuntur)
345 1739 517 1820 agrarium.
565 1737 678 1820 quodsi
701 1739 830 1819 quaeris
853 1735 939 1800 unde
962 1737 1021 1798 hoc
1043 1744 1105 1798 tam
1129 1735 1249 1816 liquido

73 1839 247 1922 didicerint,
280 1851 409 1924 practer
436 1844 497 1904 alia
527 1840 682 1923 quaedem
711 1849 897 1922 argumenta
926 1838 1096 1902 admodum
1124 1839 1250 1901 infirma

72 1945 164 2024 spicae
186 1945 258 2008 illae
285 1944 402 2026 lapidis
424 1953 606 2008 constanter
635 1953 931 2008 commemorantur.
978 1959 1035 2004 nos
1064 1941 1249 2023 putabimus

73 2048 162 2126 spicas
183 2049 260 2129 Spei
282 2047 452 2112 attributas
475 2066 544 2111 esse
574 2049 750 2130 aptissime,
785 2048 933 2129 quoniam
956 2060 1033 2108 sane
1055 2061 1112 2127 spe
1136 2053 1167 2107 et
1190 2063 1248 2106 cx-

73 2151 235 2229 pectatione
258 2141 394 2233 frugum¹
417 2152 511 2214 etiam
532 2151 723 2232 ubertatem,
755 2150 944 2233 primarium
966 2149 1084 2212 bonum
1112 2158 1143 2211 ct
1164 2149 1273 2213 vitacs

72 2257 283 2334 necessarium,
310 2256 557 2336 conplectimur3
584 2253 642 2317 scd
664 2253 705 2316 de
727 2270 851 2316 annona
873 2262 995 2316 tantum
1018 2253 1171 2333 cogitasse
1186 2255 1249 2314 llo·

71 2373 168 2419 manos
193 2377 264 2420 044444
287 2359 427 2440 primurn
450 2359 546 2440 Spem
568 2366 802 2420 venerarentur
829 2363 961 2438 propter
989 2355 1128 2438 lapidem
1159 2357 1249 2418 illurn

71 2477 126 2520 non
146 2462 243 2542 magis
266 2459 434 2524 credemus
457 2479 551 2542 quam
574 2471 706 2542 proptor
732 2459 811 2522 alies
832 2477 914 2542 quae
936 2461 1076 2541 prolatae
1099 2468 1174 2522 sunt
1195 2476 1249 2521 ar-

70 2566 329 2640 gumentationes:
363 2583 555 2646 quamquam
577 2581 640 2627 non
660 2563 833 2627 defuerunt
855 2563 911 2646 qui
926 2564 1038 2626 Pacem
1056 2563 1134 2626 adeo
1156 2582 1249 2645 agra-

72 2665 143 2727 444444
165 2669 292 2749 proprie
315 2687 435 2730 numen
458 2668 555 2730 4444000
577 2669 797 2749 opinarentur,
830 2668 927 2745 nulla,
959 2675 995 2730 ut
1016 2665 1155 2742 videtur,
1187 2667 1249 2730 alia

70 2767 105 2831 de
131 2789 220 2834 causa
250 2789 345 2852 quam
376 2770 461 2852 quod
490 2771 594 2852 spicas
621 2780 709 2834 tenet
737 2789 809 2833 curn
839 2771 871 2831 in
894 2771 1033 2833 nummis
1056 2769 1247 2850 quibusdam

70 2879 129 2932 44444
149 2873 232 2955 apud
254 2873 416 2938 Tibullum
438 2893 449 2936 4
473 2875 511 2935 40
536 2873 588 2936 67.
636 2875 716 2936 4444444
739 2873 879 2936 subolult
906 2857 948 2935 de
970 2873 1094 2954 agrario
1117 2875 1248 2937 numine

70 2974 204 3039 Ciceroni
234 2997 306 3040 cum
335 2981 379 3040 ita
408 2978 565 3041 scriberet
594 2976 635 3040 de
664 2978 725 3058 log.
747 2995 769 3039 rr
796 2978 845 3057 44,
877 2977 1077 3060 quoniamque
1105 2985 1249 3059 aspector

70 3078 138 3141 440444
158 3099 262 3142 rerum
285 3079 433 3143 docorem
456 3083 586 3166 cripitur
607 3083 740 3160 animus,
764 3087 844 3142 recle
866 3079 956 3142 044004
978 3079 1153 3142 0004044440
1173 3081 1249 3160 Spes

69 3191 234 3246 0040004040
256 3189 310 3260 est,
343 3184 424 3246 nihil
445 3183 550 3247 Tacito
572 3201 647 3246 ann.
668 3199 690 3244 44
714 3183 753 3243 tt
778 3182 856 3244 haee
877 3183 1032 3260 narranti,
1066 3183 1140 3264 Spei
1160 3182 1249 3246 aedes

70 3301 88 3344 o
109 3287 281 3350 Gerounion
304 3295 469 3350 0004044444
499 3285 579 3349 tono
600 3283 637 3348 Α.
655 3281 767 3348 Atilius
789 3291 916 3348 0000404
937 3285 1037 3348 eodem
1059 3283 1144 3362 tello,
1170 3285 1192 3346 4.
1217 3303 1245 3347 0.

70 3384 143 3450 bello
165 3391 280 3454 Punico
309 3392 412 3472 primo
441 3397 472 3452 et
501 3399 633 3472 propter
658 3388 816 3469 bellicam,
847 3398 884 3451 ut
904 3387 1045 3468 ridetur,
1077 3387 1245 3451 4044444344.

69 3487 106 3551 de
132 3491 189 3555 dea
218 3502 326 3556 autem
356 3493 501 3557 Tibullus
530 3495 658 3555 omnino
688 3502 751 3554 non
781 3511 971 3573 magnopere
1001 3493 1150 3574 cogitavit
1178 3508 1250 3554 curn

69 3593 187 3676 scripsit
210 3595 289 3659 illud
310 3615 366 3659 occ
387 3613 455 3679 spes
471 3595 624 3674 destituat,
650 3595 704 3660 sed
721 3593 849 3678 scapum
871 3610 990 3678 semper
1006 3611 1132 3659 aceruos
1156 3597 1250 3657 Prec-

69 3693 130 3758 deut
149 3707 176 3760 el
192 3700 282 3780 pleno
302 3699 431 3782 pinguia
451 3707 553 3762 musto
574 3701 655 3776 40044,
688 3697 747 3760 sed
768 3707 935 3780 postquam
958 3708 1106 3762 mnsucta
1130 3701 1249 3761 ratione

70 3815 150 3878 spem
172 3821 206 3864 sc
229 3821 293 3865 non
308 3800 532 3866 destituturam
555 3821 626 3865 esse
649 3801 741 3880 dixit,
764 3802 870 3864 tenuit
892 3803 974 3865 hano
995 3801 1146 3865 orationis
1167 3801 1249 3882 figu-

72 3917 132 3963 4344
152 3906 284 3986 speique
306 3905 419 3969 tribuit
441 3924 522 3987 quae
545 3905 675 3989 proprie
697 3903 871 3967 dicendum
894 3913 962 3967 0434
982 3923 1091 3987 pomos
1113 3913 1146 3967 04
1168 3904 1250 3966 vites

73 4005 261 4082 praebituras
281 4004 360 4094 10000
389 4012 542 4091 speranti.
595 4009 703 4091 itaque
732 4007 881 4070 similiter
906 4007 1036 4071 lloeutus
1070 4018 1119 4070 cst
1153 4015 1248 4088 atque

72 4105 249 4192 Euripides,
281 4111 372 4176 0444440
401 4113 500 4176 043440
530 4111 589 4176 hac
618 4131 659 4176 ex
686 4119 777 4192 parte
807 4111 938 4172 minime
967 4109 1163 4173 sollicitanda
1186 4115 1246 4173 004.

71 4209 162 4275 nihilo
195 4223 302 4278 tamen
332 4215 437 4278 minus
472 4215 726 4280 emendationem
762 4213 920 4295 postulant
955 4213 1001 4275 illi
1028 4213 1197 4293 versiculi,
1228 4203 1248 4297 ἦ

70 4309 141 4378 πολύ
161 4339 196 4400 pe
219 4311 305 4403 δόξης
327 4315 484 4390 ἐξέπαισαν
514 4315 650 4395 ἐλπίδες,
674 4307 735 4380 “Ha
757 4310 868 4402 πατρὸς
891 4310 974 4400 ὐμῶν
1003 4315 1038 4380 ἐκ
1059 4311 1157 4401 λόγων
1179 4311 1243 4380 πότ’

70 4404 186 4494 ἤλπισα.
232 4421 405 4484 insolenter
434 4423 520 4484 enim
544 4440 649 4503 neque
672 4421 749 4483 satis
771 4419 890 4483 Graece
912 4418 1032 4483 dicitur
1054 4414 1141 4491 δόξαν
1164 4417 1249 4482 444444-

73 4515 142 4596 4044,
177 4521 273 4603 idque
300 4541 336 4587 eo
365 4525 528 4588 molestius
557 4535 605 4588 est
635 4543 696 4605 quo
726 4525 844 4586 rectius
873 4521 1036 4587 diceretur
1064 4519 1183 4594 stateo<
1210 4511 1248 4584 irs
