3204 5104
320 385 393 457 312
613 400 702 460 lrmnx
724 416 889 459 nncrrouvu
912 416 1097 461 nrnnurttrvu
1115 397 1208 456 ⁴865.

320 590 396 651 recti
427 607 523 650 sensu
551 587 731 650 admonitus
760 606 829 649 eam
858 587 909 648 lric
931 588 1121 648 sententiam
1149 585 1308 666 quaesivit
1335 603 1411 666 quae
1432 606 1492 646 om-

317 693 406 756 nium
440 690 672 771 simplicissima
705 698 801 770 atque
834 691 997 770 aptissima
1031 699 1089 751 est.
1151 688 1263 751 eodem
1298 688 1374 750 recti
1406 708 1494 750 sensu

319 795 526 873 Kiesslingius
549 803 616 868 erat
639 813 711 855 cum
734 789 818 863 οἶδας
841 791 1048 855 scribendum
1071 811 1141 854 osse
1171 790 1408 873 suspicabatur,
1438 793 1494 852 nisi

319 895 403 978 quod
427 895 503 958 lalso
526 894 658 976 putabat
680 894 815 958 suadere
839 895 896 956 hoo
911 895 1127 976 Vergilianum
1145 894 1226 958 illud
1249 897 1363 976 incipe,
1388 897 1493 974 Mopse,

316 1000 422 1082 prior,
454 999 556 1080 siquos
585 1005 640 1060 out
668 998 812 1079 Phyllidis
841 1003 925 1080 iones
955 995 1015 1060 Aut
1043 995 1164 1062 Alconis
1194 997 1285 1061 octos
1316 997 1420 1060 laudes
1448 1004 1497 1058 aot

318 1102 420 1184 iuopia
444 1101 551 1176 Codri,
583 1119 718 1182 quorum
746 1119 897 1163 versuum
927 1102 1054 1162 omnino
1082 1101 1170 1162 nulla
1191 1109 1240 1162 est
1261 1119 1333 1162 cum
1355 1100 1498 1162 Theocri-

317 1207 395 1282 teis‚
410 1203 715 1285 ¹quomodocumque
730 1202 931 1280 scribuntur,
957 1202 1140 1265 similitudo.
1181 1199 1266 1274 οἶδας
1286 1204 1313 1266 si
1329 1201 1496 1283 legeretur,

318 1307 416 1370 multo
439 1305 472 1369 id
495 1325 571 1369 sanc
594 1315 678 1369 esset
693 1307 807 1368 melius
823 1325 917 1386 quam
940 1297 1038 1377 ἄειδες
1061 1307 1112 1368 vel
1135 1300 1244 1377 ἂεέδες.
1292 1307 1499 1387 nequeenim

318 1411 500 1472 memoriter
523 1419 672 1491 repetunt
694 1428 751 1472 sua
774 1389 912 1470 carmina
936 1419 1078 1490 pastores
1100 1409 1295 1486 Theocritei‚
1327 1408 1386 1471 sod
1415 1403 1500 1471 αὐτο-

318 1506 539 1598 σχεδιάζουσιν.
579 1511 778 1575 intuentibus
792 1521 897 1575 autem
917 1510 1008 1573 nobis
1027 1509 1181 1574 librorum
1196 1514 1369 1594 scripturas
1391 1523 1499 1593 sponte

319 1615 408 1696 quasi
433 1615 536 1678 elucet
559 1613 643 1696 quod
666 1615 866 1677 Theocritum
889 1617 1055 1696 scripsisse
1079 1633 1142 1676 non
1166 1612 1359 1694 dubitamus,

473 1711 551 1780 illi
572 1712 606 1780 τὺ
629 1711 686 1801 γὰρ
709 1711 764 1800 δή,
789 1712 901 1802 Θέροι,
925 1711 963 1781 τὰ
985 1711 1133 1802 Δάφνιδος
1156 1707 1251 1799 ἄλγεα
1272 1707 1358 1802 ᾔδεις

472 1817 524 1883 καὶ
545 1823 598 1891 τᾶς
621 1820 798 1904 βοοκολινιᾶς
821 1815 869 1882 tal
891 1815 923 1883 τὸ
945 1819 1035 1884 πλέον
1057 1815 1122 1884 ἵκεο
1145 1817 1261 1903 μοέοας.

318 1923 482 1986 manifesta
506 1925 592 1985 enim
615 1923 787 1985 imitatione
804 1925 984 1985 Homericae
1007 1925 1157 1985 orationis
1179 1924 1310 1986 formam
1333 1926 1495 2006 expressit,

318 2026 378 2090 od.
397 2027 498 2102 1337,
524 2019 643 2109 Φήμιε,
666 2019 844 2110 πολλὰγὰρ
866 2017 946 2090 ἄλλα
968 2025 1082 2112 βροτῶν
1104 2017 1269 2111 θελκτήρια
1290 2017 1394 2112 ᾕδεις,
1411 2017 1494 2110 'Epi’

318 2125 436 2214 ἀνδρῶν
457 2152 490 2192 τε
512 2127 592 2191 θεῶν
614 2151 664 2205 τε,
687 2121 725 2192 τά
746 2151 778 2192 τε
801 2127 949 2193 κλείουσιν
973 2123 1087 2192 ἀοιδοί·
1127 2125 1195 2192 Τῶν
1218 2128 1250 2192 έν
1272 2127 1307 2213 γέ
1330 2152 1399 2215 σφιν
1422 2120 1496 2192 ἄειδε

250 2263 255 2272 =
317 2225 505 2316 παρήμενος,
531 2227 560 2294 οἳ
582 2227 616 2293 δέ
639 2234 735 2316 σιωπῇ
753 2227 841 2294 Οἶνον
857 2226 1011 2296 πινόντων.
1052 2235 1250 2314 scripserunt
1273 2232 1317 2294 ibi
1336 2232 1391 2294 alii
1406 2229 1491 2310 οἶδας,

318 2333 494 2397 zenodotus
518 2344 550 2395 et
572 2343 644 2397 ante
668 2353 741 2396 eum
763 2334 848 2397 baud
871 2333 968 2398 dubie
991 2337 1044 2398 alii
1067 2327 1169 2421 ᾔδεις,
1195 2355 1301 2416 neque
1324 2335 1493 2416 inprobavit

318 2437 376 2499 hoo
390 2435 603 2500 Aristarchus.
643 2436 730 2517 quod
751 2447 858 2499 autem
880 2436 999 2501 dicitur
1019 2443 1071 2511 τᾶς
1094 2438 1272 2524 βοοκολινᾰς
1293 2425 1346 2500 ἐπέ
1363 2433 1397 2500 τὸ
1413 2435 1492 2500 πλέον

317 2535 382 2603 ἵκεο
406 2537 512 2622 polea<
534 2539 619 2602 idem
643 2539 710 2602 lere
734 2551 782 2602 est
804 2549 899 2621 atque
922 2540 965 2612 εἰς
981 2532 1084 2626 ἄκρον.
1131 2541 1279 2603 similitor
1296 2535 1344 2602 ici
1357 2539 1444 2604 πλέον
1458 2539 1491 2600 ad

317 2643 443 2724 positivi
466 2643 515 2705 vel
537 2643 725 2724 superlativi
747 2645 906 2706 notionem
929 2643 1051 2706 accedit
1073 2645 1105 2706 in
1129 2644 1237 2726 idyllio
1260 2663 1294 2706 ru
1318 2645 1370 2722 45,
1395 2637 1444 2705 τὰν
1464 2639 1491 2704 δὲ

317 2739 413 2809 καλᾶν
443 2740 614 2829 Κυθέρειαν
642 2744 673 2807 ἐν
704 2737 796 2832 ὤρεοι
825 2748 907 2829 μᾶλα
935 2739 1070 2829 νομεύων
1096 2741 1164 2833 Οὖχ
1190 2739 1284 2818 οὕτῶς
1313 2737 1427 2819 &luviz
1452 2739 1492 2808 ἐπὶ

316 2847 406 2913 πλέον
436 2839 532 2933 ἄγαγε
560 2842 672 2919 iliaco<
689 2839 773 2912 'iles'
807 2843 878 2913 citt
901 2844 1045 2934 pilipevtiv
1074 2872 1118 2913 νιν
1142 2841 1212 2936 ἄτερ
1239 2850 1363 2914 ποοτοῖο
1384 2848 1486 2932 aliaeu

317 2942 424 3032 neque
446 2952 539 3014 aliter
553 2951 668 3014 Aratus
691 2952 812 3015 loeutus
835 2971 903 3014 esse
927 2952 1055 3016 videtur
1077 2971 1108 3014 v.
1130 2951 1224 3034 toti,
1248 2953 1347 3038 πρῖνοι
1369 2950 1420 3036 μὲν
1441 2953 1491 3014 llo·

318 3057 405 3138 μινῆς
428 3049 541 3118 ἀκέλοο
571 3047 647 3117 κατὰ
677 3053 782 3138 μέτρον
812 3051 940 3140 ἔχοοοαι
961 3048 1120 3138 Χειμῶνός
1149 3079 1184 3120 κε
1206 3055 1321 3140 λέγοιεν
1344 3053 1393 3118 ἐπὶ
1413 3055 1490 3118 πλέον
1554 3089 1563 3118 ι

318 3151 501 3242 έοχύοοντος.

403 3260 512 3320 Finem
535 3258 695 3322 scribendi
721 3259 852 3322 iacimus
875 3260 1064 3340 proterenda
1084 3262 1165 3324 alius
1180 3259 1330 3323 carminis
1353 3259 1491 3323 emenda·

318 3365 403 3425 tione
427 3361 467 3424 de
491 3381 552 3442 qua
569 3361 632 3424 dici
655 3373 758 3444 potest
780 3363 979 3426 brevissime.
1027 3365 1060 3425 in
1076 3363 1187 3445 idyllio
1202 3383 1298 3440 xxrrr,
1323 3382 1386 3425 non
1402 3364 1491 3424 Theo-

318 3467 417 3527 critoc
432 3463 561 3545 quidem
579 3464 648 3543 illo,
674 3465 731 3528 sed
753 3465 847 3528 valde
869 3475 976 3528 tamen
999 3466 1153 3546 eleganti,
1178 3468 1331 3549 scriptum
1350 3477 1399 3529 est
1412 3485 1442 3526 v.
1460 3465 1491 3523 li

472 3569 530 3651 φεῦ
552 3569 626 3652 φεῦ,
651 3571 703 3639 τᾶς
727 3566 847 3654 Παφίοις
869 3565 962 3654 χόλον
986 3560 1057 3637 ἅζεο
1078 3565 1130 3630 καὶ
1153 3562 1225 3652 σέγε
1246 3563 1343 3654 tripu.

318 3673 461 3752 ineptum
478 3689 547 3733 esse
563 3666 615 3733 καὶ
631 3664 702 3755 σέγε
719 3673 918 3736 llermanuus
933 3671 1032 3750 vidit,
1058 3669 1113 3734 sed
1134 3666 1184 3733 καὶ
1199 3669 1284 3755 στένε
1300 3673 1370 3735 cius
1385 3673 1491 3734 llcine·

318 3775 390 3836 liius
412 3775 526 3836 merito
550 3773 731 3854 inprobavit
754 3794 813 3836 nec
835 3778 940 3840 minus
964 3784 1049 3837 recte
1072 3776 1183 3838 reiecit
1210 3774 1251 3838 de
1274 3793 1336 3855 quo
1360 3776 1427 3856 ipse
1448 3793 1492 3836 oo·

317 3878 472 3958 gilaverat
494 3873 546 3940 καλ
569 3869 668 3960 orire.
715 3879 842 3958 scripsit
864 3887 955 3960 poeta

332 3985 335 3992 ’
473 3984 531 4065 φεῦ
553 3984 628 4064 φεῦ,
650 3983 703 4052 τᾶς
728 3977 850 4066 Παφίας
871 3975 963 4067 χόλον
986 3972 1058 4052 ἅζεο
1079 3976 1130 4043 κοιλ
1152 3975 1228 4066 φύγε
1249 3975 1346 4066 κώρα.

812 4276 1012 4290 mm
