<?xml version="1.0" encoding="UTF-8"?>
<!DOCTYPE html PUBLIC "-//W3C//DTD XHTML 1.0 Transitional//EN"
    "http://www.w3.org/TR/xhtml1/DTD/xhtml1-transitional.dtd">
<html xmlns="http://www.w3.org/1999/xhtml" xml:lang="en" lang="en">
 <head>
  <title>
</title>
<meta http-equiv="Content-Type" content="text/html;charset=utf-8" />
  <meta name='ocr-system' content='tesseract 3.04.00' />
  <meta name='ocr-capabilities' content='ocr_page ocr_carea ocr_par ocr_line ocrx_word'/>
</head>
<body>
  <div class='ocr_page' id='page_1' title='image "./mavriciihavptii00haupgoog/mavriciihavptii00haupgoog_0074.png"; bbox 0 0 3268 5108; ppageno 0'>
   <div class='ocr_carea' id='block_1_1' title="bbox 406 394 1314 474">
    <p class='ocr_par' dir='ltr' id='par_1_1' title="bbox 406 394 1314 474">
     <span class='ocr_line' id='line_1_1' title="bbox 406 394 1314 474; baseline -0.006 -4"><span class='ocrx_word' id='word_1_1' title='bbox 406 409 495 472; x_wconf 83' lang='lat' dir='ltr'><strong>lunux</strong></span> <span class='ocrx_word' id='word_1_2' title='bbox 517 426 682 473; x_wconf 72' lang='lat' dir='ltr'><strong>merrom!</strong></span> <span class='ocrx_word' id='word_1_3' title='bbox 708 428 892 474; x_wconf 74' lang='lat' dir='ltr'><strong>uteremur!</strong></span> <span class='ocrx_word' id='word_1_4' title='bbox 921 409 1015 472; x_wconf 73' lang='lat' dir='ltr'><strong>teet.</strong></span> <span class='ocrx_word' id='word_1_5' title='bbox 1269 394 1314 468; x_wconf 88' lang='grc'><strong>61</strong></span> 
     </span>
    </p>
   </div>
   <div class='ocr_carea' id='block_1_2' title="bbox 126 597 1326 4612">
    <p class='ocr_par' dir='ltr' id='par_1_2' title="bbox 126 597 1326 4612">
     <span class='ocr_line' id='line_1_2' title="bbox 128 597 1320 682; baseline 0.002 -25"><span class='ocrx_word' id='word_1_6' title='bbox 128 613 206 658; x_wconf 83' lang='lat' dir='ltr'><strong>esse.</strong></span> <span class='ocrx_word' id='word_1_7' title='bbox 255 616 329 660; x_wconf 92' lang='lat' dir='ltr'><strong>nam</strong></span> <span class='ocrx_word' id='word_1_8' title='bbox 360 597 445 679; x_wconf 90' lang='lat' dir='ltr'><strong>quod</strong></span> <span class='ocrx_word' id='word_1_9' title='bbox 468 600 687 664; x_wconf 88' lang='lat' dir='ltr'><strong>Lachmanuus</strong></span> <span class='ocrx_word' id='word_1_10' title='bbox 716 601 790 663; x_wconf 92' lang='lat' dir='ltr'><strong>olim</strong></span> <span class='ocrx_word' id='word_1_11' title='bbox 820 601 943 682; x_wconf 83' lang='lat' dir='ltr'><strong>putavit</strong></span> <span class='ocrx_word' id='word_1_12' title='bbox 970 598 1109 662; x_wconf 90' lang='lat' dir='ltr'><strong>eundem</strong></span> <span class='ocrx_word' id='word_1_13' title='bbox 1132 599 1266 661; x_wconf 89' lang='lat' dir='ltr'><strong>Veneris</strong></span> <span class='ocrx_word' id='word_1_14' title='bbox 1289 607 1320 662; x_wconf 92' lang='lat' dir='ltr'><strong>et</strong></span> 
     </span>
     <span class='ocr_line' id='line_1_3' title="bbox 129 699 1320 785; baseline 0.002 -25"><span class='ocrx_word' id='word_1_15' title='bbox 129 699 247 762; x_wconf 80' lang='lat' dir='ltr'><strong>Paridis</strong></span> <span class='ocrx_word' id='word_1_16' title='bbox 276 720 417 764; x_wconf 88' lang='lat' dir='ltr'><strong>amorem</strong></span> <span class='ocrx_word' id='word_1_17' title='bbox 446 723 463 766; x_wconf 92' lang='lat' dir='ltr'><strong>a</strong></span> <span class='ocrx_word' id='word_1_18' title='bbox 493 704 658 766; x_wconf 74' lang='lat' dir='ltr'>Theocrito</span> <span class='ocrx_word' id='word_1_19' title='bbox 694 704 885 785; x_wconf 80' lang='lat' dir='ltr'><strong>aliquotiens</strong></span> <span class='ocrx_word' id='word_1_20' title='bbox 913 703 1168 782; x_wconf 89' lang='lat' dir='ltr'><strong>commemorari,</strong></span> <span class='ocrx_word' id='word_1_21' title='bbox 1209 699 1320 763; x_wconf 89' lang='lat' dir='ltr'><strong>ieiellit</strong></span> 
     </span>
     <span class='ocr_line' id='line_1_4' title="bbox 128 803 1321 888; baseline 0 -24"><span class='ocrx_word' id='word_1_22' title='bbox 128 821 197 864; x_wconf 90' lang='lat' dir='ltr'><strong>eum</strong></span> <span class='ocrx_word' id='word_1_23' title='bbox 220 807 375 868; x_wconf 89' lang='lat' dir='ltr'><strong>memoria</strong></span> <span class='ocrx_word' id='word_1_24' title='bbox 402 826 509 888; x_wconf 88' lang='lat' dir='ltr'><strong>neque</strong></span> <span class='ocrx_word' id='word_1_25' title='bbox 540 809 572 870; x_wconf 89' lang='lat' dir='ltr'><strong>in</strong></span> <span class='ocrx_word' id='word_1_26' title='bbox 595 806 795 888; x_wconf 79' lang='lat' dir='ltr'><strong>coarguendo</strong></span> <span class='ocrx_word' id='word_1_27' title='bbox 824 807 955 870; x_wconf 87' lang='lat' dir='ltr'><strong>iuvenili</strong></span> <span class='ocrx_word' id='word_1_28' title='bbox 980 824 1089 868; x_wconf 90' lang='lat' dir='ltr'><strong>errore</strong></span> <span class='ocrx_word' id='word_1_29' title='bbox 1111 803 1321 868; x_wconf 91' lang='lat' dir='ltr'><strong>commorabi-</strong></span> 
     </span>
     <span class='ocr_line' id='line_1_5' title="bbox 128 907 1321 992; baseline 0.002 -24"><span class='ocrx_word' id='word_1_30' title='bbox 128 926 207 969; x_wconf 92' lang='lat' dir='ltr'><strong>mur.</strong></span> <span class='ocrx_word' id='word_1_31' title='bbox 257 909 345 989; x_wconf 90' lang='lat' dir='ltr'><strong>quod</strong></span> <span class='ocrx_word' id='word_1_32' title='bbox 373 912 400 972; x_wconf 91' lang='lat' dir='ltr'><strong>si</strong></span> <span class='ocrx_word' id='word_1_33' title='bbox 423 911 501 974; x_wconf 88' lang='lat' dir='ltr'><strong>artis</strong></span> <span class='ocrx_word' id='word_1_34' title='bbox 530 912 679 992; x_wconf 90' lang='lat' dir='ltr'><strong>antiquae</strong></span> <span class='ocrx_word' id='word_1_35' title='bbox 708 929 804 992; x_wconf 90' lang='lat' dir='ltr'><strong>opera</strong></span> <span class='ocrx_word' id='word_1_36' title='bbox 835 909 1120 991; x_wconf 89' lang='lat' dir='ltr'><strong>circumspicimus,</strong></span> <span class='ocrx_word' id='word_1_37' title='bbox 1150 927 1192 970; x_wconf 93' lang='lat' dir='ltr'><strong>ne</strong></span> <span class='ocrx_word' id='word_1_38' title='bbox 1215 909 1247 970; x_wconf 92' lang='lat' dir='ltr'><strong>in</strong></span> <span class='ocrx_word' id='word_1_39' title='bbox 1271 907 1321 970; x_wconf 91' lang='lat' dir='ltr'><strong>his</strong></span> 
     </span>
     <span class='ocr_line' id='line_1_6' title="bbox 127 1007 1322 1096; baseline -0.001 -23"><span class='ocrx_word' id='word_1_40' title='bbox 127 1009 258 1090; x_wconf 87' lang='lat' dir='ltr'><strong>quidem</strong></span> <span class='ocrx_word' id='word_1_41' title='bbox 289 1014 471 1077; x_wconf 83' lang='lat' dir='ltr'><strong>invenimus</strong></span> <span class='ocrx_word' id='word_1_42' title='bbox 498 1013 585 1096; x_wconf 87' lang='lat' dir='ltr'><strong>quod</strong></span> <span class='ocrx_word' id='word_1_43' title='bbox 608 1013 688 1078; x_wconf 87' lang='lat' dir='ltr'><strong>&#39;oum</strong></span> <span class='ocrx_word' id='word_1_44' title='bbox 712 1014 867 1096; x_wconf 78' lang='lat' dir='ltr'><strong>Propertii</strong></span> <span class='ocrx_word' id='word_1_45' title='bbox 890 1012 1039 1076; x_wconf 90' lang='lat' dir='ltr'><strong>versibus</strong></span> <span class='ocrx_word' id='word_1_46' title='bbox 1061 1021 1240 1092; x_wconf 68' lang='lat' dir='ltr'><strong>congruat,¹</strong></span> <span class='ocrx_word' id='word_1_47' title='bbox 1264 1007 1322 1072; x_wconf 91' lang='lat' dir='ltr'><strong>sed</strong></span> 
     </span>
     <span class='ocr_line' id='line_1_7' title="bbox 128 1113 1322 1200; baseline 0 -26"><span class='ocrx_word' id='word_1_48' title='bbox 128 1115 158 1176; x_wconf 91' lang='lat' dir='ltr'><strong>iu</strong></span> <span class='ocrx_word' id='word_1_49' title='bbox 180 1135 246 1177; x_wconf 89' lang='lat' dir='ltr'><strong>uno</strong></span> <span class='ocrx_word' id='word_1_50' title='bbox 269 1115 376 1198; x_wconf 86' lang='lat' dir='ltr'><strong>aliquo</strong></span> <span class='ocrx_word' id='word_1_51' title='bbox 405 1119 535 1200; x_wconf 88' lang='lat' dir='ltr'><strong>speculo</strong></span> <span class='ocrx_word' id='word_1_52' title='bbox 558 1119 701 1198; x_wconf 88' lang='lat' dir='ltr'><strong>Etrusco,</strong></span> <span class='ocrx_word' id='word_1_53' title='bbox 734 1119 824 1182; x_wconf 87' lang='lat' dir='ltr'><strong>cuius</strong></span> <span class='ocrx_word' id='word_1_54' title='bbox 850 1116 1053 1199; x_wconf 82' lang='lat' dir='ltr'><strong>apographon</strong></span> <span class='ocrx_word' id='word_1_55' title='bbox 1076 1113 1217 1178; x_wconf 87' lang='lat' dir='ltr'><strong>Eduardi</strong></span> <span class='ocrx_word' id='word_1_56' title='bbox 1241 1113 1322 1176; x_wconf 86' lang='lat' dir='ltr'><strong>(ler-</strong></span> 
     </span>
     <span class='ocr_line' id='line_1_8' title="bbox 127 1217 1321 1302; baseline 0 -24"><span class='ocrx_word' id='word_1_57' title='bbox 127 1217 228 1281; x_wconf 89' lang='lat' dir='ltr'><strong>hardii</strong></span> <span class='ocrx_word' id='word_1_58' title='bbox 254 1218 363 1284; x_wconf 85' lang='lat' dir='ltr'><strong>tabula</strong></span> <span class='ocrx_word' id='word_1_59' title='bbox 381 1240 441 1284; x_wconf 83' lang='lat' dir='ltr'><strong>exn</strong></span> <span class='ocrx_word' id='word_1_60' title='bbox 465 1221 607 1302; x_wconf 83' lang='lat' dir='ltr'><strong>exhibet,</strong></span> <span class='ocrx_word' id='word_1_61' title='bbox 633 1223 736 1285; x_wconf 91' lang='lat' dir='ltr'><strong>levem</strong></span> <span class='ocrx_word' id='word_1_62' title='bbox 759 1221 918 1302; x_wconf 87' lang='lat' dir='ltr'><strong>quandam</strong></span> <span class='ocrx_word' id='word_1_63' title='bbox 940 1218 1160 1282; x_wconf 87' lang='lat' dir='ltr'><strong>similitudinis</strong></span> <span class='ocrx_word' id='word_1_64' title='bbox 1182 1217 1321 1300; x_wconf 87' lang='lat' dir='ltr'><strong>speciem</strong></span> 
     </span>
     <span class='ocr_line' id='line_1_9' title="bbox 126 1321 1322 1405; baseline -0.001 -22"><span class='ocrx_word' id='word_1_65' title='bbox 126 1321 361 1403; x_wconf 79' lang='lat' dir='ltr'><strong>adgnoscimus.</strong></span> <span class='ocrx_word' id='word_1_66' title='bbox 408 1343 481 1386; x_wconf 92' lang='lat' dir='ltr'><strong>nam</strong></span> <span class='ocrx_word' id='word_1_67' title='bbox 503 1327 693 1389; x_wconf 88' lang='lat' dir='ltr'><strong>caelaturam</strong></span> <span class='ocrx_word' id='word_1_68' title='bbox 723 1326 809 1387; x_wconf 90' lang='lat' dir='ltr'><strong>illius</strong></span> <span class='ocrx_word' id='word_1_69' title='bbox 831 1324 952 1405; x_wconf 84' lang='lat' dir='ltr'><strong>speculi</strong></span> <span class='ocrx_word' id='word_1_70' title='bbox 976 1331 1061 1384; x_wconf 89' lang='lat' dir='ltr'><strong>recte</strong></span> <span class='ocrx_word' id='word_1_71' title='bbox 1094 1322 1322 1403; x_wconf 87' lang='lat' dir='ltr'><strong>interpretatus</strong></span> 
     </span>
     <span class='ocr_line' id='line_1_10' title="bbox 127 1425 1321 1505; baseline -0.003 -17"><span class='ocrx_word' id='word_1_72' title='bbox 127 1445 194 1488; x_wconf 90' lang='lat' dir='ltr'><strong>esse</strong></span> <span class='ocrx_word' id='word_1_73' title='bbox 233 1426 366 1490; x_wconf 92' lang='lat' dir='ltr'><strong>videtur</strong></span> <span class='ocrx_word' id='word_1_74' title='bbox 393 1429 466 1491; x_wconf 88' lang='lat' dir='ltr'><strong>Otto</strong></span> <span class='ocrx_word' id='word_1_75' title='bbox 500 1429 628 1496; x_wconf 79' lang='lat' dir='ltr'><strong>Iahnius</strong></span> <span class='ocrx_word' id='word_1_76' title='bbox 662 1431 694 1490; x_wconf 93' lang='lat' dir='ltr'><strong>in</strong></span> <span class='ocrx_word' id='word_1_77' title='bbox 729 1428 891 1490; x_wconf 90' lang='lat' dir='ltr'><strong>annalium</strong></span> <span class='ocrx_word' id='word_1_78' title='bbox 924 1427 1060 1490; x_wconf 87' lang='lat' dir='ltr'><strong>instituti</strong></span> <span class='ocrx_word' id='word_1_79' title='bbox 1094 1425 1321 1505; x_wconf 77' lang='lat' dir='ltr'><strong>archaeolegioi</strong></span> 
     </span>
     <span class='ocr_line' id='line_1_11' title="bbox 128 1528 1322 1614; baseline -0.002 -23"><span class='ocrx_word' id='word_1_80' title='bbox 128 1539 207 1592; x_wconf 90' lang='lat' dir='ltr'><strong>tomo</strong></span> <span class='ocrx_word' id='word_1_81' title='bbox 233 1549 295 1593; x_wconf 76' lang='grc' dir='ltr'><strong>πνοι</strong></span> <span class='ocrx_word' id='word_1_82' title='bbox 318 1552 350 1612; x_wconf 91' lang='lat' dir='ltr'><strong>p.</strong></span> <span class='ocrx_word' id='word_1_83' title='bbox 369 1533 432 1596; x_wconf 78' lang='lat'><strong>352</strong></span> <span class='ocrx_word' id='word_1_84' title='bbox 448 1552 491 1596; x_wconf 89' lang='lat' dir='ltr'><strong>ss.</strong></span> <span class='ocrx_word' id='word_1_85' title='bbox 522 1551 628 1614; x_wconf 89' lang='lat' dir='ltr'><strong>neque</strong></span> <span class='ocrx_word' id='word_1_86' title='bbox 658 1530 841 1596; x_wconf 91' lang='lat' dir='ltr'><strong>dubitamus</strong></span> <span class='ocrx_word' id='word_1_87' title='bbox 869 1531 1008 1612; x_wconf 89' lang='lat' dir='ltr'><strong>conspici</strong></span> <span class='ocrx_word' id='word_1_88' title='bbox 1040 1531 1072 1592; x_wconf 89' lang='lat' dir='ltr'><strong>iu</strong></span> <span class='ocrx_word' id='word_1_89' title='bbox 1105 1548 1141 1590; x_wconf 91' lang='lat' dir='ltr'><strong>eo</strong></span> <span class='ocrx_word' id='word_1_90' title='bbox 1171 1528 1322 1590; x_wconf 88' lang='lat' dir='ltr'><strong>lunonem</strong></span> 
     </span>
     <span class='ocr_line' id='line_1_12' title="bbox 127 1615 1322 1716; baseline -0.001 -22"><span class='ocrx_word' id='word_1_91' title='bbox 127 1634 302 1696; x_wconf 88' lang='lat' dir='ltr'><strong>llinervam</strong></span> <span class='ocrx_word' id='word_1_92' title='bbox 331 1635 488 1698; x_wconf 80' lang='lat' dir='ltr'><strong>Venerem</strong></span> <span class='ocrx_word' id='word_1_93' title='bbox 519 1634 722 1716; x_wconf 88' lang='lat' dir='ltr'><strong>iudicemque</strong></span> <span class='ocrx_word' id='word_1_94' title='bbox 752 1653 861 1697; x_wconf 90' lang='lat' dir='ltr'><strong>earum</strong></span> <span class='ocrx_word' id='word_1_95' title='bbox 892 1615 1054 1697; x_wconf 87' lang='lat' dir='ltr'><strong>Paridem:</strong></span> <span class='ocrx_word' id='word_1_96' title='bbox 1095 1633 1181 1694; x_wconf 89' lang='lat' dir='ltr'><strong>Paris</strong></span> <span class='ocrx_word' id='word_1_97' title='bbox 1216 1641 1322 1694; x_wconf 88' lang='lat' dir='ltr'><strong>antem</strong></span> 
     </span>
     <span class='ocr_line' id='line_1_13' title="bbox 127 1735 1324 1816; baseline 0 -20"><span class='ocrx_word' id='word_1_98' title='bbox 127 1735 314 1802; x_wconf 87' lang='lat' dir='ltr'><strong>bracehium</strong></span> <span class='ocrx_word' id='word_1_99' title='bbox 337 1740 471 1802; x_wconf 91' lang='lat' dir='ltr'><strong>Veneris</strong></span> <span class='ocrx_word' id='word_1_100' title='bbox 494 1740 571 1802; x_wconf 88' lang='lat' dir='ltr'><strong>eollo</strong></span> <span class='ocrx_word' id='word_1_101' title='bbox 594 1738 760 1802; x_wconf 87' lang='lat' dir='ltr'><strong>circundat</strong></span> <span class='ocrx_word' id='word_1_102' title='bbox 788 1747 825 1801; x_wconf 93' lang='lat' dir='ltr'><strong>ut</strong></span> <span class='ocrx_word' id='word_1_103' title='bbox 846 1757 914 1800; x_wconf 90' lang='lat' dir='ltr'><strong>eam</strong></span> <span class='ocrx_word' id='word_1_104' title='bbox 938 1738 1108 1816; x_wconf 81' lang='lat' dir='ltr'><strong>osculetur,</strong></span> <span class='ocrx_word' id='word_1_105' title='bbox 1141 1753 1247 1816; x_wconf 89' lang='lat' dir='ltr'><strong>neque</strong></span> <span class='ocrx_word' id='word_1_106' title='bbox 1271 1754 1324 1796; x_wconf 89' lang='lat' dir='ltr'><strong>re-</strong></span> 
     </span>
     <span class='ocr_line' id='line_1_14' title="bbox 127 1840 1323 1924; baseline -0.001 -22"><span class='ocrx_word' id='word_1_107' title='bbox 127 1840 218 1921; x_wconf 88' lang='lat' dir='ltr'><strong>pellit</strong></span> <span class='ocrx_word' id='word_1_108' title='bbox 243 1841 296 1902; x_wconf 88' lang='lat' dir='ltr'><strong>illa</strong></span> <span class='ocrx_word' id='word_1_109' title='bbox 320 1842 472 1906; x_wconf 91' lang='lat' dir='ltr'><strong>osculum.</strong></span> <span class='ocrx_word' id='word_1_110' title='bbox 521 1843 628 1924; x_wconf 89' lang='lat' dir='ltr'><strong>itaque</strong></span> <span class='ocrx_word' id='word_1_111' title='bbox 653 1843 722 1904; x_wconf 92' lang='lat' dir='ltr'><strong>iure</strong></span> <span class='ocrx_word' id='word_1_112' title='bbox 744 1861 801 1904; x_wconf 92' lang='lat' dir='ltr'><strong>suo</strong></span> <span class='ocrx_word' id='word_1_113' title='bbox 824 1842 953 1904; x_wconf 83' lang='lat' dir='ltr'><strong>Iahnius</strong></span> <span class='ocrx_word' id='word_1_114' title='bbox 979 1841 1066 1904; x_wconf 91' lang='lat' dir='ltr'><strong>bunc</strong></span> <span class='ocrx_word' id='word_1_115' title='bbox 1087 1840 1242 1902; x_wconf 89' lang='lat' dir='ltr'><strong>artificem</strong></span> <span class='ocrx_word' id='word_1_116' title='bbox 1265 1858 1323 1901; x_wconf 88' lang='lat' dir='ltr'><strong>no-</strong></span> 
     </span>
     <span class='ocr_line' id='line_1_15' title="bbox 127 1942 1323 2009; baseline -0.002 -5"><span class='ocrx_word' id='word_1_117' title='bbox 127 1953 190 2005; x_wconf 86' lang='lat' dir='ltr'><strong>tam</strong></span> <span class='ocrx_word' id='word_1_118' title='bbox 214 1942 357 2008; x_wconf 80' lang='lat' dir='ltr'><strong>fabulam</strong></span> <span class='ocrx_word' id='word_1_119' title='bbox 384 1965 421 2008; x_wconf 91' lang='lat' dir='ltr'><strong>eo</strong></span> <span class='ocrx_word' id='word_1_120' title='bbox 444 1945 614 2009; x_wconf 83' lang='lat' dir='ltr'><strong>deflexisse</strong></span> <span class='ocrx_word' id='word_1_121' title='bbox 643 1945 816 2008; x_wconf 87' lang='lat' dir='ltr'><strong>arbitratus</strong></span> <span class='ocrx_word' id='word_1_122' title='bbox 846 1955 895 2008; x_wconf 89' lang='lat' dir='ltr'><strong>est</strong></span> <span class='ocrx_word' id='word_1_123' title='bbox 921 1954 958 2008; x_wconf 91' lang='lat' dir='ltr'><strong>ut</strong></span> <span class='ocrx_word' id='word_1_124' title='bbox 979 1947 1138 2008; x_wconf 88' lang='lat' dir='ltr'><strong>Venerem</strong></span> <span class='ocrx_word' id='word_1_125' title='bbox 1167 1961 1231 2006; x_wconf 90' lang='lat' dir='ltr'><strong>uon</strong></span> <span class='ocrx_word' id='word_1_126' title='bbox 1259 1951 1323 2004; x_wconf 89' lang='lat' dir='ltr'><strong>tarn</strong></span> 
     </span>
     <span class='ocr_line' id='line_1_16' title="bbox 128 2045 1322 2130; baseline -0.001 -20"><span class='ocrx_word' id='word_1_127' title='bbox 128 2049 283 2128; x_wconf 90' lang='lat' dir='ltr'><strong>promisso</strong></span> <span class='ocrx_word' id='word_1_128' title='bbox 307 2050 446 2112; x_wconf 89' lang='lat' dir='ltr'><strong>llelcuae</strong></span> <span class='ocrx_word' id='word_1_129' title='bbox 468 2049 603 2112; x_wconf 89' lang='lat' dir='ltr'><strong>conubio</strong></span> <span class='ocrx_word' id='word_1_130' title='bbox 626 2069 720 2130; x_wconf 90' lang='lat' dir='ltr'><strong>quam</strong></span> <span class='ocrx_word' id='word_1_131' title='bbox 751 2069 807 2112; x_wconf 90' lang='lat' dir='ltr'><strong>suo</strong></span> <span class='ocrx_word' id='word_1_132' title='bbox 837 2046 974 2130; x_wconf 88' lang='lat' dir='ltr'><strong>quodam</strong></span> <span class='ocrx_word' id='word_1_133' title='bbox 1001 2047 1155 2128; x_wconf 90' lang='lat' dir='ltr'><strong>obsequio</strong></span> <span class='ocrx_word' id='word_1_134' title='bbox 1184 2045 1322 2110; x_wconf 89' lang='lat' dir='ltr'><strong>iudicem</strong></span> 
     </span>
     <span class='ocr_line' id='line_1_17' title="bbox 128 2151 1324 2233; baseline -0.002 -19"><span class='ocrx_word' id='word_1_135' title='bbox 128 2153 310 2233; x_wconf 87' lang='lat' dir='ltr'><strong>corrupisse</strong></span> <span class='ocrx_word' id='word_1_136' title='bbox 334 2153 480 2233; x_wconf 86' lang='lat' dir='ltr'><strong>lingeret.</strong></span> <span class='ocrx_word' id='word_1_137' title='bbox 528 2154 616 2216; x_wconf 88' lang='lat' dir='ltr'><strong>venit</strong></span> <span class='ocrx_word' id='word_1_138' title='bbox 638 2152 731 2216; x_wconf 90' lang='lat' dir='ltr'><strong>nobis</strong></span> <span class='ocrx_word' id='word_1_139' title='bbox 758 2153 790 2214; x_wconf 93' lang='lat' dir='ltr'><strong>in</strong></span> <span class='ocrx_word' id='word_1_140' title='bbox 815 2163 954 2215; x_wconf 89' lang='lat' dir='ltr'><strong>mentem</strong></span> <span class='ocrx_word' id='word_1_141' title='bbox 977 2151 1237 2214; x_wconf 86' lang='lat' dir='ltr'><strong>suavissimorum</strong></span> <span class='ocrx_word' id='word_1_142' title='bbox 1260 2151 1324 2213; x_wconf 86' lang='lat' dir='ltr'><strong>tto-</strong></span> 
     </span>
     <span class='ocr_line' id='line_1_18' title="bbox 128 2245 1322 2343; baseline -0.001 -27"><span class='ocrx_word' id='word_1_143' title='bbox 128 2256 193 2318; x_wconf 91' lang='lat' dir='ltr'><strong>scbi</strong></span> <span class='ocrx_word' id='word_1_144' title='bbox 211 2256 455 2337; x_wconf 89' lang='lat' dir='ltr'><strong>versiculorum,</strong></span> <span class='ocrx_word' id='word_1_145' title='bbox 474 2250 507 2320; x_wconf 83' lang='lat' dir='ltr'><strong>‘A</strong></span> <span class='ocrx_word' id='word_1_146' title='bbox 524 2249 640 2343; x_wconf 75' lang='grc' dir='ltr'><strong>Κύπρις</strong></span> <span class='ocrx_word' id='word_1_147' title='bbox 662 2251 711 2322; x_wconf 84' lang='grc' dir='ltr'><strong>τὸν</strong></span> <span class='ocrx_word' id='word_1_148' title='bbox 728 2245 854 2342; x_wconf 80' lang='grc' dir='ltr'><strong>Ἔρωτα</strong></span> <span class='ocrx_word' id='word_1_149' title='bbox 875 2250 925 2320; x_wconf 83' lang='grc' dir='ltr'><strong>τὸν</strong></span> <span class='ocrx_word' id='word_1_150' title='bbox 946 2253 1013 2319; x_wconf 77' lang='grc' dir='ltr'><strong>υἱέα</strong></span> <span class='ocrx_word' id='word_1_151' title='bbox 1037 2249 1150 2340; x_wconf 76' lang='grc' dir='ltr'><strong>μακρὸν</strong></span> <span class='ocrx_word' id='word_1_152' title='bbox 1166 2247 1322 2340; x_wconf 75' lang='grc' dir='ltr'><strong>ἑβῶστροι,</strong></span> 
     </span>
     <span class='ocr_line' id='line_1_19' title="bbox 129 2350 1325 2444; baseline -0.003 -21"><span class='ocrx_word' id='word_1_153' title='bbox 129 2353 184 2423; x_wconf 83' lang='lat' dir='ltr'><strong>“Ei</strong></span> <span class='ocrx_word' id='word_1_154' title='bbox 210 2382 255 2430; x_wconf 83' lang='grc' dir='ltr'><strong>τις</strong></span> <span class='ocrx_word' id='word_1_155' title='bbox 285 2355 330 2422; x_wconf 78' lang='grc' dir='ltr'><strong>ἑνὶ</strong></span> <span class='ocrx_word' id='word_1_156' title='bbox 356 2353 502 2444; x_wconf 85' lang='grc' dir='ltr'><strong>τριόδοιοι</strong></span> <span class='ocrx_word' id='word_1_157' title='bbox 529 2355 724 2444; x_wconf 75' lang='grc' dir='ltr'><strong>πλανώμενον</strong></span> <span class='ocrx_word' id='word_1_158' title='bbox 753 2357 832 2424; x_wconf 82' lang='grc' dir='ltr'><strong>εἶδεν</strong></span> <span class='ocrx_word' id='word_1_159' title='bbox 856 2350 1000 2444; x_wconf 83' lang='grc' dir='ltr'><strong>Ἔρωτα,</strong></span> <span class='ocrx_word' id='word_1_160' title='bbox 1039 2356 1226 2444; x_wconf 77' lang='grc' dir='ltr'><strong>Δραποτίδας</strong></span> <span class='ocrx_word' id='word_1_161' title='bbox 1252 2350 1325 2440; x_wconf 77' lang='grc' dir='ltr'><strong>ἐμός</strong></span> 
     </span>
     <span class='ocr_line' id='line_1_20' title="bbox 129 2456 1322 2550; baseline -0.001 -25"><span class='ocrx_word' id='word_1_162' title='bbox 129 2461 225 2526; x_wconf 76' lang='grc' dir='ltr'><strong>ἐστιν·</strong></span> <span class='ocrx_word' id='word_1_163' title='bbox 259 2456 432 2547; x_wconf 80' lang='grc' dir='ltr'><strong>ὁμανοτὰς</strong></span> <span class='ocrx_word' id='word_1_164' title='bbox 461 2463 553 2550; x_wconf 78' lang='grc' dir='ltr'><strong>γέρας</strong></span> <span class='ocrx_word' id='word_1_165' title='bbox 582 2463 650 2536; x_wconf 78' lang='grc' dir='ltr'>ἑξεῖ.</span> <span class='ocrx_word' id='word_1_166' title='bbox 699 2457 815 2534; x_wconf 81' lang='grc' dir='ltr'><strong>Μιοθός</strong></span> <span class='ocrx_word' id='word_1_167' title='bbox 843 2462 872 2526; x_wconf 82' lang='lat' dir='ltr'><strong>oi</strong></span> <span class='ocrx_word' id='word_1_168' title='bbox 898 2458 931 2526; x_wconf 84' lang='grc' dir='ltr'><strong>τὸ</strong></span> <span class='ocrx_word' id='word_1_169' title='bbox 954 2459 1073 2547; x_wconf 64' lang='lat' dir='ltr'><strong>pitorio</strong></span> <span class='ocrx_word' id='word_1_170' title='bbox 1101 2457 1135 2526; x_wconf 84' lang='grc' dir='ltr'><strong>τὸ</strong></span> <span class='ocrx_word' id='word_1_171' title='bbox 1159 2456 1322 2546; x_wconf 80' lang='grc' dir='ltr'><strong>Κύπριδος·</strong></span> 
     </span>
     <span class='ocr_line' id='line_1_21' title="bbox 128 2556 1324 2654; baseline 0.001 -27"><span class='ocrx_word' id='word_1_172' title='bbox 128 2557 163 2654; x_wconf 79' lang='grc' dir='ltr'><strong>ᾒν</strong></span> <span class='ocrx_word' id='word_1_173' title='bbox 188 2559 218 2628; x_wconf 85' lang='grc' dir='ltr'><strong>δ’</strong></span> <span class='ocrx_word' id='word_1_174' title='bbox 244 2559 363 2652; x_wconf 73' lang='grc' dir='ltr'>ἀγάγῃς</span> <span class='ocrx_word' id='word_1_175' title='bbox 385 2590 443 2644; x_wconf 86' lang='grc' dir='ltr'><strong>νιν,</strong></span> <span class='ocrx_word' id='word_1_176' title='bbox 467 2562 512 2631; x_wconf 81' lang='lat' dir='ltr'><strong>[ld</strong></span> <span class='ocrx_word' id='word_1_177' title='bbox 534 2561 644 2652; x_wconf 76' lang='grc' dir='ltr'><strong>γορνὸν</strong></span> <span class='ocrx_word' id='word_1_178' title='bbox 666 2561 699 2630; x_wconf 84' lang='grc' dir='ltr'><strong>τὸ</strong></span> <span class='ocrx_word' id='word_1_179' title='bbox 722 2564 854 2652; x_wconf 79' lang='grc' dir='ltr'><strong>φίλαμα,</strong></span> <span class='ocrx_word' id='word_1_180' title='bbox 884 2560 920 2630; x_wconf 77' lang='grc' dir='ltr'><strong>τὸ</strong></span> <span class='ocrx_word' id='word_1_181' title='bbox 943 2561 986 2643; x_wconf 87' lang='grc' dir='ltr'><strong>δ’,</strong></span> <span class='ocrx_word' id='word_1_182' title='bbox 1015 2556 1139 2643; x_wconf 65' lang='lat' dir='ltr'><strong>didus,</strong></span> <span class='ocrx_word' id='word_1_183' title='bbox 1162 2559 1214 2629; x_wconf 76' lang='lat' dir='ltr'><strong>rui</strong></span> <span class='ocrx_word' id='word_1_184' title='bbox 1233 2562 1324 2629; x_wconf 80' lang='grc' dir='ltr'><strong>πλέον</strong></span> 
     </span>
     <span class='ocr_line' id='line_1_22' title="bbox 129 2667 1326 2750; baseline -0.003 -17"><span class='ocrx_word' id='word_1_185' title='bbox 129 2668 235 2741; x_wconf 76' lang='grc' dir='ltr'><strong>ἑξοῖς.”</strong></span> <span class='ocrx_word' id='word_1_186' title='bbox 281 2670 340 2734; x_wconf 90' lang='lat' dir='ltr'><strong>sed</strong></span> <span class='ocrx_word' id='word_1_187' title='bbox 367 2690 444 2734; x_wconf 93' lang='lat' dir='ltr'><strong>uum</strong></span> <span class='ocrx_word' id='word_1_188' title='bbox 473 2671 590 2734; x_wconf 84' lang='lat' dir='ltr'><strong>artilex</strong></span> <span class='ocrx_word' id='word_1_189' title='bbox 613 2671 666 2734; x_wconf 91' lang='lat' dir='ltr'><strong>ille</strong></span> <span class='ocrx_word' id='word_1_190' title='bbox 689 2671 842 2735; x_wconf 87' lang='lat' dir='ltr'><strong>Etruscus</strong></span> <span class='ocrx_word' id='word_1_191' title='bbox 863 2669 1008 2732; x_wconf 86' lang='lat' dir='ltr'><strong>Paridem</strong></span> <span class='ocrx_word' id='word_1_192' title='bbox 1036 2667 1159 2750; x_wconf 90' lang='lat' dir='ltr'><strong>aliquid</strong></span> <span class='ocrx_word' id='word_1_193' title='bbox 1188 2669 1326 2750; x_wconf 91' lang='lat' dir='ltr'><strong>amplius</strong></span> 
     </span>
     <span class='ocr_line' id='line_1_23' title="bbox 131 2773 1325 2856; baseline 0 -22"><span class='ocrx_word' id='word_1_194' title='bbox 131 2783 311 2855; x_wconf 88' lang='lat' dir='ltr'><strong>reportasse</strong></span> <span class='ocrx_word' id='word_1_195' title='bbox 340 2776 500 2856; x_wconf 88' lang='lat' dir='ltr'><strong>putaverit</strong></span> <span class='ocrx_word' id='word_1_196' title='bbox 531 2776 730 2855; x_wconf 79' lang='lat' dir='ltr'><strong>ignoramus,</strong></span> <span class='ocrx_word' id='word_1_197' title='bbox 768 2793 875 2854; x_wconf 88' lang='lat' dir='ltr'><strong>neque</strong></span> <span class='ocrx_word' id='word_1_198' title='bbox 904 2773 930 2834; x_wconf 90' lang='lat' dir='ltr'><strong>si</strong></span> <span class='ocrx_word' id='word_1_199' title='bbox 962 2773 1098 2835; x_wconf 92' lang='lat' dir='ltr'><strong>caelator</strong></span> <span class='ocrx_word' id='word_1_200' title='bbox 1126 2773 1243 2853; x_wconf 88' lang='lat' dir='ltr'><strong>aliquis</strong></span> <span class='ocrx_word' id='word_1_201' title='bbox 1271 2782 1325 2834; x_wconf 87' lang='lat' dir='ltr'><strong>eut</strong></span> 
     </span>
     <span class='ocr_line' id='line_1_24' title="bbox 132 2875 1325 2958; baseline 0 -20"><span class='ocrx_word' id='word_1_202' title='bbox 132 2879 232 2958; x_wconf 93' lang='lat' dir='ltr'><strong>pictor</strong></span> <span class='ocrx_word' id='word_1_203' title='bbox 254 2877 377 2958; x_wconf 88' lang='lat' dir='ltr'><strong>aliquid</strong></span> <span class='ocrx_word' id='word_1_204' title='bbox 400 2879 492 2940; x_wconf 82' lang='lat' dir='ltr'><strong>linxit</strong></span> <span class='ocrx_word' id='word_1_205' title='bbox 514 2878 703 2941; x_wconf 88' lang='lat' dir='ltr'><strong>lasciviusve</strong></span> <span class='ocrx_word' id='word_1_206' title='bbox 727 2877 813 2956; x_wconf 87' lang='lat' dir='ltr'><strong>lusit,</strong></span> <span class='ocrx_word' id='word_1_207' title='bbox 850 2876 998 2939; x_wconf 90' lang='lat' dir='ltr'><strong>continuo</strong></span> <span class='ocrx_word' id='word_1_208' title='bbox 1027 2877 1085 2938; x_wconf 91' lang='lat' dir='ltr'><strong>hoo</strong></span> <span class='ocrx_word' id='word_1_209' title='bbox 1113 2875 1154 2937; x_wconf 89' lang='lat' dir='ltr'><strong>ad</strong></span> <span class='ocrx_word' id='word_1_210' title='bbox 1184 2894 1325 2938; x_wconf 88' lang='lat' dir='ltr'><strong>eommu-</strong></span> 
     </span>
     <span class='ocr_line' id='line_1_25' title="bbox 132 2979 1321 3063; baseline -0.002 -21"><span class='ocrx_word' id='word_1_211' title='bbox 132 2999 205 3043; x_wconf 90' lang='lat' dir='ltr'><strong>nem</strong></span> <span class='ocrx_word' id='word_1_212' title='bbox 220 2981 404 3063; x_wconf 89' lang='lat' dir='ltr'><strong>opinionem</strong></span> <span class='ocrx_word' id='word_1_213' title='bbox 420 2980 628 3044; x_wconf 81' lang='lat' dir='ltr'><strong>referendum</strong></span> <span class='ocrx_word' id='word_1_214' title='bbox 644 2991 709 3042; x_wconf 91' lang='lat' dir='ltr'><strong>est:</strong></span> <span class='ocrx_word' id='word_1_215' title='bbox 736 2979 821 3061; x_wconf 91' lang='lat' dir='ltr'><strong>quod</strong></span> <span class='ocrx_word' id='word_1_216' title='bbox 837 2999 899 3042; x_wconf 91' lang='lat' dir='ltr'><strong>nou</strong></span> <span class='ocrx_word' id='word_1_217' title='bbox 916 2997 1081 3042; x_wconf 88' lang='lat' dir='ltr'><strong>monemus</strong></span> <span class='ocrx_word' id='word_1_218' title='bbox 1100 2980 1200 3042; x_wconf 90' lang='lat' dir='ltr'><strong>labnii</strong></span> <span class='ocrx_word' id='word_1_219' title='bbox 1217 2989 1321 3058; x_wconf 84' lang='lat' dir='ltr'><strong>causa,</strong></span> 
     </span>
     <span class='ocr_line' id='line_1_26' title="bbox 131 3081 1324 3167; baseline -0.003 -19"><span class='ocrx_word' id='word_1_220' title='bbox 131 3104 225 3165; x_wconf 90' lang='lat' dir='ltr'><strong>quem</strong></span> <span class='ocrx_word' id='word_1_221' title='bbox 255 3086 375 3148; x_wconf 90' lang='lat' dir='ltr'><strong>scimus</strong></span> <span class='ocrx_word' id='word_1_222' title='bbox 402 3083 443 3146; x_wconf 92' lang='lat' dir='ltr'><strong>ab</strong></span> <span class='ocrx_word' id='word_1_223' title='bbox 467 3086 524 3148; x_wconf 92' lang='lat' dir='ltr'><strong>ista</strong></span> <span class='ocrx_word' id='word_1_224' title='bbox 547 3083 699 3167; x_wconf 90' lang='lat' dir='ltr'><strong>opinandi</strong></span> <span class='ocrx_word' id='word_1_225' title='bbox 726 3083 855 3146; x_wconf 86' lang='lat' dir='ltr'><strong>levitate</strong></span> <span class='ocrx_word' id='word_1_226' title='bbox 883 3102 1014 3165; x_wconf 91' lang='lat' dir='ltr'><strong>prorsus</strong></span> <span class='ocrx_word' id='word_1_227' title='bbox 1035 3083 1220 3146; x_wconf 88' lang='lat' dir='ltr'><strong>abhorrere.</strong></span> <span class='ocrx_word' id='word_1_228' title='bbox 1267 3081 1324 3144; x_wconf 90' lang='lat' dir='ltr'><strong>sed</strong></span> 
     </span>
     <span class='ocr_line' id='line_1_27' title="bbox 132 3185 1323 3269; baseline -0.002 -21"><span class='ocrx_word' id='word_1_229' title='bbox 132 3186 227 3251; x_wconf 87' lang='lat' dir='ltr'><strong>luerit</strong></span> <span class='ocrx_word' id='word_1_230' title='bbox 248 3189 356 3269; x_wconf 81' lang='lat' dir='ltr'><strong>eliqua</strong></span> <span class='ocrx_word' id='word_1_231' title='bbox 379 3187 461 3252; x_wconf 86' lang='lat' dir='ltr'><strong>lama</strong></span> <span class='ocrx_word' id='word_1_232' title='bbox 476 3191 633 3252; x_wconf 84' lang='lat' dir='ltr'><strong>Venerem</strong></span> <span class='ocrx_word' id='word_1_233' title='bbox 657 3187 761 3250; x_wconf 87' lang='lat' dir='ltr'><strong>Paridi</strong></span> <span class='ocrx_word' id='word_1_234' title='bbox 785 3187 834 3250; x_wconf 92' lang='lat' dir='ltr'><strong>sui</strong></span> <span class='ocrx_word' id='word_1_235' title='bbox 854 3187 975 3268; x_wconf 88' lang='lat' dir='ltr'><strong>copiam</strong></span> <span class='ocrx_word' id='word_1_236' title='bbox 999 3185 1123 3265; x_wconf 89' lang='lat' dir='ltr'><strong>iecisse,</strong></span> <span class='ocrx_word' id='word_1_237' title='bbox 1149 3185 1235 3267; x_wconf 89' lang='lat' dir='ltr'><strong>quod</strong></span> <span class='ocrx_word' id='word_1_238' title='bbox 1257 3193 1323 3247; x_wconf 92' lang='lat' dir='ltr'><strong>tum</strong></span> 
     </span>
     <span class='ocr_line' id='line_1_28' title="bbox 133 3288 1325 3365; baseline -0.002 -13"><span class='ocrx_word' id='word_1_239' title='bbox 133 3292 300 3356; x_wconf 85' lang='lat' dir='ltr'><strong>credemus</strong></span> <span class='ocrx_word' id='word_1_240' title='bbox 323 3312 395 3354; x_wconf 90' lang='lat' dir='ltr'><strong>oum</strong></span> <span class='ocrx_word' id='word_1_241' title='bbox 425 3293 520 3356; x_wconf 91' lang='lat' dir='ltr'><strong>certis</strong></span> <span class='ocrx_word' id='word_1_242' title='bbox 543 3291 732 3356; x_wconf 89' lang='lat' dir='ltr'><strong>testimoniis</strong></span> <span class='ocrx_word' id='word_1_243' title='bbox 757 3290 1006 3354; x_wconf 88' lang='lat' dir='ltr'><strong>demonstratum</strong></span> <span class='ocrx_word' id='word_1_244' title='bbox 1037 3289 1114 3365; x_wconf 91' lang='lat' dir='ltr'><strong>erit;</strong></span> <span class='ocrx_word' id='word_1_245' title='bbox 1148 3288 1248 3350; x_wconf 93' lang='lat' dir='ltr'><strong>nihilo</strong></span> <span class='ocrx_word' id='word_1_246' title='bbox 1277 3297 1325 3350; x_wconf 89' lang='lat' dir='ltr'><strong>ta-</strong></span> 
     </span>
     <span class='ocr_line' id='line_1_29' title="bbox 134 3392 1325 3478; baseline -0.003 -20"><span class='ocrx_word' id='word_1_247' title='bbox 134 3415 203 3459; x_wconf 88' lang='lat' dir='ltr'><strong>men</strong></span> <span class='ocrx_word' id='word_1_248' title='bbox 228 3397 330 3478; x_wconf 80' lang='lat' dir='ltr'><strong>magis</strong></span> <span class='ocrx_word' id='word_1_249' title='bbox 351 3395 535 3478; x_wconf 86' lang='lat' dir='ltr'><strong>putabimus</strong></span> <span class='ocrx_word' id='word_1_250' title='bbox 558 3396 756 3477; x_wconf 87' lang='lat' dir='ltr'><strong>Propertium</strong></span> <span class='ocrx_word' id='word_1_251' title='bbox 780 3392 902 3456; x_wconf 93' lang='lat' dir='ltr'><strong>Paridis</strong></span> <span class='ocrx_word' id='word_1_252' title='bbox 925 3403 957 3454; x_wconf 93' lang='lat' dir='ltr'><strong>et</strong></span> <span class='ocrx_word' id='word_1_253' title='bbox 971 3394 1105 3455; x_wconf 90' lang='lat' dir='ltr'><strong>Veneris</strong></span> <span class='ocrx_word' id='word_1_254' title='bbox 1127 3411 1251 3454; x_wconf 89' lang='lat' dir='ltr'><strong>amores</strong></span> <span class='ocrx_word' id='word_1_255' title='bbox 1274 3392 1325 3454; x_wconf 91' lang='lat' dir='ltr'><strong>bic</strong></span> 
     </span>
     <span class='ocr_line' id='line_1_30' title="bbox 133 3497 1322 3582; baseline -0.003 -22"><span class='ocrx_word' id='word_1_256' title='bbox 133 3518 377 3562; x_wconf 88' lang='lat' dir='ltr'><strong>commemorare</strong></span> <span class='ocrx_word' id='word_1_257' title='bbox 401 3499 551 3582; x_wconf 89' lang='lat' dir='ltr'><strong>potuisse.</strong></span> <span class='ocrx_word' id='word_1_258' title='bbox 600 3517 672 3580; x_wconf 84' lang='lat' dir='ltr'><strong>nam</strong></span> <span class='ocrx_word' id='word_1_259' title='bbox 695 3499 751 3579; x_wconf 90' lang='lat' dir='ltr'><strong>qui</strong></span> <span class='ocrx_word' id='word_1_260' title='bbox 775 3497 817 3560; x_wconf 89' lang='lat' dir='ltr'><strong>ita</strong></span> <span class='ocrx_word' id='word_1_261' title='bbox 840 3498 992 3578; x_wconf 91' lang='lat' dir='ltr'><strong>loquitur,</strong></span> <span class='ocrx_word' id='word_1_262' title='bbox 1020 3499 1088 3558; x_wconf 90' lang='lat' dir='ltr'><strong>‘nos</strong></span> <span class='ocrx_word' id='word_1_263' title='bbox 1107 3514 1184 3557; x_wconf 88' lang='lat' dir='ltr'><strong>vcro</strong></span> <span class='ocrx_word' id='word_1_264' title='bbox 1206 3497 1322 3574; x_wconf 88' lang='lat' dir='ltr'><strong>omnia,</strong></span> 
     </span>
     <span class='ocr_line' id='line_1_31' title="bbox 135 3599 1323 3684; baseline -0.002 -20"><span class='ocrx_word' id='word_1_265' title='bbox 135 3604 214 3665; x_wconf 89' lang='lat' dir='ltr'><strong>siout</strong></span> <span class='ocrx_word' id='word_1_266' title='bbox 236 3603 269 3665; x_wconf 92' lang='lat' dir='ltr'><strong>in</strong></span> <span class='ocrx_word' id='word_1_267' title='bbox 293 3601 386 3664; x_wconf 89' lang='lat' dir='ltr'><strong>libris</strong></span> <span class='ocrx_word' id='word_1_268' title='bbox 415 3603 533 3684; x_wconf 88' lang='lat' dir='ltr'><strong>scripta</strong></span> <span class='ocrx_word' id='word_1_269' title='bbox 556 3609 647 3680; x_wconf 90' lang='lat' dir='ltr'><strong>sunt,</strong></span> <span class='ocrx_word' id='word_1_270' title='bbox 684 3611 874 3664; x_wconf 84' lang='lat' dir='ltr'><strong>sartatecta</strong></span> <span class='ocrx_word' id='word_1_271' title='bbox 903 3599 1075 3678; x_wconf 91' lang='lat' dir='ltr'><strong>hahemus,</strong></span> <span class='ocrx_word' id='word_1_272' title='bbox 1106 3599 1180 3680; x_wconf 87' lang='lat' dir='ltr'><strong>quia</strong></span> <span class='ocrx_word' id='word_1_273' title='bbox 1209 3599 1260 3661; x_wconf 91' lang='lat' dir='ltr'><strong>hio</strong></span> <span class='ocrx_word' id='word_1_274' title='bbox 1290 3609 1323 3662; x_wconf 92' lang='lat' dir='ltr'><strong>ut</strong></span> 
     </span>
     <span class='ocr_line' id='line_1_32' title="bbox 134 3702 1325 3787; baseline -0.003 -19"><span class='ocrx_word' id='word_1_275' title='bbox 134 3708 222 3770; x_wconf 90' lang='lat' dir='ltr'><strong>toties</strong></span> <span class='ocrx_word' id='word_1_276' title='bbox 251 3707 309 3770; x_wconf 94' lang='lat' dir='ltr'><strong>uni</strong></span> <span class='ocrx_word' id='word_1_277' title='bbox 339 3706 414 3769; x_wconf 88' lang='lat' dir='ltr'><strong>huie</strong></span> <span class='ocrx_word' id='word_1_278' title='bbox 442 3715 554 3787; x_wconf 90' lang='lat' dir='ltr'><strong>poetae</strong></span> <span class='ocrx_word' id='word_1_279' title='bbox 583 3714 690 3768; x_wconf 92' lang='lat' dir='ltr'><strong>nostro</strong></span> <span class='ocrx_word' id='word_1_280' title='bbox 718 3704 899 3768; x_wconf 89' lang='lat' dir='ltr'><strong>doctissimo</strong></span> <span class='ocrx_word' id='word_1_281' title='bbox 936 3703 1078 3766; x_wconf 84' lang='lat' dir='ltr'><strong>notitiam</strong></span> <span class='ocrx_word' id='word_1_282' title='bbox 1113 3702 1182 3764; x_wconf 88' lang='lat' dir='ltr'><strong>eius</strong></span> <span class='ocrx_word' id='word_1_283' title='bbox 1209 3703 1325 3765; x_wconf 91' lang='lat' dir='ltr'><strong>amoris</strong></span> 
     </span>
     <span class='ocr_line' id='line_1_33' title="bbox 134 3799 1325 3888; baseline -0.003 -18"><span class='ocrx_word' id='word_1_284' title='bbox 134 3809 245 3873; x_wconf 88' lang='lat' dir='ltr'><strong>deberi</strong></span> <span class='ocrx_word' id='word_1_285' title='bbox 269 3810 401 3872; x_wconf 88' lang='lat' dir='ltr'><strong>minime</strong></span> <span class='ocrx_word' id='word_1_286' title='bbox 425 3808 628 3888; x_wconf 67' lang='lat' dir='ltr'><strong>invidemus*</strong></span> <span class='ocrx_word' id='word_1_287' title='bbox 653 3799 725 3872; x_wconf 85' lang='lat' dir='ltr'><strong>eum</strong></span> <span class='ocrx_word' id='word_1_288' title='bbox 749 3808 927 3872; x_wconf 86' lang='lat' dir='ltr'><strong>declamare</strong></span> <span class='ocrx_word' id='word_1_289' title='bbox 950 3825 1128 3886; x_wconf 87' lang='lat' dir='ltr'><strong>censemus,</strong></span> <span class='ocrx_word' id='word_1_290' title='bbox 1154 3823 1217 3868; x_wconf 91' lang='lat' dir='ltr'><strong>nou</strong></span> <span class='ocrx_word' id='word_1_291' title='bbox 1240 3804 1325 3868; x_wconf 91' lang='lat' dir='ltr'><strong>iudi-</strong></span> 
     </span>
     <span class='ocr_line' id='line_1_34' title="bbox 133 3911 1325 3993; baseline -0.005 -17"><span class='ocrx_word' id='word_1_292' title='bbox 133 3933 214 3976; x_wconf 84' lang='lat' dir='ltr'><strong>care.</strong></span> <span class='ocrx_word' id='word_1_293' title='bbox 256 3915 376 3977; x_wconf 90' lang='lat' dir='ltr'><strong>etenim</strong></span> <span class='ocrx_word' id='word_1_294' title='bbox 392 3933 465 3976; x_wconf 91' lang='lat' dir='ltr'><strong>cum</strong></span> <span class='ocrx_word' id='word_1_295' title='bbox 483 3929 546 3974; x_wconf 90' lang='lat' dir='ltr'><strong>uon</strong></span> <span class='ocrx_word' id='word_1_296' title='bbox 568 3913 609 3975; x_wconf 91' lang='lat' dir='ltr'><strong>sit</strong></span> <span class='ocrx_word' id='word_1_297' title='bbox 630 3911 705 3974; x_wconf 91' lang='lat' dir='ltr'><strong>honi</strong></span> <span class='ocrx_word' id='word_1_298' title='bbox 728 3921 840 3993; x_wconf 88' lang='lat' dir='ltr'><strong>poetae</strong></span> <span class='ocrx_word' id='word_1_299' title='bbox 864 3911 1020 3974; x_wconf 88' lang='lat' dir='ltr'><strong>ludificari</strong></span> <span class='ocrx_word' id='word_1_300' title='bbox 1044 3911 1178 3974; x_wconf 89' lang='lat' dir='ltr'><strong>lectores</strong></span> <span class='ocrx_word' id='word_1_301' title='bbox 1193 3911 1325 3972; x_wconf 86' lang='lat' dir='ltr'><strong>iustam-</strong></span> 
     </span>
     <span class='ocr_line' id='line_1_35' title="bbox 134 4014 1322 4100; baseline -0.006 -19"><span class='ocrx_word' id='word_1_302' title='bbox 134 4037 194 4098; x_wconf 88' lang='lat' dir='ltr'><strong>que</strong></span> <span class='ocrx_word' id='word_1_303' title='bbox 218 4019 468 4100; x_wconf 85' lang='lat' dir='ltr'><strong>expectationem</strong></span> <span class='ocrx_word' id='word_1_304' title='bbox 493 4015 614 4096; x_wconf 90' lang='lat' dir='ltr'><strong>iallere,</strong></span> <span class='ocrx_word' id='word_1_305' title='bbox 640 4034 733 4080; x_wconf 89' lang='lat' dir='ltr'><strong>nemo</strong></span> <span class='ocrx_word' id='word_1_306' title='bbox 755 4016 818 4077; x_wconf 91' lang='lat' dir='ltr'><strong>nisi</strong></span> <span class='ocrx_word' id='word_1_307' title='bbox 841 4015 896 4096; x_wconf 89' lang='lat' dir='ltr'><strong>qui</strong></span> <span class='ocrx_word' id='word_1_308' title='bbox 920 4014 1092 4096; x_wconf 88' lang='lat' dir='ltr'><strong>aptissimis</strong></span> <span class='ocrx_word' id='word_1_309' title='bbox 1115 4014 1221 4076; x_wconf 89' lang='lat' dir='ltr'><strong>minus</strong></span> <span class='ocrx_word' id='word_1_310' title='bbox 1239 4023 1322 4094; x_wconf 86' lang='lat' dir='ltr'><strong>apta,</strong></span> 
     </span>
     <span class='ocr_line' id='line_1_36' title="bbox 132 4114 1325 4186; baseline -0.003 -4"><span class='ocrx_word' id='word_1_311' title='bbox 132 4121 297 4186; x_wconf 88' lang='lat' dir='ltr'><strong>obscuram</strong></span> <span class='ocrx_word' id='word_1_312' title='bbox 334 4120 473 4184; x_wconf 78' lang='lat' dir='ltr'><strong>fabulam</strong></span> <span class='ocrx_word' id='word_1_313' title='bbox 507 4129 599 4182; x_wconf 87' lang='lat' dir='ltr'><strong>notae</strong></span> <span class='ocrx_word' id='word_1_314' title='bbox 634 4128 667 4182; x_wconf 95' lang='lat' dir='ltr'><strong>et</strong></span> <span class='ocrx_word' id='word_1_315' title='bbox 703 4118 876 4180; x_wconf 86' lang='lat' dir='ltr'><strong>Homericis</strong></span> <span class='ocrx_word' id='word_1_316' title='bbox 913 4115 1108 4180; x_wconf 88' lang='lat' dir='ltr'><strong>carminibus</strong></span> <span class='ocrx_word' id='word_1_317' title='bbox 1148 4114 1325 4180; x_wconf 85' lang='lat' dir='ltr'><strong>celebratae</strong></span> 
     </span>
     <span class='ocr_line' id='line_1_37' title="bbox 135 4220 1326 4306; baseline -0.005 -18"><span class='ocrx_word' id='word_1_318' title='bbox 135 4225 268 4305; x_wconf 86' lang='lat' dir='ltr'><strong>quadam</strong></span> <span class='ocrx_word' id='word_1_319' title='bbox 298 4226 415 4288; x_wconf 88' lang='lat' dir='ltr'><strong>mentis</strong></span> <span class='ocrx_word' id='word_1_320' title='bbox 444 4225 653 4306; x_wconf 83' lang='lat' dir='ltr'><strong>perversitate</strong></span> <span class='ocrx_word' id='word_1_321' title='bbox 677 4220 873 4304; x_wconf 78' lang='lat' dir='ltr'><strong>praeterret,</strong></span> <span class='ocrx_word' id='word_1_322' title='bbox 904 4222 930 4282; x_wconf 92' lang='lat' dir='ltr'><strong>si</strong></span> <span class='ocrx_word' id='word_1_323' title='bbox 954 4223 1043 4284; x_wconf 81' lang='lat' dir='ltr'><strong>Marti</strong></span> <span class='ocrx_word' id='word_1_324' title='bbox 1072 4221 1168 4284; x_wconf 93' lang='lat' dir='ltr'><strong>alium</strong></span> <span class='ocrx_word' id='word_1_325' title='bbox 1191 4221 1326 4283; x_wconf 89' lang='lat' dir='ltr'><strong>Veneris</strong></span> 
     </span>
     <span class='ocr_line' id='line_1_38' title="bbox 135 4325 1326 4407; baseline -0.005 -17"><span class='ocrx_word' id='word_1_326' title='bbox 135 4340 301 4392; x_wconf 86' lang='lat' dir='ltr'><strong>amatorem</strong></span> <span class='ocrx_word' id='word_1_327' title='bbox 326 4327 447 4392; x_wconf 88' lang='lat' dir='ltr'><strong>addere</strong></span> <span class='ocrx_word' id='word_1_328' title='bbox 469 4325 606 4407; x_wconf 90' lang='lat' dir='ltr'><strong>volebat,</strong></span> <span class='ocrx_word' id='word_1_329' title='bbox 631 4325 801 4388; x_wconf 77' lang='lat' dir='ltr'><strong>Anchisam</strong></span> <span class='ocrx_word' id='word_1_330' title='bbox 824 4326 1002 4406; x_wconf 90' lang='lat' dir='ltr'><strong>praeterire</strong></span> <span class='ocrx_word' id='word_1_331' title='bbox 1024 4325 1143 4405; x_wconf 90' lang='lat' dir='ltr'><strong>potuit,</strong></span> <span class='ocrx_word' id='word_1_332' title='bbox 1177 4341 1326 4406; x_wconf 87' lang='lat' dir='ltr'><strong>praeser-</strong></span> 
     </span>
     <span class='ocr_line' id='line_1_39' title="bbox 137 4427 1326 4513; baseline -0.003 -21"><span class='ocrx_word' id='word_1_333' title='bbox 137 4435 189 4494; x_wconf 92' lang='lat' dir='ltr'><strong>tim</strong></span> <span class='ocrx_word' id='word_1_334' title='bbox 218 4435 378 4496; x_wconf 87' lang='lat' dir='ltr'><strong>llomanus</strong></span> <span class='ocrx_word' id='word_1_335' title='bbox 406 4441 515 4513; x_wconf 90' lang='lat' dir='ltr'><strong>pocta,</strong></span> <span class='ocrx_word' id='word_1_336' title='bbox 547 4450 643 4512; x_wconf 90' lang='lat' dir='ltr'><strong>quem</strong></span> <span class='ocrx_word' id='word_1_337' title='bbox 666 4427 794 4491; x_wconf 72' lang='lat' dir='ltr'><strong>Aeneae</strong></span> <span class='ocrx_word' id='word_1_338' title='bbox 822 4429 1004 4492; x_wconf 88' lang='lat' dir='ltr'><strong>meminisse</strong></span> <span class='ocrx_word' id='word_1_339' title='bbox 1033 4447 1092 4508; x_wconf 90' lang='lat' dir='ltr'><strong>par</strong></span> <span class='ocrx_word' id='word_1_340' title='bbox 1120 4437 1198 4490; x_wconf 89' lang='lat' dir='ltr'><strong>erat.</strong></span> <span class='ocrx_word' id='word_1_341' title='bbox 1246 4445 1326 4508; x_wconf 90' lang='lat' dir='ltr'><strong>quo·</strong></span> 
     </span>
     <span class='ocr_line' id='line_1_40' title="bbox 139 4529 1325 4612; baseline -0.008 -15"><span class='ocrx_word' id='word_1_342' title='bbox 139 4538 216 4599; x_wconf 87' lang='lat' dir='ltr'><strong>eirca</strong></span> <span class='ocrx_word' id='word_1_343' title='bbox 246 4549 331 4600; x_wconf 85' lang='lat' dir='ltr'><strong>recte</strong></span> <span class='ocrx_word' id='word_1_344' title='bbox 361 4555 414 4598; x_wconf 90' lang='lat' dir='ltr'><strong>ees</strong></span> <span class='ocrx_word' id='word_1_345' title='bbox 445 4535 602 4598; x_wconf 89' lang='lat' dir='ltr'><strong>iudicasse</strong></span> <span class='ocrx_word' id='word_1_346' title='bbox 632 4532 825 4594; x_wconf 87' lang='lat' dir='ltr'><strong>arbitramur</strong></span> <span class='ocrx_word' id='word_1_347' title='bbox 852 4533 907 4612; x_wconf 89' lang='lat' dir='ltr'><strong>qui</strong></span> <span class='ocrx_word' id='word_1_348' title='bbox 932 4529 1074 4594; x_wconf 83' lang='lat' dir='ltr'><strong>Paridem</strong></span> <span class='ocrx_word' id='word_1_349' title='bbox 1102 4550 1141 4592; x_wconf 82' lang='lat' dir='ltr'><strong>ex</strong></span> <span class='ocrx_word' id='word_1_350' title='bbox 1172 4529 1325 4612; x_wconf 90' lang='lat' dir='ltr'><strong>Propertii</strong></span> 
     </span>
    </p>
   </div>
   <div class='ocr_carea' id='block_1_3' title="bbox 0 0 1644 5108">
    <p class='ocr_par' dir='ltr' id='par_1_3' title="bbox 0 0 1644 5108">
     <span class='ocr_line' id='line_1_41' title="bbox 0 0 1644 5108; baseline 0 0"><span class='ocrx_word' id='word_1_351' title='bbox 0 0 1644 5108; x_wconf 95' lang='lat' dir='ltr'><strong> </strong></span> 
     </span>
    </p>
   </div>
  </div>
 </body>
</html>
