3186 5108
304 294 394 371 168,
597 307 685 368 lnnsx
708 325 874 370 nsorronvs
897 309 1194 372 sacramentale.

300 517 396 561 versu
420 516 521 580 paene
543 499 654 560 ultimo
677 496 751 558 libri
772 497 840 559 lare
863 498 961 560 olivae
984 497 1114 580 habent,
1139 510 1205 563 tum
1229 501 1262 563 in
1285 500 1396 562 ultimo
1418 520 1487 562 con·
1573 475 1574 562 l

300 601 444 664 sentiunt
466 602 499 662 in
516 601 574 662 hac
588 601 757 681 scriptura,
784 601 920 663 Secretos
942 619 1044 664 ornnes
1066 611 1169 687 ageret
1190 621 1258 666 oanr
1272 605 1378 687 gratia
1396 605 1487 679 raris,

300 705 361 767 nisi
386 704 471 786 quad
494 704 527 767 in
550 723 613 766 una
635 704 752 781 amna,
778 703 811 765 in
833 703 894 766 alio
916 707 1008 768 annis
1030 707 1183 787 scriptum
1206 717 1270 786 est,
1296 706 1439 788 denique
1461 709 1488 768 in

299 827 363 870 uno
385 815 459 870 tum.
507 809 743 876 coniunxerunt
772 811 851 871 hacc
874 828 945 870 curu
967 809 1240 889 praecedentibus
1259 809 1390 890 verbis,
1422 829 1489 873 sen-

300 911 398 974 tentia
422 911 520 975 nulla.
568 929 674 992 nequo
698 911 753 992 qui
777 911 936 993 corrigere
959 914 1134 976 oraticnem
1164 913 1359 976 studuerunt
1381 933 1489 996 operae

299 1017 438 1097 pretium
463 1013 607 1078 lecerunt
639 1025 767 1096 praeter
788 1015 960 1078 Antonium
984 1017 1107 1079 lloium.
1155 1017 1253 1080 veluti
1277 1016 1362 1098 quod
1387 1017 1490 1080 leoobo

299 1121 333 1181 in
356 1127 494 1182 mentem
517 1120 607 1181 venit
628 1125 657 1180 et
681 1119 793 1202 pingui
822 1118 925 1182 Pallas
947 1119 1045 1182 olivae
1074 1121 1209 1184 Secretcs
1238 1139 1344 1184 amnes
1374 1129 1489 1205 aperd5

298 1241 376 1306 qnae
403 1223 509 1306 qratia
536 1223 639 1298 ratris,
670 1222 729 1283 etsi
753 1221 941 1285 Germanice
963 1222 1042 1287 adeo
1070 1225 1320 1306 interpretatur,
1352 1225 1489 1305 intellegi

298 1325 419 1389 nedum
448 1325 579 1407 probari
610 1325 697 1388 nullo
730 1323 822 1388 modo
852 1337 966 1409 potest.
1026 1345 1137 1389 verum
1172 1327 1334 1390 invenisse
1368 1327 1491 1390 videtur

299 1431 405 1508 Boius,
432 1429 486 1510 qui
511 1449 547 1491 ea
570 1429 799 1511 protulitqnae
821 1430 1136 1512 suprascripsimus.
1176 1431 1236 1493 olel
1261 1432 1344 1494 ultro
1367 1431 1491 1494 lluentis

300 1533 492 1596 mentionem
517 1531 589 1595 lacit
612 1531 807 1596 Claudianus
830 1535 862 1594 in
886 1533 1041 1595 consimili
1065 1533 1239 1596 felicissimi
1261 1535 1417 1616 temporis
1438 1533 1492 1596 de·

299 1637 484 1718 scriptione,
510 1637 542 1699 in
558 1635 706 1699 liulinum
729 1656 739 1697 ι
759 1637 834 1715 383,
860 1635 1018 1699 lioralrant
1038 1645 1181 1718 qaterccla
1198 1637 1294 1720 savis,
1320 1640 1492 1720 slaqrtantio

296 1741 416 1822 passim
444 1740 519 1802 Vina
538 1738 634 1820 fluent
655 1739 769 1821 oleiqrte
791 1740 887 1803 taen.
930 1738 1063 1802 Palladis
1086 1741 1214 1804 nomine
1237 1741 1292 1821 qui
1314 1741 1420 1804 oleum
1441 1753 1491 1804 aut

299 1843 414 1904 olivam
437 1842 664 1924 significaverit
687 1855 749 1905 non
774 1843 955 1906 invenimus
978 1843 1191 1925 antiquiorem
1214 1853 1339 1926 poetam
1361 1844 1488 1907 Ovidio:

275 1962 373 2008 snam
397 1945 483 2028 quod
506 1945 591 2028 apud
607 1933 788 2027 Vergilium*
812 1955 860 2008 est
882 1944 962 2008 Aen.
984 1965 1025 2008 vu
1050 1946 1109 2008 tat
1134 1950 1230 2010 ramis
1253 1949 1367 2010 velans
1394 1949 1491 2011 Palla-

299 2050 364 2126 dis,
390 2048 423 2111 id
446 2050 541 2112 aliter
563 2049 706 2132 intellegi
729 2057 843 2130 potest.
890 2049 948 2112 sed
970 2049 1105 2112 Ovidius
1128 2049 1319 2130 aliquotiens
1342 2052 1386 2112 ita
1409 2051 1490 2114 locu-

298 2163 350 2215 tus
373 2163 431 2216 est.
479 2171 541 2214 am.
560 2171 582 2214 ιι
607 2153 646 2213 te
670 2155 689 2212 8
713 2155 775 2214 llat
803 2170 918 2234 qnoque
939 2152 1106 2235 bacifaam
1131 2153 1261 2216 Pallada
1288 2170 1386 2217 ranis
1409 2173 1488 2238 ager,

297 2256 382 2318 trist.
401 2275 430 2316 ιι
453 2255 472 2315 5
498 2257 514 2317 l
545 2257 578 2319 l't
599 2257 674 2339 vigil
696 2255 802 2338 infusa
826 2256 951 2319 Pallade
970 2257 1097 2338 Ῑὶαιηιιιιι
1118 2257 1202 2320 solet.
1248 2257 1400 2320 similiter
1422 2259 1489 2320 imi-

298 2355 381 2422 tator
402 2358 509 2421 Ovidii
533 2361 566 2422 in
589 2359 724 2440 epistula
749 2361 851 2423 llerus
873 2379 905 2421 v.
927 2361 966 2422 ll
992 2359 1118 2423 Pallade
1146 2361 1209 2422 iam
1227 2361 1339 2444 pinqrti
1358 2363 1490 2446 linquere

297 2461 433 2524 membra
451 2465 563 2544 pates?
592 2462 743 2524 Martialis
759 2481 800 2524 vu
816 2464 857 2526 28
881 2464 941 2526 Nec
960 2465 1159 2528 Tartessraais
1176 2464 1280 2527 Pallas
1303 2473 1368 2542 uta,
1389 2468 1486 2541 Fusae,

298 2567 426 2649 trapetis
443 2565 535 2630 Cedat
557 2574 585 2628 el
607 2566 751 2628 inmodici
770 2566 842 2630 dent
862 2565 941 2628 bona
963 2573 1064 2630 musta
1086 2567 1182 2630 lactu.
1224 2565 1310 2630 idem
1334 2571 1489 2651 reperitur

300 2673 332 2732 in
356 2670 562 2752 inscriptione
579 2669 739 2732 Soillitana
756 2688 851 2750 quam
866 2669 938 2732 Otto
960 2671 1089 2733 Iahnius
1112 2669 1215 2734 edidit
1234 2672 1268 2733 in
1289 2671 1490 2736 relationibus

298 2775 458 2837 societatis
479 2773 654 2837 litterariae
678 2774 852 2836 Saxonicaa
875 2783 898 2836 t.
923 2792 944 2835 ιι
973 2771 1012 2856 (a.
1039 2772 1132 2857 teau)
1158 2794 1191 2856 p.
1220 2775 1280 2838 492
1303 2795 1336 2836 ν.
1361 2778 1414 2856 28,
1439 2774 1488 2840 ubl

299 2878 453 2960 Hispania
477 2877 614 2941 Palladis
636 2896 697 2940 usn
719 2877 878 2940 excellere
900 2876 1027 2941 dicitur.
1075 2878 1237 2959 similique
1259 2879 1402 2942 aratione
1424 2882 1489 2942 Sta-

299 2983 362 3045 tius
384 3001 462 3045 usus
485 2989 533 3043 est
554 2981 626 3044 silv.
645 3000 668 3043 ιι
691 2979 710 3042 7
734 2982 787 3060 28,
814 2983 899 3058 Οιιιιι
924 2981 1075 3044 Tritonida
1093 2980 1212 3063 fertiles
1228 2978 1363 3046 Athenas
1383 2983 1486 3058 Vane,

299 3086 434 3162 Raetica,
455 3103 607 3167 provocas
621 3085 769 3167 trapetis:
793 3102 899 3165 neque
922 3086 1008 3148 enirn
1031 3105 1112 3168 opus
1129 3094 1177 3150 est
1198 3095 1233 3149 ut
1252 3087 1402 3149 Tritonidi
1415 3087 1489 3150 scri-

298 3189 422 3252 bamus.
464 3187 524 3252 luit
545 3189 623 3252 bueo
643 3188 802 3252 sententia
818 3187 966 3268 Bentleii,
991 3208 1055 3251 non
1078 3190 1257 3252 necessaria
1281 3189 1334 3251 illa
1349 3188 1486 3271 quidem,

298 3291 356 3356 sed
384 3302 489 3354 umen
519 3292 621 3355 docta.
668 3311 742 3354 nam
770 3290 857 3374 quod
879 3291 1021 3354 Catullus
1049 3291 1177 3356 Minoidi
1197 3301 1229 3354 at
1255 3291 1356 3375 Tangi
1377 3292 1487 3355 Graeca

299 3395 477 3459 dativorum
495 3415 642 3458 mensura
658 3396 801 3476 protulit,
827 3393 860 3457 id
883 3395 1030 3477 plerique
1052 3405 1165 3477 pactae
1181 3395 1283 3458 Latini
1299 3395 1486 3472 devitarunt,

298 3499 354 3563 sed
371 3499 490 3562 Statius
512 3498 598 3562 idem
621 3500 697 3562 lecit
718 3496 916 3577 Aah.1285,
945 3498 1066 3562 Palladi
1087 3499 1211 3562 lt'toreae
1233 3497 1405 3562 celebrabat
1419 3500 1487 3579 Scir

298 3623 349 3666 ros
372 3603 520 3666 lanarum
537 3605 623 3665 Forte
645 3603 735 3665 dian.
775 3602 1032 3666 commemoravit
1054 3603 1113 3665 boc
1129 3604 1310 3666 Priscianus
1331 3621 1372 3664 vu
1388 3624 1419 3684 p.
1430 3602 1486 3663 756

298 3709 345 3786 Ρ.,
371 3709 570 3770 inveniuntur
592 3707 697 3787 inquit
709 3714 815 3789 poetae
829 3708 991 3770 rarissime
1014 3707 1046 3768 in
1062 3707 1187 3770 Graect's
1202 3725 1281 3788 qaae
1296 3707 1380 3789 opnd
1396 3707 1487 3768 Grae-

297 3829 347 3874 cas
371 3812 402 3872 in
425 3811 438 3872 i
459 3819 630 3893 correptam
652 3811 818 3873 terminant
839 3829 938 3893 supro
953 3811 1066 3874 dictum
1088 3827 1193 3873 casum
1216 3811 1278 3892 ipsi
1291 3827 1404 3892 mnan
1424 3827 1485 3870 eren

297 3916 506 3996 corripientes.
548 3916 665 3977 Statius
688 3916 720 3976 in
743 3935 756 3976 1
778 3909 960 3978 Achilleidos
985 3913 1106 3977 Palladi
1120 3923 1180 3976 etc.
1220 3913 1368 3976 similiter
1389 3912 1487 3975 lasani

298 4027 442 4100 correpta
472 4018 583 4080 ultima
613 4018 712 4080 vocali
747 4017 912 4080 Bentleins
941 4029 974 4080 et
1000 4026 1075 4080 ante
1113 4037 1186 4081 eum
1217 4017 1365 4080 Barthius
1393 4015 1484 4077 Statio

297 4120 397 4183 Theb.
417 4141 451 4184 ru
467 4121 524 4184 ltt
547 4119 770 4184 reddiderunt.
810 4120 868 4184 sed
885 4120 970 4210 quod
994 4121 1079 4184 idem
1094 4119 1257 4184 Bentleins
1278 4120 1364 4203 apud
1379 4117 1483 4182 Silium

297 4224 438 4288 Italicum
462 4243 493 4288 ιιι
516 4224 596 4305 tte,
626 4224 683 4288 ubi
707 4225 739 4287 in
762 4223 855 4288 libris
877 4226 936 4287 hoc
957 4227 1110 4308 scriptum
1134 4233 1199 4304 est,
1224 4220 1336 4310 Aegide
1353 4221 1484 4307 praead-

298 4329 365 4392 lant
385 4336 533 4411 matrim
559 4329 690 4414 barrida
715 4330 851 4413 [marina
871 4347 993 4404 nosces,
1026 4327 1246 4410 reponendum
1277 4347 1346 4392 esse
1369 4325 1483 4390 cenmit

298 4433 414 4519 aegidi,
443 4442 584 4516 praestat
612 4433 736 4518 aegida,
769 4432 853 4515 quod
876 4453 894 4496 a
916 4430 1174 4496 Drakenborohio
1202 4429 1358 4496 adfertur.
1402 4429 1482 4492 illum
