3184 5108
360 421 448 481 lunm
471 437 636 481 uscrrouvu
661 437 844 482 ateramum
865 421 957 480 l865.
1179 405 1252 476 303

84 604 263 668 subiciuntur
286 608 433 688 strophae
457 608 489 668 hi
514 625 626 669 versus
651 581 852 686 Pithetaeris

241 703 282 780 ὡς
306 708 457 794 βλακικῶς
479 709 646 781 διακονεῖς·

241 807 277 876 οὐ
300 811 408 877 lidi-tor
431 809 619 898 &querquetu

84 911 154 973 idem
175 925 242 994 post
264 917 483 998 antistrophon
508 920 585 980 haec
608 917 696 996 dicit,

239 1009 275 1082 οὔ
296 1041 342 1082 τοι
366 1016 409 1102 μὰ
429 1016 481 1093 τὰς
504 1022 673 1106 κερχνῇδας
695 1017 740 1083 ἔτι
762 1024 816 1084 σοῦ
838 1015 1004 1105 σχήσομαι,

239 1113 333 1193 οὕτως
356 1115 435 1207 δρῶν
458 1147 492 1187 σε
516 1119 613 1187 δειλὸν
636 1115 708 1187 ὄντα
730 1120 780 1186 καλ
802 1118 926 1208 βραδύν.

82 1221 173 1301 itaque
194 1226 360 1287 versiculis
383 1227 445 1288 illis
468 1229 522 1308 qui
553 1239 624 1308 post
651 1228 811 1308 stropham
835 1227 985 1307 leguntur
1012 1227 1091 1289 nihil
1120 1245 1254 1308 respon-

79 1322 135 1384 det.
177 1327 233 1390 sed
264 1329 379 1390 mirum
410 1339 459 1390 est
489 1331 631 1392 homines
654 1330 761 1392 doctos
791 1331 821 1390 in
846 1329 926 1391 duos
950 1330 1121 1393 versiculos
1150 1330 1252 1392 divisa

80 1427 214 1514 tolerasse
238 1449 319 1511 quae
344 1451 443 1494 unum
465 1433 624 1514 praebent
646 1442 864 1496 tetrametrum
887 1433 1114 1512 catalecticum,

239 1526 281 1606 ὡς
304 1534 455 1620 βλακικῶς
478 1535 643 1607 διακονεῖς·
677 1530 711 1600 οὔ
735 1537 842 1600 θᾶττον
864 1529 1054 1619 ἐγκονήσεις

81 1632 152 1696 hune
173 1637 268 1717 igitur
287 1657 415 1700 versum
437 1657 500 1700 non
524 1642 687 1720 pertinere
710 1637 750 1701 ad
773 1639 945 1721 stropham,
971 1639 1027 1702 sed
1051 1640 1252 1703 interiectum

79 1755 139 1798 csse
172 1739 255 1801 inter
287 1743 449 1822 stropham
483 1752 514 1804 et
547 1743 764 1823 antistrophon
799 1743 992 1804 existimant.
1045 1745 1132 1824 atqui
1167 1743 1251 1823 quod

78 1840 175 1903 llanen
203 1844 402 1906 Pithetaerus
433 1847 587 1926 increpat,
618 1865 654 1908 eo
684 1865 746 1907 non
775 1846 987 1926 interponitur
1016 1845 1100 1925 quod
1131 1845 1172 1908 ab
1200 1846 1252 1907 illo

76 1946 203 2007 carmine
233 1947 372 2010 alienum
399 1957 457 2026 est,
489 1949 546 2010 sed
576 1951 777 2011 continuatur
806 1946 891 2028 quod
919 1959 1012 2010 antea
1041 1947 1122 2010 dixit
1144 1947 1251 2012 θᾶττον

76 2044 166 2130 φέρειν
188 2043 318 2130 κελεύοι,
350 2052 536 2132 pariterque
567 2053 599 2114 iu
629 2053 824 2132 antistrophe
852 2062 1005 2114 secuntur
1031 2071 1112 2132 quae
1142 2051 1251 2114 eodem

77 2154 238 2228 pertinent.
287 2164 354 2214 tum
376 2155 519 2216 numeris
542 2156 636 2216 etiam
661 2173 772 2216 versus
794 2155 847 2215 ille
872 2175 942 2216 cum
965 2157 1081 2216 ceteris
1106 2156 1252 2237 strophae

77 2253 212 2317 versibus
234 2258 380 2336 congruit
411 2267 442 2318 et
464 2255 593 2319 dimetri
617 2258 663 2318 illi
686 2257 794 2320 δᾶττον
817 2256 918 2342 φέρειν
941 2251 1056 2322 κελεύω
1087 2268 1118 2320 et
1140 2251 1252 2341 εὐήμε-

76 2377 120 2438 ρον
140 2352 294 2441 πρόσωπον
318 2367 501 2422 tetrametro
531 2361 664 2441 pulchre
687 2363 778 2440 quasi
801 2360 1020 2423 absolvuntur.
1067 2361 1173 2441 itaque
1197 2362 1251 2439 qui

74 2466 282 2524 tetrametrum
307 2463 395 2524 illum
419 2474 532 2544 putant
554 2463 691 2548 perplui
715 2465 814 2526 instar
836 2483 918 2540 esse,
945 2463 1020 2526 dum
1044 2465 1172 2526 nomine
1194 2463 1253 2525 de-

74 2560 239 2643 lunguntur
269 2585 337 2627 rem
367 2568 468 2646 ipsam
490 2569 668 2629 accuratius
698 2566 899 2629 considerare
930 2568 1158 2647 neglexerunt:
1192 2567 1253 2628 mi-

75 2684 138 2726 mm
165 2679 211 2730 est
247 2678 352 2731 autem
390 2679 422 2732 et
451 2670 612 2733 inficetum
643 2669 728 2751 quod
765 2671 918 2732 lohannes
949 2673 1104 2732 chrieus
1127 2671 1253 2732 Vossius

16 2853 19 2858 ,
74 2781 262 2833 commentus
283 2782 342 2851 est,
374 2791 451 2853 prae
475 2773 691 2854 indignatione
719 2773 849 2835 turbare
873 2775 1088 2836 Pithetaerum
1110 2775 1246 2854 aequali-

74 2881 163 2934 tatem
184 2877 334 2938 carminis
363 2875 522 2957 finemque
546 2877 614 2938 eius
643 2876 828 2956 praecidere
857 2875 933 2938 dum
958 2876 1150 2938 vociferetur
1173 2876 1252 2937 illud

73 2964 105 3037 ol
125 2998 169 3038 rot
191 2973 231 3060 ρὰ
253 2972 307 3050 τὰς
336 2979 505 3064 κερχνῇδος
534 2977 579 3042 ἔτι
601 3003 654 3042 σου
679 2975 844 3065 σχήσομαι.
892 2980 1039 3060 quocirca
1068 2979 1253 3042 adsentien-
1307 2999 1312 3006 ·

73 3077 142 3139 dum
166 3090 212 3142 est
235 3083 368 3143 Porsono
395 3083 492 3145 luisse
516 3084 665 3145 statuenti
692 3085 726 3144 in
748 3083 943 3163 antistrophe
973 3101 1054 3164 quae
1075 3085 1252 3144 carminum

72 3183 286 3262 aequalitatem
302 3186 500 3266 conplereut.
547 3186 604 3248 sed
628 3185 707 3248 illud
730 3188 834 3248 minus
857 3186 1028 3267 probamus
1043 3185 1128 3266 quod
1149 3187 1251 3266 ipsum

73 3285 144 3346 illud
175 3281 214 3358 ὡς
245 3287 395 3372 βλακικῶς
427 3289 589 3360 διακονεῖς·
621 3283 657 3352 οὐ
679 3288 787 3352 θᾶττον
814 3283 1003 3373 ἐγκονήσειςς
1037 3289 1080 3350 ibi
1106 3292 1252 3351 iteratum

72 3407 135 3449 esse
170 3393 347 3471 suspicatus
370 3403 436 3470 est,
469 3391 771 3474 quemadmodum
794 3392 965 3473 Euripides
988 3393 1020 3453 in
1044 3393 1173 3454 Bacchis
1198 3394 1253 3453 hos

73 3509 190 3574 tersus,

241 3595 270 3660 ri
291 3593 323 3661 τὸ
346 3591 452 3684 σοφόν,
475 3591 496 3683 ἢ
519 3596 548 3662 τ(
568 3595 601 3662 τὸ
624 3593 747 3662 κάλλιον

240 3696 322 3786 παρὰ
344 3701 423 3764 θεῶν
445 3700 537 3786 χέρας
557 3699 589 3764 ἐν
612 3701 748 3788 βροτοῖς,

241 3796 261 3865 i
284 3799 362 3889 χεῖρ’
390 3798 463 3890 incip
486 3809 620 3890 κορυφᾶς

241 3906 361 3993 ἐχθρῶν
383 3906 512 3992 κρείσσω
534 3906 690 3992 κατέχοιν;

241 4002 287 4074 ὅτι
308 4005 413 4088 καλόν,
438 4009 524 4096 φίλον
546 4000 616 4089 niel)

70 4121 99 4173 et
126 4114 158 4174 in
186 4113 334 4196 strophae
369 4114 431 4176 line
466 4113 506 4196 (ν.
532 4113 593 4175 877
616 4113 670 4198 ss.)
710 4116 813 4195 posuit
846 4124 877 4175 et
906 4115 938 4175 in
968 4114 1030 4176 fine
1063 4115 1276 4195 antistrophie

74 4217 112 4294 (v.
131 4217 192 4279 897
207 4217 261 4301 ss.)
290 4220 426 4280 iteravit.
473 4237 546 4280 nam
569 4217 741 4298 Euripides
765 4218 816 4278 illa
845 4227 875 4278 et
898 4219 1090 4280 sententiosa
1116 4228 1191 4280 sunt
1220 4229 1252 4280 et

71 4322 306 4402 ephymuiorum
322 4321 747 4403 epiphthegmaticorumque
763 4339 912 4384 versuum
931 4321 1173 4384 similitudinem
1196 4321 1251 4381 ha-

71 4421 155 4503 hent,
179 4436 213 4486 ut
233 4425 368 4507 pulchre
388 4432 588 4505 repetentum
614 4422 838 4505 Aristophanei
854 4425 1004 4486 versiculi
1023 4426 1146 4486 iteratio
1165 4424 1249 4488 nulla

70 4525 202 4604 placeret
230 4538 409 4591 venustate.
462 4546 566 4606 neque
595 4547 724 4590 versum
760 4539 906 4608 putamus
935 4527 1153 4607 intercidisse,
1193 4527 1250 4588 sed
