3268 5108
324 385 372 458 64
619 401 707 464 Ιιιυικ
730 419 897 464 ιεοτιουνιτ
920 419 1105 466 armarunt!
1123 401 1217 464 tati.

323 589 408 650 tione
430 607 561 670 prorsus
583 609 752 672 perversa,
784 592 816 652 in
840 609 903 672 qua
926 589 1102 654 refellenda
1131 591 1315 654 commereri
1346 609 1410 652 non
1438 607 1515 672 opus

324 701 383 772 est,
410 711 481 756 curn
498 693 672 757 loachimus
686 693 909 776 llerquardtus
932 695 966 756 in
989 693 1070 756 libro
1086 713 1182 775 quem
1198 693 1366 775 deCyzicc
1389 693 1515 774 scripsit

321 813 355 876 p.
374 795 414 858 97
431 815 474 858 ss.
499 815 609 860 omnes
629 797 728 860 Vossii
751 817 877 861 errores
901 799 1076 860 rectissime
1099 798 1297 878 refutaverit,
1324 796 1515 860 Nicandreo-

323 917 394 962 rum
417 889 726 985 verborum'llpmor
749 894 800 965 ὑπ’
827 894 1040 988 ὀμφαλόεσσαν
1064 903 1360 984 interpretationem
1384 899 1515 962 falsissi-

321 1021 421 1083 mam,
453 1001 539 1065 Arcti
571 1013 602 1066 et
631 1003 780 1086 Dindymi
809 1004 1042 1085 contusionem,
1082 1004 1256 1068 taurobolia
1290 1003 1331 1067 ad
1361 1005 1513 1086 Propertii

321 1116 464 1188 tempora
486 1117 609 1169 temere
630 1108 792 1171 translata.
840 1107 898 1171 sed
920 1109 1006 1190 quod
1029 1110 1098 1192 ipse
1121 1111 1172 1171 vir
1193 1107 1394 1172 doctissimus
1411 1107 1512 1169 Pucoii

321 1210 483 1291 excerptis
520 1208 615 1274 fldem
651 1211 763 1274 babuit
799 1213 1062 1294 Propertiumque
1099 1214 1141 1275 ita
1176 1212 1343 1294 scripsisse
1378 1212 1511 1292 putarit,

320 1313 473 1394 Dindyma
501 1331 563 1396 ρυο
587 1311 736 1398 Arpinum
759 1313 917 1396 fabricata
938 1317 1063 1380 invento
1086 1315 1235 1398 Cybebae,
1269 1314 1327 1377 boc
1350 1332 1426 1375 vero
1455 1315 1514 1375 mi-

320 1417 406 1477 nime
428 1415 611 1498 probamus.
658 1418 775 1482 mirum
806 1429 853 1482 est
882 1420 967 1482 enim
989 1418 1124 1500 Argivos
1153 1419 1217 1483 dici
1246 1436 1309 1482 non
1339 1417 1512 1480 sacrarium

319 1517 553 1601 Dindymenum
582 1519 639 1584 sed
669 1522 737 1603 ipsa
766 1521 922 1604 Dindyma
951 1524 1044 1586 matri
1073 1522 1205 1587 deorum
1234 1521 1403 1585 fabricatos
1429 1539 1508 1583 esse.

320 1620 438 1684 deinde
461 1623 541 1705 quid
569 1625 602 1686 in
624 1625 728 1687 Paccii
752 1625 821 1688 sive
843 1625 949 1690 Vallae
972 1625 1080 1690 codice
1102 1629 1256 1709 scriptum
1284 1624 1381 1689 luerit
1404 1627 1510 1688 incer-

318 1734 386 1787 tum
414 1737 473 1788 est.
527 1746 600 1790 narn
630 1726 799 1810 adscripsit
827 1729 959 1810 quidem
988 1731 1120 1794 Puccius
1147 1730 1241 1810 haec,
1275 1727 1422 1792 Diodt'mo
1451 1747 1510 1811 que

318 1830 461 1913 arpinum
480 1829 636 1912 fabricato
658 1833 782 1894 iuventa
803 1831 901 1914 cybele
922 1840 978 1912 cet,
1008 1833 1065 1898 sed
1087 1834 1182 1896 simul
1204 1833 1299 1896 etiam
1321 1851 1433 1896 sacrae
1454 1831 1511 1894 ad-

318 1933 462 2014 scripsit:
502 1934 589 1998 unde
622 1934 681 1997 boc
718 1936 750 1998 in
780 1934 887 1998 oodice
916 1937 1021 2000 Veliae
1054 1935 1152 2000 luisse
1182 1937 1391 2018 suspicamur,
1431 1935 1508 1999 illud

317 2037 531 2100 coniecturam
554 2057 623 2102 esse
645 2048 700 2102 aut
724 2039 824 2122 ipsius
846 2040 951 2103 Puooii
974 2052 1029 2105 aut
1050 2041 1132 2105 alius
1154 2040 1222 2102 ltali
1245 2041 1300 2123 qui
1321 2038 1507 2102 Strabonem

318 2141 448 2221 legerat.
500 2151 596 2224 atque
623 2142 665 2206 ad
693 2143 772 2206 haec
800 2143 904 2207 Paccii
934 2143 1049 2225 verba,
1088 2143 1275 2208 ‘Dolubrum
1303 2142 1508 2206 dindimenae

317 2243 436 2307 cibcles
465 2264 562 2328 supra
593 2245 748 2327 Cyzicon‚’
778 2245 934 2310 Antonius
961 2248 1108 2310 Perrcius
1140 2248 1219 2311 boec
1245 2245 1388 2326 addidit,
1429 2251 1505 2310 ‘orat

317 2348 453 2426 positum
482 2348 523 2411 ob
545 2347 746 2429 Argonautis.
780 2348 916 2412 Strabo!
962 2369 1075 2414 verum
1108 2351 1177 2414 sive
1208 2351 1239 2412 in
1270 2350 1379 2412 codice
1401 2351 1506 2412 Vallae

316 2449 483 2514 inventum
506 2461 554 2515 est
577 2454 644 2516 sive
667 2463 774 2534 postea
797 2454 1019 2535 excogitatum,
1049 2455 1262 2517 coniecturam
1284 2453 1391 2536 prodit
1412 2472 1506 2536 aper-

315 2555 447 2616 tissime.
496 2555 721 2638 llertzbergius
749 2577 821 2620 cum
849 2567 942 2620 antea
971 2559 1071 2621 Vossii
1100 2568 1276 2622 commenta
1306 2556 1506 2640 inprobasset

316 2655 475 2739 boumque
505 2659 626 2741 efligies
654 2679 734 2743 quas
761 2662 883 2724 nummi
907 2661 1052 2744 Cyziceni
1084 2660 1203 2724 habent
1231 2661 1272 2724 ad
1299 2663 1505 2743 Proserpinae

315 2760 445 2840 cultum,
470 2772 507 2825 ut
528 2783 587 2845 par
608 2775 687 2845 erat,
720 2765 880 2828 rettulisse
903 2765 1061 2844 videatur,
1094 2775 1201 2847 postea
1224 2765 1335 2829 maluit
1358 2765 1504 2828 Klauseni

315 2863 507 2944 quibusdam
535 2867 770 2949 opinationibus
799 2867 894 2932 fidem
923 2868 1041 2932 babere
1071 2879 1103 2932 et
1130 2867 1347 2950 admirabilia,
1384 2867 1503 2950 nequid

315 2970 444 3046 gravius
467 2968 624 3051 dicamus,
655 2973 723 3054 ipse
746 2972 953 3035 comminisci.
999 2991 1099 3035 unum
1122 2982 1228 3036 tamen
1251 2981 1299 3034 est
1322 2969 1408 3052 quod
1430 2991 1503 3054 per-

314 3072 439 3152 spexit,
474 3093 596 3136 sacram
629 3094 686 3157 pro
721 3085 829 3138 sancta
856 3075 996 3157 Cybelen
1026 3093 1228 3156 nequaquam
1258 3073 1322 3136 dici
1350 3072 1498 3156 potuisse.

314 3175 407 3238 nobis
429 3175 513 3240 idem
529 3176 643 3240 Strabo
664 3197 682 3241 a
705 3197 768 3260 quo
790 3179 886 3242 ltalus
910 3178 963 3241 ille
984 3180 1018 3240 in
1034 3177 1220 3242 difficillimo
1238 3197 1336 3242 versu
1350 3177 1500 3242 auxilium

313 3281 406 3359 petiit
433 3282 503 3342 veri
533 3281 718 3344 inveniendi
747 3283 830 3344 viam
859 3292 1035 3346 monstrare
1058 3282 1197 3362 videtur,
1229 3281 1286 3344 sed
1314 3292 1351 3346 ut
1380 3282 1502 3362 plenior

314 3383 453 3445 narratio
475 3382 608 3447 adscisci
631 3384 758 3449 debeat.
801 3385 915 3448 Strabo
937 3387 1021 3448 enim
1045 3385 1126 3449 libro
1148 3403 1190 3448 rur
1212 3405 1243 3467 p.
1263 3385 1325 3447 575
1350 3386 1383 3447 in
1399 3384 1501 3467 Cyzici

313 3484 527 3568 descriptione
549 3489 627 3551 hacc
650 3487 762 3568 habet,
793 3493 847 3573 τῆς
870 3486 904 3553 δὲ
925 3483 1041 3562 πόλεως
1062 3483 1096 3554 τὸ
1120 3484 1172 3572 μίν
1194 3485 1275 3552 ἔστιν
1300 3487 1333 3552 δν
1354 3486 1498 3572 δπιπίδφ,

312 3584 345 3654 τδ
376 3587 410 3654 δὲ
437 3587 509 3676 πρὸς
539 3581 621 3677 δρει·
656 3591 793 3657 καλεῖται
823 3587 849 3655 δ’
877 3583 1007 3679 Ἄρκτων
1036 3582 1117 3678 δρος.
1171 3585 1343 3680 ὑπέρκειται
1372 3587 1398 3656 δ’
1425 3583 1499 3656 ἄλλο

313 3689 459 3778 Δίνδυμον
482 3693 640 3781 μονοφοίς,
666 3690 745 3781 ίερδν
767 3693 839 3783 ἔχον
859 3700 913 3782 τῆς
932 3690 1120 3781 Δινδυμήνης
1144 3691 1254 3783 μητρός
1277 3698 1366 3773 θεῶν,
1390 3693 1500 3782 ἵδρυμα

270 3787 613 3883 ιντῶνἈρηοιΙναιπῶν.
652 3794 765 3887 (schol.
791 3800 890 3864 Clem.
907 3800 957 3864 nt.
982 3819 1015 3883 p.
1034 3803 1074 3862 96
1097 3800 1129 3864 ἐν
1145 3795 1285 3888 Δινδόμτρ
1307 3797 1342 3864 δὲ
1363 3790 1429 3886 όρει
1449 3802 1500 3884 τῆς

314 3895 446 3970 Κυίικοδ
461 3901 619 3988 φαίνονται
639 3903 669 3967 ol
686 3898 889 3990 Ἂρηονναδται
908 3907 963 3991 τῆν
985 3899 1081 3968 Ῥέαν
1104 3897 1359 3989 ἐξευμενιζόμενοι
1378 3894 1497 3990 ἄγαλμα

312 3998 404 4090 αὐτῆς
425 4004 460 4070 δκ
481 4009 614 4071 παλαιοῦ
635 4001 723 4079 ξόλου
745 4002 908 4093 ἀμπελίνου
932 4003 1241 4095 κατασκευάσαντες.)
1270 4007 1405 4072 uberius
1432 4027 1496 4070 rem

311 4119 419 4172 narrat
438 4108 624 4191 Apollonius
654 4111 794 4174 Rhodius
817 4132 826 4175 r
853 4114 935 4178 titt
951 4133 994 4176 ss.
1046 4109 1133 4177 Τοῖσι
1160 4110 1194 4177 δὲ
1217 4106 1394 4200 Μακριάδες
1423 4135 1496 4177 σκο-

310 4210 377 4276 πιαί
398 4208 449 4277 καί
470 4215 552 4278 πᾶσα
575 4211 683 4300 περαίη
706 4211 851 4301 Θρηικίης
873 4212 917 4280 ἐνί
937 4211 1040 4303 χερσίν
1063 4215 1128 4289 ἑαῖς
1148 4212 1343 4304 προυφαίνετ’
1369 4215 1495 4282 ίδίσδαι·

311 4314 439 4382 Φαίνετο
462 4311 490 4380 δ’
509 4310 616 4402 ἠερόεν
638 4311 734 4403 στόμα
750 4313 908 4406 Βοσπόρου
929 4313 986 4404 η’δδ
1007 4322 1140 4384 κολῶναι
1156 4317 1288 4385 Μυσίαι·
1315 4320 1349 4384 ἐκ
1373 4316 1401 4384 δ’
1428 4319 1495 4386 tet-

1619 4135 1620 4194 l

310 4443 365 4507 ρης
386 4423 522 4504 ποταμοῖν
545 4414 613 4504 ῥόος
628 4416 777 4507 Αίσήποιο
792 4412 880 4486 'limo
901 4445 934 4487 τε
956 4420 1007 4487 καί
1029 4422 1131 4487 πεδίον
1148 4417 1286 4510 Νηπήιον
1295 4419 1494 4511 Ἀδρηστείης.

303 4514 399 4588 Ἔσκε
422 4523 455 4588 δέ
477 4546 506 4586 τι
528 4519 667 4608 στιβαρόν
685 4521 791 4596 στόπος
814 4520 949 4610 ἀμπέλου
970 4523 1113 4613 ἔντροφον
1135 4519 1212 4614 όλη,
1240 4522 1361 4614 Πρόχνυ
1383 4525 1496 4617 γεμόν·

1619 4965 1620 5018 ί

1619 5023 1620 5073 ί
