3186 5108
373 399 461 462 innox
482 415 648 462 trcrronrn
671 415 856 460 urrunnun
874 397 967 458 4856.
1192 383 1264 455 113

92 589 163 650 stula
183 607 200 650 a
222 588 363 652 Coluocio
387 589 526 652 Salutato
548 587 589 650 ad
606 589 795 669 Pasquinum
819 587 860 651 de
877 587 1013 669 Capellis
1034 589 1162 669 scripta,
1185 607 1266 668 quae

92 695 118 754 in
140 690 238 756 codice
260 711 431 755 uccxxxrur
453 693 645 755 marchionis
667 690 825 754 Gabrielis
845 690 1001 754 llicoardii
1025 691 1111 770 insit,
1137 691 1267 755 eductas

92 795 150 856 illas
164 795 319 858 Ciceronis
335 795 487 877 epistulas
503 815 572 858 osse
596 815 613 857 e
636 795 769 858 latebris
784 814 846 858 non
863 805 925 858 tarn
941 794 1153 857 vercellensis
1172 813 1266 877 quam

91 899 265 962 Veronensis
287 899 450 962 ecclesiae.
492 901 549 961 bas
565 898 699 962 Coluocii
722 898 844 961 litteras
866 909 901 961 ut
924 896 1021 960 edere
1035 899 1194 979 possimus
1208 898 1267 961 de-

90 1001 189 1064 bemus
203 1000 357 1065 'l'beodori
380 1003 563 1066 Mommseni
587 1001 841 1081 benevolentiae,
867 1003 922 1083 qui
946 1020 999 1064 eas
1022 1021 1062 1063 ex
1084 1000 1191 1064 codiee
1215 1002 1267 1064 illo

90 1104 284 1168 bibliothecae
299 1104 536 1185 lliccardianae,
562 1107 594 1168 in
611 1124 674 1187 qua
697 1125 783 1168 nunc
805 1123 938 1169 numero
961 1114 1008 1167 est
1029 1123 1265 1185 uccccxxxxrur,

88 1227 152 1272 ase
180 1207 356 1291 descriptas
386 1206 550 1272 nobiscum
581 1210 835 1272 communicavit.
883 1207 923 1271 de
946 1208 1089 1272 Coluocio
1120 1219 1154 1271 ut
1177 1211 1292 1290 quic-'

87 1332 172 1394 quam
192 1311 347 1377 addamus
370 1331 433 1375 non
455 1330 536 1394 opus
558 1322 623 1392 est,
656 1331 727 1375 cum
750 1313 937 1394 pervulgata
959 1313 1000 1374 sit
1023 1314 1143 1392 egregii
1166 1314 1269 1375 bomi-

87 1417 131 1478 nis
151 1415 245 1492 iama3
279 1415 320 1478 de
343 1416 500 1496 Pasquino
523 1415 746 1494 Cremonensi,
778 1416 965 1479 cancellario
989 1415 1113 1478 loannis
1136 1415 1268 1479 Galeatii

86 1520 284 1599 vicecomitis,
309 1517 401 1582 ducis
423 1518 677 1600 Mediolanensis,
702 1520 824 1582 comitis
845 1521 1016 1598 Virtutum,
1042 1527 1077 1582 ut
1099 1538 1116 1582 a
1141 1521 1269 1600 regione

86 1623 211 1702 quadam
234 1642 329 1704 wem
360 1621 542 1704 possidebat
564 1622 681 1686 Gallica
705 1622 887 1702 dicebatur,
920 1624 1000 1687 nihil
1023 1641 1268 1686 commemorare

86 1745 242 1806 possumus
264 1727 326 1788 nisi
343 1725 428 1809 quod
451 1727 483 1788 in
508 1727 780 1791 miscellaneorum
799 1745 838 1789 ex
854 1745 929 1788 mss.
948 1726 1040 1790 libris
1055 1726 1269 1789 bibliothecae

85 1830 198 1912 collegii
214 1831 345 1892 llomani
368 1830 527 1892 societatis
550 1831 621 1892 lesu
644 1841 728 1893 torno
751 1849 760 1893 r
783 1849 867 1893 anno
882 1849 1027 1894 nuceum
1051 1831 1135 1894 edito
1157 1850 1191 1913 p.
1208 1832 1267 1891 403

85 1951 201 1995 esaon
224 1933 311 1996 nulla
334 1932 375 1996 de
399 1952 436 1996 eo
458 1931 622 1997 dicuntur.
659 1934 837 1996 litterarum
862 1934 959 2015 igitur
982 1935 1107 1998 illarum
1132 1934 1269 1997 Coluocii

85 2037 239 2119 exemplar
265 2039 324 2100 boe
345 2026 415 2100 εει.Ι

194 2141 372 2222 “Pasquino
395 2139 436 2202 de
460 2140 607 2222 Capellis,
632 2140 822 2204 cancellario
844 2140 967 2203 comitis
988 2141 1159 2205 Virtutum.
1280 2157 1293 2205 ι

163 2245 282 2324 Nescio,
307 2245 359 2306 vir
375 2245 521 2326 insignis,
546 2243 645 2307 frater
659 2245 777 2326 optime
800 2254 833 2307 et
847 2244 946 2306 amice
962 2245 1138 2324 carissime,
1164 2245 1270 2307 nescio

82 2347 234 2428 siquidem
257 2346 344 2412 unde
374 2367 495 2410 sumam
525 2349 664 2411 initium.
711 2357 797 2411 tauto
820 2348 938 2410 etenim
969 2368 1020 2411 me
1042 2368 1176 2412 munere
1198 2348 1270 2412 ieli-

83 2451 178 2514 citasti
201 2451 364 2532 quodvis
387 2470 465 2533 prae
488 2450 603 2532 gaudio
625 2451 711 2535 apud
730 2470 781 2513 me
804 2452 875 2530 sim,
901 2462 933 2514 et
955 2451 1097 2516 seribere
1121 2454 1269 2534 gestienti

83 2572 162 2617 uunc
184 2553 426 2618 referendarum
450 2557 623 2636 gratiarum
645 2554 782 2618 cilicium
805 2573 840 2617 se
864 2555 991 2636 ingerit,
1016 2575 1103 2620 nunc
1125 2567 1188 2620 tam
1213 2577 1270 2619 ex-

81 2657 220 2722 cellentis
235 2657 311 2721 doni
334 2660 392 2738 tui,
419 2676 481 2739 quo
496 2675 559 2720 non
578 2657 679 2721 solum
694 2659 758 2721 voti
774 2677 912 2740 compcS,
937 2658 995 2721 sed
1011 2658 1123 2722 beatus
1139 2661 1270 2724 effectus

80 2779 157 2842 sum,
182 2760 413 2825 commendatio
428 2760 526 2840 subit,
552 2778 639 2824 nunc
653 2781 781 2824 moveor
800 2771 837 2825 ut
859 2771 964 2824 tecum
979 2764 1137 2844 explicem
1152 2775 1270 2846 quanta

36 2882 38 2886 ’
80 2865 285 2930 consolatione
302 2864 465 2928 delibutus
487 2866 546 2928 sim
570 2865 680 2947 legens
695 2883 775 2948 quas
795 2865 908 2928 misisti
931 2875 994 2929 tam
1017 2867 1165 2930 munifice
1189 2878 1271 2931 tam-

80 2987 139 3048 que
162 2968 338 3032 liberaliter
367 2969 514 3051 epistolas
538 2959 710 3032 Ciceronis.
757 2968 924 3052 quodlibet
946 2971 1032 3034 enim
1056 2973 1168 3035 borum
1191 2971 1270 3035 adeo

80 3071 236 3136 inlinitum
259 3082 307 3136 est
328 3071 472 3154 adeoque
493 3074 581 3137 vires
610 3074 808 3139 transcendit
830 3093 917 3138 meas
945 3073 1031 3156 quod
1060 3095 1119 3140 nec
1141 3095 1269 3158 possum

79 3185 181 3240 mente
203 3179 372 3260 concipere
400 3197 460 3241 nee
482 3179 572 3241 valeo
602 3179 665 3241 stili
688 3180 751 3242 mei
773 3176 939 3258 ariditate,
971 3197 1034 3259 quo
1056 3188 1162 3242 tamen
1185 3179 1270 3243 soleo

78 3281 151 3342 satis
174 3283 357 3364 exprimere
380 3281 466 3365 quod
490 3283 522 3344 iu
545 3291 686 3344 mentem
710 3281 876 3362 inciderit,
910 3299 1071 3345 enarrare.
1119 3302 1269 3364 nuncque

78 3381 204 3448 demum
227 3395 381 3468 expertus
403 3404 474 3448 sum
504 3386 597 3466 longe
625 3384 749 3450 facilius
771 3405 841 3450 esse
870 3404 1001 3468 parvam
1023 3387 1189 3448 materiam
1213 3407 1270 3448 ex-

78 3487 208 3552 tendere
224 3507 320 3571 quam
344 3489 512 3551 maximam
528 3489 575 3552 sic
596 3498 631 3552 ut
655 3489 786 3573 expedit
807 3489 996 3572 adimplere.
1039 3491 1071 3550 in
1095 3490 1154 3552 bac
1167 3491 1270 3571 siqui-

78 3587 147 3652 dem
175 3611 306 3675 semper
335 3591 457 3674 aliquid
487 3591 649 3656 desiderat
677 3593 803 3657 auditor
832 3603 863 3656 et
891 3594 1006 3672 lector,
1043 3594 1075 3654 in
1110 3592 1165 3655 illa
1192 3611 1270 3654 vero

78 3693 205 3758 uidetur
234 3695 389 3776 quioquid
418 3693 588 3759 adducitur
624 3696 818 3760 redundare.
877 3696 1014 3779 qualiter
1043 3697 1128 3758 enim
1157 3693 1271 3776 dignas

78 3795 131 3858 tibi
155 3800 275 3880 gratias
297 3817 360 3862 non
375 3797 477 3861 dicam
502 3798 637 3862 referam
659 3798 726 3883 (boc
740 3800 883 3881 quidem,
909 3798 995 3882 quod
1019 3800 1064 3862 rei
1088 3809 1147 3877 est,
1173 3817 1270 3880 supra

78 3903 255 3965 mortalium
283 3904 459 3984 potentiam
490 3921 561 3966 esse
591 3902 694 3983 reor),
725 3902 800 3983 sed,
833 3903 918 3985 quod
947 3905 980 3966 in
1003 3901 1112 3964 verbis
1135 3900 1266 3981 residet,

77 4003 202 4068 debitas
224 4006 341 4086 gratias
363 4008 476 4086 agam‘l
509 4006 628 4086 lateor,
661 4008 703 4068 mi
727 4007 903 4088 Pasquine,
935 4006 1015 4070 adeo
1044 4025 1094 4068 me
1124 4003 1269 4086 undique

78 4117 260 4190 superatum
284 4107 371 4190 quod
400 4108 481 4172 iacto
508 4129 666 4193 nequeam
690 4109 787 4192 digna
816 4110 938 4173 reterre
962 4130 1022 4174 uec
1050 4129 1148 4191 agens
1170 4109 1269 4172 verbo

78 4215 194 4292 gratias
216 4212 469 4294 magnitudinem
499 4216 545 4278 tui
574 4215 719 4276 muneris
747 4233 938 4296 exaequare.
986 4212 1070 4295 quod
1102 4214 1199 4295 igitur
1221 4212 1270 4275 al-

79 4313 221 4380 lectionis
243 4326 304 4396 est,
331 4316 456 4380 babebo
479 4317 537 4380 tibi
553 4319 680 4398 gratias,
706 4327 742 4381 ut
762 4317 884 4398 siquid
908 4335 1046 4398 unquam
1064 4316 1270 4398 rependerim

77 4431 128 4482 aut
142 4421 266 4502 egerim
282 4422 467 4502 gratiarum,
492 4421 618 4502 perpeti
633 4431 741 4482 mmen
757 4421 873 4483 ellectu
889 4439 1017 4502 semper
1033 4419 1166 4483 habeam
1186 4417 1270 4501 quod

79 4524 217 4603 reterre,
243 4523 498 4607 quandocunque
521 4543 555 4586 se
578 4523 709 4587 iacultas
731 4520 874 4604 dederit,
900 4524 959 4586 sim
982 4523 1137 4586 obnoxius
1161 4535 1193 4586 et
1215 4543 1272 4606 pa-

126 4641 248 4694 Enptii
261 4641 373 4694 Opuromc
388 4639 417 4682 11.
1048 4647 1063 4694 g
