3204 5104
324 373 397 444 318
622 386 710 446 lmx
731 401 899 447 inertem
920 403 1098 446 srsrrrnrn
1118 385 1210 445 ibib.

322 573 439 649 mode,
462 589 577 654 pem
598 579 643 636 ort
663 571 733 634 laic
754 571 924 654 bonestorum
939 591 1000 634 noo
1015 573 1154 635 reddere.
1201 589 1283 653 quas
1307 569 1350 632 de
1372 578 1437 631 erte
1457 568 1501 628 ‹li-

323 687 440 740 euntur
466 675 585 738 absona
612 685 688 737 sunt
714 686 810 756 atque
840 675 990 739 absurda.
1036 693 1076 738 en
1099 675 1207 738 codiee
1229 673 1369 756 quodam
1392 671 1501 734 Vcrdc-

324 781 413 842 riano
433 779 657 859 Dalaeempins
683 777 790 841 adlert
816 781 845 842 ai
871 797 937 841 orm
958 781 1023 840 eius
1050 778 1092 840 ol.
1118 780 1147 840 ti
1173 781 1289 842 atrium
1317 779 1383 839 erist
1405 795 1502 838 evoro

323 901 442 963 semper
468 883 583 944 ποσαί
610 881 720 944 madet.
767 901 902 963 quorum
930 882 1057 960 ultima,
1090 899 1172 962 quae
1195 883 1339 944 Muretus
1366 879 1503 942 similiter

324 985 468 1066 scripsit,
500 1003 576 1046 vera
604 995 679 1047 sunt
706 1003 766 1048 neo
793 984 932 1048 debebat
960 987 1092 1047 llaasius
1118 993 1147 1046 et
1172 985 1258 1066 qood
1286 985 1318 1044 in
1349 983 1502 1065 plerisque

324 1089 417 1150 libris
440 1098 515 1150 ante
541 1106 660 1170 seraper
682 1089 835 1170 scriptum
863 1097 912 1150 sat
940 1105 1107 1150 revocare:
1139 1087 1219 1150 nibil
1242 1089 1328 1149 enim
1358 1087 1503 1166 sanguine

324 1201 428 1272 potest
443 1191 572 1253 madore
588 1192 650 1252 nisi
667 1194 797 1254 recenti.
844 1209 911 1253 orer
931 1201 1037 1253 autem
1060 1201 1094 1252 et
1115 1191 1230 1252 atrum
1251 1190 1331 1251 nibil
1356 1199 1431 1251 aunt
1449 1191 1501 1249 nisi

300 1284 508 1357 reorn'menta
524 1313 633 1358 eorum
647 1295 703 1374 qui
719 1292 891 1376 depravata
913 1295 1073 1374 corrigere
1088 1293 1294 1355 oonabantur.
1342 1291 1428 1373 quod
1444 1311 1504 1353 me-

325 1399 387 1460 lius
409 1396 539 1478 quidem
562 1397 708 1460 leoemnt
736 1415 833 1478 quam
855 1398 909 1478 qui
934 1396 1012 1459 illud
1035 1397 1232 1477 seripserunt
1254 1397 1446 1459 stercatio
1465 1403 1502 1456 ert
1588 1459 1589 1480 p

325 1521 432 1580 enter,
469 1520 542 1563 eum
575 1499 651 1561 libri
683 1499 751 1562 lere
781 1517 887 1580 neque
916 1507 961 1562 ert
988 1499 1145 1561 baberent
1173 1515 1280 1580 neque
1308 1517 1418 1578 muer,
1452 1497 1502 1560 sed
1588 1487 1589 1560 i

324 1623 435 1666 cruore
449 1601 501 1665 vel
516 1621 675 1665 eruorem:
699 1613 912 1665 veruntamen
927 1611 959 1664 et
973 1621 1039 1664 ore
1061 1611 1094 1664 et
1115 1603 1231 1664 mum
1253 1612 1284 1664 et
1300 1603 1399 1664 multo
1414 1601 1503 1680 magis
1588 1579 1589 1616 ¹

325 1709 436 1769 Mureti
467 1725 527 1769 oro
555 1706 727 1788 displicent
752 1705 907 1787 aliudque
933 1706 986 1766 bie
1012 1705 1087 1767 olim
1116 1705 1269 1786 seriptum
1295 1705 1393 1767 luisse
1415 1707 1503 1766 Nara-

326 1811 435 1873 manus
456 1809 540 1872 liber
561 1809 718 1888 ostendit,
751 1809 784 1870 in
812 1825 874 1889 quo
897 1808 1052 1871 Gruterus
1081 1807 1190 1872 dubiis
1211 1809 1328 1871 litteris
1350 1818 1502 1871 exaratum

325 1933 395 1976 csse
418 1915 560 1975 narravit
581 1912 781 1996 creerrqoe.*)
823 1913 1042 1974 ilaasitrsenm
1064 1910 1139 1974 inde
1157 1912 1275 1974 iaceret
1289 1911 1501 1994 canescente

325 2016 494 2080 adsecutus
509 2027 556 2078 est
572 2015 657 2096 qnod
679 2014 845 2097 probabile
860 2015 964 2078 videri
980 2017 1090 2096 possit.
1130 2033 1188 2076 nos
1209 2015 1286 2078 inde
1309 2015 1391 2078 taciti
1415 2031 1502 2095 opera

326 2122 396 2182 crui
419 2139 511 2201 posse
534 2129 683 2200 putamus
705 2119 789 2200 quod
812 2120 905 2200 longe
925 2120 1125 2200 aptissimum
1148 2127 1211 2180 est:
1237 2120 1403 2200 scripsisse
1425 2120 1501 2179 enim

326 2222 455 2286 videtur
477 2224 596 2285 Seneca
619 2226 648 2285 si
668 2241 780 2285 canera
807 2225 873 2285 etos
894 2241 1004 2284 eruore
1025 2239 1143 2304 semper
1168 2225 1283 2284 renecti
1309 2223 1418 2284 nudet.
1466 2219 1501 2280 de

325 2327 491 2408 suppliciis
513 2327 547 2388 in
565 2325 748 2389 carceribus
762 2327 844 2389 sumi
867 2325 970 2388 solitis
989 2325 1068 2387 nibil
1091 2325 1256 2388 addimus:
1283 2345 1335 2388 res
1357 2335 1405 2388 ost
1425 2325 1501 2385 enim

325 2431 499 2493 notissime.

413 2535 576 2613 Pergimns
604 2532 644 2594 ad
679 2532 841 2613 epistulas.
894 2531 952 2594 aed
985 2543 1157 2613 antequam
1188 2531 1230 2593 ad
1259 2531 1499 2594 emendationem

326 2654 436 2699 carum
465 2645 572 2698 nostra
603 2637 731 2697 inventa
760 2635 961 2697 conferemus
990 2637 1021 2697 in
1053 2634 1188 2716 quedam
1219 2635 1356 2715 epistula
1378 2632 1499 2696 verbum

326 2737 412 2819 quod
440 2737 651 2820 depravatum
680 2748 750 2801 erat
778 2739 954 2800 rectissime
984 2739 1058 2800 olim
1087 2749 1265 2800 correctum
1298 2755 1384 2817 esse,
1418 2737 1498 2800 aliem

325 2853 431 2904 autem
454 2842 622 2923 epistulam
648 2860 824 2922 quaecum
847 2843 900 2904 illa
923 2851 1090 2924 conparata
1113 2853 1161 2903 est
1182 2841 1269 2903 nulla
1292 2840 1498 2904 emendatione

327 2945 471 3026 indigere
494 2944 792 3008 demonstrabimus.
845 2947 877 3006 in
901 2946 1079 3026 epistulae
1102 2946 1119 3005 l
1144 2945 1297 3026 pleraque
1321 2942 1498 3026 exemplaria

326 3050 404 3111 bace
426 3048 561 3129 babent,
594 3052 626 3110 io
653 3050 838 3130 praecipitio
858 3067 968 3111 soraee
990 3051 1047 3112 iate
1068 3048 1197 3110 deducit.
1243 3047 1336 3110 buius
1358 3047 1499 3110 miserto

326 3154 408 3216 oitoc
428 3154 531 3214 cettei
553 3152 663 3214 cedere
676 3159 731 3214 est.
770 3151 878 3214 mitade
899 3169 937 3213 ee
959 3153 1102 3214 resistcre
1123 3151 1242 3233 pedem
1257 3151 1327 3213 lieet
1339 3169 1403 3213 orm
1419 3148 1499 3229 coepti

326 3263 523 3318 eosseerros
545 3271 636 3337 opere
653 3253 786 3336 salter'toa
808 3262 862 3316 out
882 3255 989 3317 saltem
1010 3256 1101 3318 rectis
1123 3263 1178 3317 oet
1199 3255 1291 3317 semei
1303 3253 1425 3336 fruere:
1447 3269 1496 3312 noo

326 3361 417 3422 vernt
431 3360 568 3420 Fortuita
574 3403 583 3436 ,
608 3355 662 3420 sed
675 3364 804 3422 cerooet
817 3365 845 3420 et
860 3357 978 3420 odedu
1025 3357 1123 3420 luisse
1146 3359 1199 3438 qui
1224 3373 1338 3438 capere
1362 3375 1395 3420 se
1416 3365 1496 3434 atque

325 3462 396 3523 aliis
418 3463 622 3543 interpretari
644 3479 737 3542 posse
760 3461 929 3523 crederent
950 3461 1003 3524 illa
1025 3469 1079 3524 oet
1104 3461 1212 3524 sollers
1233 3463 1327 3523 rectis
1348 3467 1402 3522 ortt
1420 3455 1496 3522 secet

323 3564 433 3646 fruere
453 3563 600 3626 mirabile
622 3547 686 3644 est{
717 3560 823 3646 neque
853 3565 951 3627 multe
973 3566 1080 3627 minus
1100 3563 1247 3638 mirabile
1269 3573 1320 3626 est
1341 3563 1382 3624 ab
1403 3559 1496 3624 llaasio

327 3678 362 3730 ut
385 3666 462 3730 ialsa
485 3677 516 3730 et
538 3667 706 3730 abicienda
728 3669 841 3730 notari.
888 3670 1002 3730 enrissa
1024 3669 1111 3729 enim
1133 3683 1196 3730 una
1219 3667 1326 3729 littera
1352 3675 1423 3729 ante
1442 3673 1496 3725 tre

327 3779 436 3834 centos
463 3789 563 3833 annes
585 3772 716 3834 Manes
738 3772 922 3854 Opsopoeus
950 3773 1078 3852 egregie
1107 3781 1203 3852 atque
1225 3781 1261 3834 ut
1282 3769 1494 3834 dubitationem

327 3873 513 3937 excluderet
530 3874 609 3937 baec
624 3876 668 3937 ita
682 3875 881 3954 emendavit,
907 3883 962 3938 out
981 3875 1088 3938 saltem
1109 3876 1200 3936 rectis
1222 3881 1277 3935 cett
1297 3874 1389 3935 semel
1408 3887 1493 3932 mere

328 3977 485 4039 intellexit
506 3979 673 4040 vamtatem
701 3979 837 4060 simplici
867 3988 900 4041 et
931 3989 1015 4040 reete
1038 3976 1155 4040 iudicio
1177 3977 1493 4057 Schweighaeuserus.

327 4082 355 4141 is
377 4081 540 4144 commode
561 4081 730 4162 adscripsit
759 4099 840 4163 quae
870 4083 903 4144 in
933 4081 1068 4163 epistula
1090 4080 1125 4142 tt
1155 4083 1176 4141 9
1197 4080 1366 4161 leguntur,
1396 4097 1431 4140 sc
1452 4075 1494 4134 to

327 4183 447 4265 pridem
473 4186 604 4247 miseros
631 4183 838 4266 reipublicae
858 4187 996 4268 eccepto,
1027 4185 1118 4248 senei
1139 4199 1241 4246 rom.
1288 4200 1395 4264 neque
1414 4180 1493 4262 plane

328 4298 456 4368 praeter
484 4307 554 4350 rem·
581 4289 836 4352 commemoravit
865 4288 917 4350 illa
943 4288 1098 4368 epistulae
1121 4288 1163 4348 st
1186 4289 1238 4366 33,
1270 4289 1324 4368 qet'
1343 4286 1395 4347 lter
1411 4280 1492 4364 potet

397 4511 422 4572 'l
442 4509 540 4577 [ircim
561 4511 769 4564 bansionensi
788 4525 836 4563 err
853 4513 911 4563 ctos
931 4523 1046 4562 cmoors
1062 4521 1140 4580 semp
1159 4509 1376 4574 recentimadeti
