3268 5108
332 378 380 450 40
593 399 596 408 ’
624 392 714 452 lnnnx
735 409 901 454 eneruem
924 409 1102 454 tnsrrvinvrt
1126 392 1221 454 test.

331 583 372 647 ita
395 579 488 644 nobis
511 581 664 645 successit
686 589 721 643 ut
736 581 816 643 nihil
832 580 1017 645 dubitemus
1038 590 1093 644 aut
1108 581 1201 644 brevi
1216 580 1431 663 disputatione
1447 597 1516 642 sen·
1614 585 1616 621 ⁵

328 685 462 748 tentiam
484 693 622 747 nostram
639 681 800 746 declarare
817 687 984 766 possimus.
1025 704 1119 765 qnam
1143 684 1267 747 obrem
1290 705 1376 748 nune
1390 682 1515 765 quidem
1615 739 1616 774 p

331 788 411 850 banc
434 789 583 850 carminis
612 796 736 869 partem
764 789 1065 868 praetermittimus:
1099 807 1291 870 quamquam
1320 789 1373 850 hic
1395 805 1516 868 quoque
1612 796 1615 837 t

329 901 404 954 sunt
427 890 467 954 de
491 890 609 971 quibus
637 889 747 972 paucis
769 890 935 954 absolvere
965 911 1057 973 posse
1081 890 1259 956 videamur.
1306 893 1404 954 veluti
1428 908 1517 951 nemo

329 996 427 1058 semel
451 998 589 1057 monitus
611 993 741 1074 negabit
764 995 841 1056 baec
864 1013 934 1057 esse
957 996 1169 1076 ineptissima,

455 1098 586 1179 {iumine
606 1099 680 1180 quie
702 1100 793 1160 etiam
816 1099 887 1160 tntis
910 1100 1069 1161 currentia
1090 1101 1167 1162 rivis

458 1220 583 1265 occasus
606 1200 738 1263 habuere
760 1219 850 1263 suos:

329 1309 356 1370 si
378 1305 547 1387 scripseris
568 1323 661 1384 niens,
696 1313 781 1365 recta
803 1305 907 1366 omnia
931 1316 1027 1368 erunt
1048 1317 1145 1386 atque
1167 1308 1332 1368 concinna.
1378 1305 1456 1384 sed,
1487 1313 1521 1367 ut
1618 1365 1619 1376 ,

329 1410 487 1488 diximus,
512 1409 572 1470 hac
594 1417 685 1490 parte
708 1410 862 1489 poematis
885 1409 996 1470 relicta
1018 1408 1059 1471 ad
1081 1410 1174 1472 aliam
1197 1408 1428 1472 transeundum
1453 1428 1520 1470 essc
1618 1433 1619 1452 2

329 1512 475 1592 videtur,
507 1511 564 1574 ubi
587 1510 688 1574 codex
711 1511 983 1592 Cantabrigiensis
1006 1513 1073 1593 ipsa
1096 1523 1208 1594 poetae
1231 1512 1329 1576 verba
1352 1531 1522 1575 conserva-

328 1617 391 1697 vit,
416 1635 487 1678 cum
510 1617 563 1678 alii
586 1614 660 1676 libri
685 1633 720 1676 en
744 1616 905 1690 omittant,
939 1617 972 1676 in
995 1616 1067 1677 aliis
1088 1615 1173 1696 quod
1196 1618 1303 1680 versui
1326 1616 1438 1679 deerat
1461 1617 1522 1678 lta·

329 1722 430 1783 lorum
453 1728 628 1782 commento
657 1719 837 1799 conpletum
861 1719 913 1779 sit.
961 1736 1074 1781 verum
1102 1719 1154 1780 bic
1176 1739 1303 1800 quoque
1325 1718 1521 1800 pedetentim

329 1823 539 1906 procedemus
561 1842 597 1884 ac
619 1822 791 1902 longiorem
814 1822 1043 1885 sententiarum
1068 1824 1152 1884 inter
1174 1842 1209 1886 se
1232 1841 1385 1885 nexorum
1404 1825 1521 1884 seriem

328 1936 561 2010 persequentes
583 1925 660 1988 vitia
690 1943 729 1986 ex
759 1926 899 1987 carmine
930 1926 1041 1988 tollere
1071 1926 1273 1988 studebimus
1295 1935 1327 1988 et
1349 1927 1443 2006 quasi
1465 1944 1523 2006 per
1623 2005 1624 2014 ἵ

330 2033 395 2094 loca
417 2049 530 2111 aspera
560 2039 592 2090 et
621 2027 767 2090 sentibus
793 2027 888 2108 plena
912 2031 995 2090 viam
1024 2028 1116 2092 nobis
1145 2029 1297 2092 faciemus
1318 2048 1422 2109 usque
1447 2028 1522 2092 dunt

328 2134 405 2197 illue
426 2132 652 2214 perveniamus
674 2130 730 2195 ubi
753 2129 809 2192 diu
832 2129 1011 2194 oblitterata
1033 2143 1143 2213 poetae
1158 2132 1258 2196 verba
1279 2153 1319 2196 ex
1341 2131 1425 2194 libro
1442 2133 1526 2196 Can-

329 2236 515 2318 tabrigiensi
539 2234 670 2296 carmini
695 2235 863 2297 restituere
887 2254 1065 2315 possumus.
1113 2237 1221 2318 itaque
1240 2246 1333 2319 poeta
1355 2245 1525 2319 postquam

328 2341 495 2403 avaritiam
517 2339 680 2402 bominum
703 2336 884 2420 descripsit,
910 2340 956 2400 sic
977 2340 1083 2420 pergit
1111 2337 1150 2420 (v.
1170 2340 1258 2422 273),

458 2444 502 2506 sic
524 2443 611 2505 avidi
630 2460 749 2523 seraper
771 2459 831 2523 quo
853 2444 953 2504 visum
975 2450 1021 2506 est
1041 2445 1147 2506 corius
1170 2445 1236 2506 istis

458 2547 628 2628 implendus
650 2543 710 2607 sibi
730 2547 855 2626 quisque
877 2544 974 2608 bonis.

330 2651 372 2714 ita
402 2649 484 2713 liber
515 2648 785 2729 Cantabrigiensis
816 2657 848 2710 et
876 2649 950 2710 olim
980 2650 1133 2729 inpressi:
1167 2653 1272 2732 quovis
1301 2657 1346 2712 est
1377 2649 1440 2732 [vel
1471 2671 1528 2734 quo

329 2755 446 2832 cisum,
479 2772 551 2815 nam
582 2753 640 2814 boc
670 2753 827 2814 incertum
858 2753 914 2834 est)
942 2753 1046 2814 certior
1074 2755 1150 2834 ipsis
1177 2754 1395 2830 Florentinus;
1429 2753 1527 2818 bonus

329 2856 591 2920 Helmstadiensis
612 2867 643 2917 et
658 2855 911 2935 liehdigeranus.
951 2856 1031 2917 nibil
1054 2876 1094 2918 ex
1116 2857 1166 2920 bis
1188 2856 1273 2937 quod
1296 2855 1426 2938 probari
1451 2877 1528 2940 pos—

329 2961 370 3022 sit
399 2961 543 3022 bomines
571 2958 654 3022 docti
685 2959 875 3022 elicuerunt.
922 2958 1128 3022 scribendum
1159 2969 1207 3023 est
1233 2969 1342 3022 autem
1363 2962 1415 3024 Sic
1439 2963 1529 3026 ovidi

328 3081 446 3143 semper
475 3081 555 3136 oron
585 3064 686 3126 visum
711 3069 755 3124 est
784 3063 907 3138 carius,
945 3064 1009 3125 istis
1040 3082 1179 3126 inermos
1209 3081 1241 3126 ss
1270 3065 1394 3146 quisque
1424 3064 1525 3129 bortis.
1623 3123 1624 3136 t

329 3175 481 3229 secuntur
502 3166 591 3246 baec,

664 3267 854 3331 astartibus
877 3269 939 3332 tttis

418 3351 427 3374 ⁰
458 3379 530 3436 sctit
550 3373 648 3434 enimi
665 3370 793 3455 fraqam
817 3371 890 3434 baec
914 3391 1017 3436 rerem
1039 3382 1083 3437 est
1105 3376 1217 3455 optimc
1239 3393 1364 3452 merces,

458 3477 536 3538 scire
558 3475 636 3556 prod
658 3477 769 3538 comite
792 3483 894 3538 terroe
915 3483 1031 3538 nature
1052 3485 1175 3554 coercet,

457 3579 575 3642 nulium
593 3577 706 3661 sedere
728 3597 818 3660 opus,
844 3598 904 3640 nort
927 3587 1042 3642 metum
1064 3593 1196 3642 oeruere'
1209 3600 1314 3644 sacres

458 3679 585 3745 Aetnaei
605 3684 714 3744 montis
733 3681 877 3764 [temdus
899 3685 1074 3764 animosque
1093 3685 1237 3764 furentes,

457 3805 517 3848 reon
539 3785 636 3848 subito
658 3787 775 3867 pattere
797 3804 879 3866 sono,
905 3805 965 3848 non
988 3787 1112 3850 credere
1134 3786 1236 3850 subter

457 3889 593 3952 coelestis
617 3890 766 3972 miprosse
787 3891 889 3952 minos
912 3897 966 3953 cut
992 3893 1125 3952 Tartara
1146 3893 1260 3972 rumpi,

457 4011 544 4056 nosse
566 3991 639 4073 quid
660 3991 797 4054 intendet
820 4001 935 4067 uentos,
961 3993 1034 4073 quid
1056 3996 1175 4056 nutriet
1196 3996 1292 4078 ipnes,

457 4095 538 4157 uode
559 4103 683 4176 reperta
704 4097 788 4177 quies
811 4103 838 4158 et
860 4097 959 4158 iuncto
978 4095 1100 4178 foedere
1118 4115 1190 4178 pem
1212 4099 1261 4160 sit.

328 4203 360 4263 in
385 4201 451 4279 bis,
483 4209 519 4262 ut
540 4198 660 4260 leviora
682 4217 745 4262 non
776 4199 863 4262 nulla
886 4200 1011 4280 aliaque
1039 4219 1056 4262 a
1080 4201 1159 4262 viris
1182 4199 1282 4262 doctis
1307 4209 1392 4262 recte
1415 4213 1528 4265 curata

285 4305 519 4381 tsomittamus,
544 4321 597 4363 iss
613 4290 739 4364 ortibus¹
763 4303 825 4365 illis
842 4303 951 4365 lacobo
967 4303 1120 4367 debetur:
1148 4303 1222 4365 iibri
1246 4311 1290 4366 est
1304 4303 1424 4366 artibus
1443 4305 1528 4384 istis,

327 4407 389 4469 nisi
413 4405 497 4487 quod
523 4405 793 4486 Cantabrigiensis
822 4415 852 4468 et
883 4408 1019 4488 inpressi
1051 4427 1126 4469 tntis
1154 4407 1283 4469 habent.
1331 4406 1451 4470 deinde
1477 4427 1530 4472 ssr

328 4529 438 4573 ommi
453 4508 670 4572 Florentinus;
698 4511 795 4570 ceteri
819 4511 969 4572 maxime.
1019 4511 1049 4570 in
1073 4511 1217 4590 proximo
1239 4529 1336 4574 versu
1359 4529 1440 4584 oron
1456 4513 1531 4574 Fri-
