3186 5108
280 335 351 405 102
575 348 664 408 litum
686 365 851 410 naariam
874 366 1053 409 iusrrvravn
1075 347 1169 407 ⁴856.

275 535 485 619 probabiliter
500 537 655 617 suspicari
671 537 839 618 possimus,
865 535 923 598 sed
938 546 975 598 ut
997 535 1176 598 emendatio
1199 555 1310 600 eorum
1326 555 1470 618 magnam
1585 522 1586 600 i

276 640 393 703 babeat
420 638 651 701 difficultatem.
698 648 748 702 cst
777 638 862 702 enim
894 641 1078 721 Propertius
1107 657 1184 702 sane
1213 658 1308 721 quam
1336 639 1471 702 eximius

275 743 513 823 Tibullumque,
539 752 669 805 tenuem
686 752 718 804 et
733 743 910 824 simplicem
926 752 1064 823 poetam,
1088 742 1235 806 ubertate
1259 753 1291 805 et
1305 744 1470 821 varietate,

276 847 472 928 ingeniosam
502 844 608 908 Ovidii
641 846 801 908 levitatem
830 848 964 908 veritate
994 855 1028 908 et
1054 845 1197 927 pondere
1227 848 1469 924 sententiarum,

276 963 449 1031 utrumque
479 951 595 1011 mentis
628 949 875 1012 inflammatione
906 959 937 1012 at
971 949 1097 1012 caelesti
1133 950 1185 1011 illo
1218 949 1372 1012 instinctu
1407 949 1473 1012 sine

276 1074 339 1136 quo
363 1055 472 1116 Cicero
500 1071 597 1133 grave
625 1054 822 1134 plenumque
851 1071 979 1116 carmen
1011 1051 1102 1116 iandi
1133 1071 1225 1133 posse
1256 1063 1353 1134 negat
1384 1053 1473 1134 longe

278 1159 477 1238 multumque
499 1165 649 1238 superat,
679 1155 739 1219 sad
762 1155 849 1218 idem
872 1175 935 1218 non
957 1155 1063 1234 audax
1084 1165 1207 1222 taetram
1237 1167 1285 1220 est
1305 1157 1340 1220 in
1362 1157 1474 1237 ligabis

278 1271 309 1322 et
341 1259 469 1336 vorbis,
503 1275 617 1322 verum
651 1273 747 1340 saepe
782 1257 882 1323 durus
911 1263 1053 1322 oratione
1083 1269 1115 1321 et
1142 1273 1413 1341 nonnumquam
1442 1261 1473 1321 in

277 1362 481 1425 consolandis
505 1361 675 1425 sententiis
697 1359 926 1425 subobscurus
973 1364 1015 1424 ita
1047 1362 1081 1424 lit
1110 1371 1145 1425 ut
1175 1361 1261 1424 haud
1284 1381 1355 1424 raro
1378 1360 1474 1426 dubi-

253 1473 383 1541 tlemus
411 1475 528 1536 utrum,
549 1467 655 1530 minus
683 1466 836 1528 concinna
865 1451 970 1528 oratio'
994 1475 1104 1547 poetae
1135 1465 1342 1529 condonanda
1370 1467 1414 1530 sit
1436 1483 1473 1528 an

279 1568 444 1642 emendari
468 1568 584 1632 debeat
607 1588 699 1632 error
722 1568 942 1648 librariorum,
976 1568 1021 1631 ibi
1044 1577 1151 1632 autem
1172 1568 1229 1633 ubi
1252 1568 1402 1632 librarios
1425 1589 1475 1632 er-

280 1691 365 1735 rasse
388 1683 511 1735 certum
534 1684 582 1736 est
604 1673 756 1740 incertior
777 1673 820 1734 sit
835 1690 930 1754 quam
954 1675 985 1736 in
1002 1673 1205 1755 simplicioris
1225 1683 1261 1736 et
1282 1674 1359 1736 tersi
1375 1673 1475 1754 magis

278 1785 389 1856 poetae
419 1775 615 1838 carminibus
649 1773 840 1838 emendatio.
899 1775 1021 1840 accedit
1054 1776 1285 1858 exemplarium
1318 1775 1472 1854 condicio,

278 1898 413 1959 quorum
443 1897 524 1959 quae
553 1880 617 1942 sola
647 1888 766 1940 certam
795 1881 1012 1942 auctoritatem
1040 1878 1159 1942 babent
1181 1879 1423 1961 Neapolitanum
1446 1888 1476 1942 et

280 1981 531 2062 Groninganum,
556 2001 668 2045 eorum
690 1991 841 2044 neutrum
864 2001 882 2044 a
904 1982 1133 2046 mutationibus
1148 1981 1190 2045 dc
1213 1981 1371 2046 industria
1388 1981 1476 2044 iactis

280 2083 418 2146 liberum
440 2094 502 2148 est:
529 2084 570 2147 de
592 2103 655 2166 qna
678 2104 714 2146 rc
737 2094 810 2148 ante
834 2084 891 2148 hos
908 2085 1131 2166 duodeviginti
1154 2105 1282 2148 mensas
1304 2103 1368 2148 non
1390 2086 1476 2148 nulla

280 2187 525 2268 disputavimus.
572 2188 674 2250 nihilo
702 2197 809 2250 teman
837 2190 945 2252 minus
966 2187 1124 2270 'conplura
1148 2207 1230 2270 quae
1258 2190 1476 2270 grammaticos

280 2289 385 2352 adhuc
414 2288 597 2353 ielallerunt
619 2292 695 2354 vitia
718 2300 773 2354 aut
802 2294 980 2354 examinata
1008 2291 1193 2372 diligentius
1223 2293 1375 2354 carminis
1403 2311 1477 2355 sen-

281 2395 380 2456 tentia
403 2401 457 2456 aut
488 2393 650 2457 codicibus
672 2395 878 2477 Neapolitano
907 2403 939 2458 et
961 2395 1163 2476 Groningeno
1180 2397 1372 2458 'accuratius
1395 2398 1476 2458 inter

281 2517 315 2560 se
338 2499 517 2578 conparatis
541 2508 572 2560 et
588 2497 696 2580 detegi
720 2509 752 2561 et
775 2499 939 2562 emendari
958 2508 1102 2580 possunt.
1144 2517 1183 2560 ex
1205 2509 1342 2580 utroque
1360 2518 1476 2580 genere

281 2599 463 2681 exemplum
486 2603 680 2682 proposituri
704 2621 814 2665 sumus
837 2603 895 2664 hae
917 2602 1101 2684 scriptione.
1142 2619 1224 2684 quae
1247 2604 1274 2664 si
1297 2602 1399 2666 doctis
1421 2603 1476 2664 ho-

282 2700 423 2766 minibus
446 2703 604 2767 destinata
628 2713 729 2786 asset,
761 2703 894 2788 defungi
925 2723 1089 2787 possemus
1111 2703 1327 2787 disputatione
1351 2703 1477 2767 brevis·

281 2808 376 2882 sima;
411 2825 497 2869 nunc
519 2825 591 2870 cum
615 2808 787 2871 iuvenibus
817 2807 895 2872 haee
922 2807 1099 2873 scribamus
1121 2807 1277 2871 bonarum
1299 2807 1476 2871 litterarum

282 2910 443 2989 studiosis,
466 2911 594 2992 planius
617 2913 722 2974 omnia
743 2911 897 2975 videntur
919 2931 989 2975 esse
1012 2911 1212 2993 explicanda.

368 3015 478 3096 ltaque
504 3013 740 3095 disputabimus
766 3015 906 3096 primum
937 3013 1096 3079 deversa
1125 3016 1231 3097 alique
1260 3013 1381 3094 elegiae
1403 3008 1476 3074 libri

283 3117 378 3197 primi
401 3118 514 3180 tertiae
530 3117 683 3198 decimae,
708 3135 804 3200 quam
821 3119 1002 3201 Propertius
1024 3119 1151 3201 scripsit
1172 3128 1228 3182 aut
1250 3117 1328 3181 dam
1343 3110 1474 3198 Cynthia

282 3221 366 3282 Baiis
388 3221 656 3301 commorabatur,
687 3221 846 3303 adquam
876 3223 944 3285 eius
967 3223 1242 3285 commorationem
1266 3227 1392 3283 carmen
1414 3237 1476 3281 un-

283 3321 442 3385 decimum
464 3325 620 3405 pertinet,
653 3335 707 3387 aut
734 3325 889 3388 eumalio
912 3323 1046 3388 discidio
1068 3325 1110 3388 ab
1133 3343 1170 3389 ea
1194 3333 1278 3388 asset
1300 3331 1473 3407 seperatus.

284 3427 354 3490 eius
377 3427 496 3508 elegiae
521 3427 578 3490 hoc
601 3436 649 3490 est
671 3429 797 3491 initium
1150 3413 1152 3418 ¹

418 3530 471 3610 Tu,
496 3531 575 3612 praed
597 3549 687 3613 saepe
709 3531 797 3609 soles,
823 3539 926 3595 nostro
949 3531 1099 3595 laetabere
1120 3549 1208 3612 casu,

493 3633 591 3713 Galle,
616 3634 695 3716 meod
717 3633 840 3717 abrepto
862 3636 945 3699 solus
967 3651 1071 3698 amore
1093 3653 1208 3699 vacem.

414 3745 446 3801 ot
468 3757 528 3800 oco
551 3739 614 3820 ipae
637 3745 706 3801 lues
729 3737 880 3818 imitabor,
902 3739 1027 3821 perfide,
1052 3757 1158 3803 aocet:

488 3841 600 3924 follere
623 3849 650 3903 te
672 3859 848 3924 numquam,
876 3843 973 3922 Galle,
995 3843 1102 3925 puello
1124 3843 1204 3906 velit.

349 3943 368 4004 t
414 3945 486 4008 dam
508 3944 563 4007 tibi
583 3943 712 4027 deceptis
735 3951 865 4029 cupetur
884 3943 973 4027 some
992 3941 1115 4028 puellis,

490 4055 592 4112 certus
615 4055 643 4111 et
664 4049 696 4110 io
718 4047 803 4112 nullo
826 4051 950 4131 plaerio
973 4065 1075 4112 amore
1097 4067 1225 4128 morem,

412 4151 553 4234 perillus
576 4153 609 4214 io
631 4148 764 4234 qaedam
786 4151 885 4216 tardis
905 4153 1074 4235 pallescere
1096 4153 1179 4216 ocris

494 4257 601 4337 recipe
624 4261 652 4317 el
669 4255 770 4337 primo
794 4251 900 4338 lapsus
923 4256 1009 4318 obire
1030 4255 1142 4340 produ.

415 4357 489 4421 loce
510 4359 570 4421 erit
591 4357 717 4421 illorum
739 4362 898 4441 contempti
914 4371 1014 4441 poena
1035 4357 1160 4437 doloris,
1187 4403 1189 4406 >

335 4463 370 4524 to
495 4463 664 4524 mattarum
684 4463 815 4526 memes
837 4461 940 4547 accipet
959 4481 1022 4525 ooo
1045 4465 1136 4526 vices.
