3184 5108
364 393 451 456 loom
476 411 639 454 moerores
664 411 842 456 νκπτιννπνπ
868 393 960 456 tuos.
1183 380 1257 452 205

87 579 154 640 bitte
175 579 389 644 versttlndlioh
411 601 450 643 zu
474 582 618 646 maoheo.
666 580 726 644 der
755 579 839 644 todel
868 581 996 644 bezieht
1023 583 1091 644 sich
1120 581 1177 644 ani
1204 582 1260 645 das

87 682 284 764 uopsssende‚
310 682 430 748 sohiele
446 683 503 747 des
526 683 705 764 gewuhlton
729 685 949 765 gleiohnisses.
986 684 1059 748 dass
1073 705 1147 748 man
1162 688 1260 750 sehon

87 789 122 848 im
145 788 330 850 alterthume
360 786 412 850 die
435 796 536 850 worte
567 788 655 850 nieht
682 789 774 850 mehr
803 790 895 850 recht
917 788 1067 852 verstand
1095 791 1180 870 soigt
1208 790 1260 854 dio

85 909 287 971 gezwungene
314 891 488 971 erklarung
517 890 569 952 bei
601 892 716 954 Sextus
745 911 830 972 emp.
856 891 929 954 adv.
956 894 1171 972 math.1123‚
1203 893 1263 956 der

84 993 134 1056 das
151 987 366 1079 περιεργάσθαι
388 994 443 1058 aul
463 993 516 1056 die
539 993 624 1056 heim
646 996 816 1074 vorzeigen
838 994 897 1058 des
919 996 1029 1058 saokes
1052 997 1262 1078 hinzugelttg-

84 1106 131 1158 teo
153 1097 442 1179 erklarungsworte
464 1097 601 1177 beeleht,
632 1092 837 1183 ἀποχρώντως
859 1093 944 1170 κενὸς
967 1096 1101 1186 δαχθεὶς
1123 1095 1140 1163 ὁ
1161 1093 1263 1163 atte-

83 1223 128 1270 κος
148 1195 276 1284 ἐσήμηνε
297 1196 351 1285 τὴν
376 1196 515 1284 α’ίτησιν.ι
561 1202 649 1265 nulla
671 1211 718 1263 est
747 1204 781 1264 in
811 1203 857 1264 eis
880 1221 963 1283 quae
985 1205 1082 1266 Samii
1110 1204 1262 1267 dixerunt

84 1301 279 1384 feceruntque
308 1302 562 1368 similitudo'vel
591 1304 757 1386 allegoria,
798 1325 858 1367 noo
889 1317 975 1369 reeta
1009 1327 1068 1369 neo
1096 1327 1259 1388 perversa,

82 1407 185 1470 sedin
207 1409 483 1490 interpretatione,
511 1427 594 1490 quae
617 1409 718 1490 ipsius
740 1409 938 1490 antiquitatis
961 1421 1087 1492 captum
1111 1430 1263 1492 superare

82 1509 137 1571 sihi
159 1509 286 1574 videtur
307 1513 504 1594 Sextumque
533 1513 624 1592 quasi
648 1512 767 1574 Graece
794 1513 945 1576 nesoierit
976 1515 1155 1595 insimulat,
1187 1535 1264 1596 per-

84 1632 168 1676 versa
188 1625 263 1678 sunt
283 1615 400 1678 omnia.
447 1617 535 1678 Sexti
559 1617 637 1678 haee
659 1626 707 1678 est
728 1619 868 1680 narratio
890 1620 1005 1698 pagina
1029 1617 1164 1680 Bekkeri
1185 1619 1260 1682 679.

83 1717 333 1782 laoedaemonios
356 1718 433 1781 dioit
460 1737 523 1780 non
547 1721 580 1780 in
603 1719 728 1782 eivibus
757 1729 880 1783 tantum
909 1721 966 1783 sed
995 1723 1089 1784 etiam
1113 1724 1145 1785 in
1168 1741 1265 1803 pere-

83 1823 176 1900 grinis
202 1824 358 1886 sermonis
384 1822 575 1886 brevitatem
598 1825 781 1903 requirere,
820 1811 861 1886 ἐκΙ
893 1824 991 1907 μίσων
1020 1823 1121 1908 μέντοι
1149 1848 1184 1909 γε
1212 1822 1288 1889 sola

82 1919 125 1988 τὸν
151 1921 234 1988 Χίων
262 1921 447 2012 πρεσβευτὴν
475 1921 541 2011 περί
563 1925 716 2010 ἐξαγωγῆς
738 1930 832 2011 πυροῦ
864 1921 1029 2010 desiperes„
1048 1923 1113 1992 ἐπεὶ
1143 1932 1264 2014 μακρῶς

82 2023 243 2114 ἡρμήνευσε
264 2025 318 2113 την
338 2027 452 2112 δίησιν,
480 2021 628 2114 ἄπρακτον
651 2029 870 2108 ἐξαπέστειλαν,
897 2029 1001 2115 ἑτέρου
1024 2029 1057 2094 δὲ
1077 2031 1265 2117 πεμφθέντας

83 2133 297 2218 οωντομωτέροω
332 2125 451 2217 (ἤπειγε
479 2129 537 2218 γὰρ
562 2129 680 2218 ἀνάγκη
709 2129 776 2206 τοάς
805 2130 910 2217 Χίους)
938 2132 1063 2198 ἔδοσαν·
1100 2131 1186 2198 κενὸν
1207 2132 1266 2221 ηάρ

83 2231 207 2303 θύλακον
230 2231 330 2309 αάποῖς
352 2227 437 2307 οὗτος
460 2232 616 2309 ἀνατείνας
639 2232 772 2322 ἀλφίτων
802 2231 892 2302 αάτάν
920 2235 980 2324 ἔφη
1007 2221 1135 2302 δεῖσθαι.
1183 2231 1265 2323 ὅμως

83 2335 107 2402 θ’
133 2331 184 2405 otis
205 2337 257 2405 καί
277 2344 381 2404 τοῦτον
404 2333 445 2411 ὡς
467 2335 639 2426 ἀδολέσχην
652 2340 839 2427 ἐμέμψαντο·
873 2335 1074 2427 ἀποχρώντως
1100 2338 1159 2428 γὰρ
1181 2340 1266 2415 assde

84 2441 207 2530 δαχθεὶς
235 2439 253 2508 ὁ
276 2438 408 2515 θύλακος
437 2439 570 2528 ἐσήμηνε
597 2439 650 2527 τήν
679 2447 738 2508 τῶν
767 2441 853 2508 Χίων
883 2440 1010 2528 αἴτησιν.
1064 2447 1265 2509 omnilestnm

83 2558 126 2612 est
147 2550 278 2612 Sextum
308 2559 451 2610 autnon
481 2549 665 2610 memoriter
693 2550 875 2610 meminisse
905 2568 986 2629 quae
1017 2550 1102 2630 apud
1125 2550 1267 2613 Herodo—

84 2661 143 2714 tum
165 2653 285 2733 legerat
307 2661 362 2714 aut
383 2651 490 2732 potius
512 2651 608 2714 alium
633 2662 775 2714 seoutum
800 2671 870 2714 esse
893 2653 1079 2733 scriptorem
1106 2655 1161 2734 qui
1186 2673 1268 2734 quae
1293 2693 1295 2698 .

85 2754 254 2818 Herodotus
276 2753 317 2816 de
334 2755 448 2816 Samiis
468 2753 616 2816 exulibus
637 2753 786 2834 perhibet
809 2755 848 2817 de
865 2755 1015 2818 Chiorum
1037 2757 1143 2836 aliquo
1167 2758 1267 2836 legato

84 2869 113 2920 et
137 2860 240 2941 paullo
267 2859 362 2922 aliter
388 2859 542 2936 narravit,
574 2867 609 2920 nt
631 2858 732 2921 solent
755 2859 871 2922 variari
901 2858 1055 2920 eiusmodi
1085 2862 1268 2923 narnatino*

84 2963 177 3026 culae,
224 2962 311 3044 apud
338 2964 466 3024 Sextum
490 2960 726 3023 Lacedaemonii
754 2964 830 3024 satis
859 2961 999 3024 loturum
1030 2962 1128 3025 luisse
1156 2962 1268 3026 dieunt

83 3067 107 3126 si
133 3067 255 3148 legatus
278 3065 427 3128 Chiorum
455 3083 588 3128 vaenum
619 3065 808 3128 ostendisset
838 3083 962 3128 sernum
993 3066 1180 3147 nullumque
1210 3066 1269 3129 ed-

84 3169 204 3234 ieoisset
227 3168 381 3248 verbum3
408 3169 512 3250 paullo
535 3169 722 3232 clementius
743 3169 829 3250 apud
848 3169 1038 3234 Herodotum
1055 3171 1169 3234 Samiis
1192 3172 1270 3234 heeo

84 3271 199 3354 dieunt,
229 3275 317 3336 ‘satis
339 3283 408 3336 erat
430 3267 562 3358 ἀλφίτων
586 3271 693 3348 δεῖται,
719 3272 831 3335 inutile
855 3283 959 3336 autem
979 3272 1106 3336 adicere
1128 3267 1144 3336 ‘o
1167 3267 1269 3338 θάλα-

83 3397 149 3457 κος,
185 3397 258 3440 nam
293 3378 378 3439 huno
411 3375 581 3438 videmus²
632 3374 765 3456 adparet
800 3376 861 3438 lam
892 3396 998 3459 noque
1026 3377 1270 3439 Valckenarium

85 3479 157 3542 haee
187 3479 383 3543 intellexisse
414 3498 519 3560 neque
543 3480 598 3560 qui
622 3478 668 3540 illi
691 3477 846 3542 adsensus
868 3489 916 3541 est
939 3479 1162 3542 Sohaelerum:
1198 3499 1269 3541 nam

83 3583 113 3644 in
137 3585 183 3646 eis
213 3603 295 3665 quae
325 3583 517 3646 antecedunt
543 3583 741 3664 seripserunt
771 3576 902 3646 θύλακον
933 3579 965 3646 δὲ
988 3580 1128 3668 φέροντες
1154 3579 1271 3668 ἔφασαν
1363 3606 1367 3616 ·

84 3679 213 3772 ἀλφίτων
229 3685 366 3764 δίεσθαι,
390 3686 494 3749 (θείοιο
511 3705 547 3748 eo
570 3685 654 3766 quod
677 3705 808 3766 prorsus
824 3686 1037 3748 necessarium
1053 3695 1112 3748 est.
1145 3687 1271 3748 omnino

84 3809 189 3852 eorum
206 3790 318 3872 quide
335 3791 397 3852 illis
412 3788 560 3852 llerodoti
577 3788 687 3852 verbis
703 3789 825 3871 aliquid
842 3790 992 3852 dixerunt
1009 3809 1092 3852 unus
1108 3790 1273 3868 Selrweig-

85 3891 256 3956 haeuserus
279 3894 408 3956 videtur
431 3913 498 3955 rem
523 3893 727 3954 intellexisse.

167 3997 232 4061 Sed
254 3997 375 4060 dixerit
396 3997 513 4076 aliquis
535 4016 592 4058 nos
615 4015 741 4077 quoque
764 4004 827 4058 tota
848 4006 954 4060 nostra
976 3996 1191 4078 disputatione
1212 4017 1272 4059 πε-

87 4095 272 4185 ριεργάσθαι.
320 4109 405 4162 esto:
438 4101 511 4161 trita
540 4099 741 4180 protulimuS,
774 4099 831 4161 sed
859 4099 1031 4163 iuvenibus
1055 4101 1187 4162 sortasse
1210 4119 1272 4161 non

88 4203 223 4278 inutilia;
255 4221 359 4284 neque
382 4222 573 4284 magnopere
596 4201 772 4264 verendum
802 4203 893 4264 nobis
916 4213 964 4264 ost
993 4221 1034 4264 ne
1059 4202 1142 4264 doeti
1172 4203 1274 4264 homi-

88 4323 142 4368 nes
163 4309 243 4370 haee
265 4315 371 4369 nostra
395 4307 511 4389 legant.
548 4305 661 4386 quodsi
677 4307 732 4385 qui
756 4315 860 4366 tamen
884 4306 997 4367 lecturi
1021 4317 1107 4385 sunt,
1133 4305 1273 4368 taedium

89 4429 194 4472 eorum
217 4411 347 4472 fortasse
370 4408 638 4491 conpensabimus
660 4407 790 4470 maeulis
812 4407 937 4470 duabus
966 4427 1007 4470 ex
1036 4408 1156 4470 eisdem
1183 4407 1275 4470 libris

90 4511 261 4594 dequibus
280 4513 513 4594 disputavimus
533 4511 689 4575 eluendis.
731 4512 837 4590 itaque
852 4510 938 4592 apud
954 4510 1143 4574 llerodotum
1161 4529 1195 4570 ur
1213 4511 1274 4571 tna
