3186 5108
327 383 397 456 122
616 399 705 460 lanea
727 416 894 460 nnertourn
916 415 1096 459 uerterat!
1122 395 1214 470 teet.

323 589 464 652 Catullus
486 607 614 670 quoque
638 588 893 669 elegantissimus
915 595 1079 668 poetarum
1103 586 1134 647 in
1159 585 1245 647 hisce
1268 581 1424 659 versibus,

452 692 592 756 Minister
614 691 709 755 ceute·
724 709 805 772 puer
827 690 953 752 Falerni

453 797 539 880 ioper
560 797 604 856 mi
624 795 733 858 calices
755 793 937 870 oomn’orea,

451 907 484 962 ut
506 899 560 962 aa
583 899 752 961 Postumiae
774 895 853 959 iubet
874 897 1039 981 mapietroe

451 1001 571 1064 mrioao
592 1005 684 1064 aciae
705 1000 891 1078 muscaria,

323 1127 393 1170 cunr
418 1105 525 1169 dicare
548 1104 663 1168 ὠνίοεο
697 1113 803 1186 posset
826 1115 875 1183 et,
911 1104 998 1186 quod
1027 1113 1094 1166 erat
1122 1104 1287 1180 usitatius,
1323 1102 1444 1162 acinum
1473 1100 1500 1159 in

322 1220 437 1273 neutro
467 1228 585 1291 genere
614 1207 795 1290 appellare,
833 1227 941 1270 amans
973 1217 1077 1270 tamen
1108 1207 1212 1269 hiatus
1243 1205 1327 1267 illius
1357 1203 1500 1266 Homerici

297 1311 512 1378 tsuavitatein
534 1309 790 1379 ebriosorndixit
811 1313 942 1394 propter
964 1297 1212 1394 insequendae*
1234 1308 1362 1372 litterae
1376 1323 1503 1370 concen-

321 1427 400 1480 tum.
447 1417 503 1497 qui
537 1414 634 1478 ebrios
667 1424 773 1478 autem
808 1415 965 1478 Catullum
999 1411 1119 1476 dixisse
1152 1419 1266 1494 putant
1298 1419 1353 1472 aut
1380 1407 1502 1472 ebriosos

327 1520 409 1600 {narn
440 1517 472 1581 id
503 1536 629 1600 quoque
659 1527 781 1579 temera
810 1518 963 1599 seriptum
986 1513 1174 1597 invenitur),
1208 1515 1241 1576 in
1264 1512 1363 1576 libros
1392 1513 1503 1575 seilicet

322 1622 364 1686 de
385 1623 544 1703 oomuptis
565 1621 803 1702 exemplaribus
825 1620 923 1684 lactas
945 1619 1149 1684 inciderunt.¹

408 1724 498 1799 Quod
527 1725 561 1786 in
591 1725 816 1787 commentario
843 1724 897 1786 illo
925 1741 989 1805 quo
1017 1723 1138 1784 Gellius
1162 1739 1241 1785 usus
1273 1731 1324 1784 est
1359 1719 1504 1800 seriptum

322 1840 392 1891 arnt
412 1830 514 1892 ultum
537 1845 607 1891 esse
622 1827 799 1908 Vergilium
821 1827 1028 1892 offensionem
1050 1823 1231 1889 oblitterato
1253 1823 1348 1888 Nolae
1372 1823 1503 1899 nomine,

322 1932 407 1996 idern
429 1941 539 1994 narrat
562 1931 787 2014 Philargyrius,
813 1931 869 2011 qui
891 1929 932 1994 ad
953 1948 1027 1993 orae
1046 1917 1234 1993 voeabultun
1256 1925 1373 2008 (georg.
1389 1945 1423 2005 u,
1436 1925 1502 2007 225}

323 2037 400 2098 haec
428 2034 616 2117 adscripsit,
651 2036 694 2096 ‘at
722 2034 780 2095 hoo
807 2032 990 2096 emendavit
1019 2034 1106 2114 ipse,
1136 2032 1192 2112 qui
1215 2031 1322 2095 Nolam
1350 2039 1504 2112 posuerat.

322 2157 394 2203 nam
429 2148 538 2220 postea
566 2139 706 2200 offensus
728 2156 745 2199 a
768 2137 907 2216 Nolanis,
940 2136 996 2217 qui
1026 2134 1132 2198 eidem
1161 2153 1275 2216 aqtmm
1305 2143 1505 2214 negaverant,

321 2261 380 2305 ora
401 2259 458 2324 pro
481 2241 561 2306 Nolo
580 2241 709 2322 posuit.²
753 2237 925 2302 absurdam
955 2239 1170 2302 narrationem
1199 2236 1372 2302 absurdius
1397 2235 1507 2300 alliud

321 2345 481 2409 Aeneidos
496 2364 537 2407 ru
559 2364 591 2405 v.
611 2341 672 2405 tto
697 2343 941 2422 transtulerunt,
967 2341 1119 2424 adquam
1140 2343 1183 2405 ita
1202 2342 1370 2423 mriptum,
1394 2347 1423 2404 et
1441 2359 1508 2422 auor

321 2448 481 2532 malime
496 2448 668 2530 deepeotaat
689 2449 808 2510 moenio
822 2445 938 2522 Deltae,
963 2445 1095 2508 Servius
1117 2445 1196 2510 haee
1210 2443 1383 2523 adnotavit,
1411 2442 1507 2506 ‘multi

322 2553 428 2616 Nolam
452 2552 562 2613 volunt
591 2549 732 2632 intellegi
762 2559 794 2612 at
823 2547 935 2612 dieunt
957 2550 1073 2613 iratum
1096 2549 1270 2629 Vergilium
1300 2565 1415 2610 nomen
1445 2549 1509 2611 elus

323 2665 460 2719 mutasse
484 2663 614 2736 propter
643 2653 704 2717 sibi
732 2663 881 2735 negabam
904 2653 1077 2734 hospitium
1106 2659 1137 2714 at
1167 2652 1210 2714 ita
1236 2661 1348 2733 aperte
1375 2651 1508 2715 noluisse

324 2759 442 2838 dicere,
468 2757 525 2820 sed
548 2755 718 2820 ostendere
747 2776 807 2840 per
835 2756 1060 2839 periphrasim.
1107 2773 1179 2816 nam
1203 2755 1270 2819 illio
1291 2755 1408 2819 Punica
1435 2755 1509 2816 mala

323 2871 509 2940 naseuntur,
522 2871 570 2924 ‘ut
592 2879 678 2925 nune
699 2861 788 2924 Bello
813 2879 871 2942 pro
893 2859 973 2922 Noto
993 2858 1147 2939 posuerit.
1194 2857 1247 2920 alii
1276 2857 1387 2922 volunt
1414 2858 1508 2939 oeetpt

323 2976 360 3030 ut
380 2967 423 3029 eit
444 2965 635 3047 synaloepha
666 2973 699 3027 et
720 2964 844 3045 legatur
866 2963 985 3024 amenio
1006 2958 1150 3024 Abellae!
1195 2969 1293 3042 atque
1323 2961 1383 3024 hoe
1411 2964 1509 3044 ipsum

323 3068 442 3131 moenio
464 3065 586 3131 Abellae
607 3068 761 3150 seriptum
784 3076 832 3130 est
856 3067 888 3128 in
913 3063 995 3128 libro
1018 3064 1167 3144 Palatino,
1197 3073 1358 3146 sumptum
1383 3063 1510 3128 lortasm

324 3171 403 3235 illud
425 3191 467 3234 ax
488 3172 731 3234 commentario:
764 3189 838 3234 nam
860 3171 960 3232 catari
983 3167 1058 3230 libri
1080 3168 1113 3230 in
1128 3167 1233 3231 ileliae
1256 3165 1410 3232 vocabulo
1433 3170 1512 3230 inter

323 3295 358 3340 ee
388 3276 601 3338 consentiunt.
648 3272 705 3337 sed
739 3273 824 3354 quod
857 3271 1011 3354 oppidum
1044 3279 1136 3352 poeta
1162 3269 1284 3334 dixerit
1315 3290 1379 3334 non
1414 3279 1513 3354 potest

323 3377 481 3455 dubitari3
511 3377 555 3440 de
569 3375 668 3440 lornta
684 3377 822 3440 nominis
837 3376 967 3438 lenense
983 3374 1161 3456 paullulum
1176 3373 1385 3438 dubitationis
1405 3383 1510 3438 restat.

323 3483 441 3546 etenim
471 3481 503 3542 in
532 3481 622 3544 titulo
645 3478 800 3544 Abellano
828 3499 925 3561 quem
948 3480 1160 3558 Mommsenus
1190 3479 1223 3541 in
1253 3477 1512 3559 inscriptionibus

324 3586 415 3668 regni
438 3583 633 3665 Neapolitani
657 3584 776 3646 Latinis
799 3603 831 3664 p.
850 3584 891 3644 ill
920 3579 961 3663 (n.
983 3579 1077 3662 llll)
1103 3581 1237 3662 protulit
1256 3583 1413 3663 seriptum
1437 3581 1511 3661 lagi-

323 3709 394 3754 mus
416 3703 572 3751 outrarnu
587 3733 595 3748 .
609 3705 739 3750 manen:
772 3703 966 3768 quamquam
994 3683 1174 3765 prudenter
1195 3682 1282 3748 idem
1304 3685 1512 3748 llommsenus

322 3815 355 3876 p.
375 3792 437 3854 tlt
467 3793 646 3873 scripturae
680 3789 814 3868 diffidit,
851 3807 922 3852 ctun
952 3788 986 3852 in
1015 3786 1127 3852 eodem
1150 3787 1240 3850 titulo
1265 3787 1383 3852 civium
1407 3785 1511 3870 oppidi

323 3913 439 3960 nornen
463 3896 506 3958 sit
527 3911 751 3959 amtorem.
795 3891 917 3955 aceedit
947 3889 1032 3972 qood
1055 3888 1269 3968 liemondino,
1301 3891 1359 3972 qui
1388 3892 1510 3956 titulum
1587 3879 1588 3926 t

324 4001 413 4063 illurn
436 4001 470 4061 in
493 3998 624 4061 historia
646 3998 763 4060 Nolana
785 4015 842 4060 sua
864 3995 988 4078 primus
1009 3993 1131 4072 edidit,
1161 4011 1224 4058 non
1253 4013 1358 4076 tuque
1387 4011 1512 4076 quaem
1587 3989 1588 4062 i

324 4103 420 4167 fidem
450 4099 630 4164 hahendam
660 4119 730 4163 esse
763 4098 804 4162 ab
838 4101 906 4180 ipso
929 4100 1117 4160 Mommseuo
1147 4095 1310 4160 dooemuu
1357 4105 1430 4164 utut
1456 4105 1510 4173 aet,

324 4210 449 4288 ineptas
483 4206 552 4268 illas
585 4203 838 4270 narratiunculas
870 4223 888 4266 a
919 4201 1061 4282 Vergilio
1091 4199 1313 4281 ablegabimus
1345 4211 1444 4282 atque
1475 4197 1511 4260 ad
1587 4191 1588 4276 l

324 4319 500 4374 commenta
523 4318 555 4372 et
577 4307 699 4370 tabulas
728 4307 904 4370 relat-emus
926 4303 1045 4386 quibus
1067 4303 1199 4385 Vergilii
1227 4317 1344 4368 nomen
1373 4313 1511 4385 ternpore
1587 4287 1588 4352 l

323 4416 401 4478 satis
422 4415 553 4495 antiquo
575 4411 730 4474 cumulari
754 4419 899 4491 coeptum
924 4417 983 4470 est.
1030 4409 1138 4490 itaque
1160 4405 1286 4472 laudem
1309 4422 1386 4472 sne
1400 4417 1512 4470 'ntere-

324 4529 377 4582 tur
399 4517 521 4580 Gellius
543 4513 646 4597 quod,
683 4522 718 4576 ut
739 4514 800 4592 ait,
835 4511 981 4576 laborare
1014 4511 1298 4576 numeraremus
1330 4527 1373 4576 an
1405 4509 1511 4573 laisum
1587 4509 1588 4560 l
