<?xml version="1.0" encoding="UTF-8"?>
<!DOCTYPE html PUBLIC "-//W3C//DTD XHTML 1.0 Transitional//EN"
    "http://www.w3.org/TR/xhtml1/DTD/xhtml1-transitional.dtd">
<html xmlns="http://www.w3.org/1999/xhtml" xml:lang="en" lang="en">
 <head>
  <title>
</title>
<meta http-equiv="Content-Type" content="text/html;charset=utf-8" />
  <meta name='ocr-system' content='tesseract 3.04.00' />
  <meta name='ocr-capabilities' content='ocr_page ocr_carea ocr_par ocr_line ocrx_word'/>
</head>
<body>
  <div class='ocr_page' id='page_1' title='image "./mavriciihavptii00haupgoog/mavriciihavptii00haupgoog_0378.png"; bbox 0 0 3204 5104; ppageno 0'>
   <div class='ocr_carea' id='block_1_1' title="bbox 393 340 1289 418">
    <p class='ocr_par' dir='ltr' id='par_1_1' title="bbox 393 340 1289 418">
     <span class='ocr_line' id='line_1_1' title="bbox 393 340 1289 418; baseline -0.004 -2"><span class='ocrx_word' id='word_1_1' title='bbox 393 357 483 418; x_wconf 79' lang='lat' dir='ltr'><strong>lrmrx</strong></span> <span class='ocrx_word' id='word_1_2' title='bbox 505 374 668 418; x_wconf 74' lang='lat' dir='ltr'><strong>inertem</strong></span> <span class='ocrx_word' id='word_1_3' title='bbox 691 374 874 418; x_wconf 72' lang='lat' dir='ltr'><strong>aroannam</strong></span> <span class='ocrx_word' id='word_1_4' title='bbox 896 356 989 417; x_wconf 77' lang='lat' dir='ltr'><strong>tuot.</strong></span> <span class='ocrx_word' id='word_1_5' title='bbox 1214 340 1289 414; x_wconf 87' lang='grc'><strong>365</strong></span> 
     </span>
    </p>
   </div>
   <div class='ocr_carea' id='block_1_2' title="bbox 107 544 1294 1658">
    <p class='ocr_par' dir='ltr' id='par_1_2' title="bbox 107 544 1294 1658">
     <span class='ocr_line' id='line_1_2' title="bbox 112 544 1292 627; baseline 0.005 -25"><span class='ocrx_word' id='word_1_6' title='bbox 112 545 240 605; x_wconf 87' lang='lat' dir='ltr'><strong>emortui</strong></span> <span class='ocrx_word' id='word_1_7' title='bbox 257 545 414 607; x_wconf 88' lang='lat' dir='ltr'><strong>sermonis</strong></span> <span class='ocrx_word' id='word_1_8' title='bbox 429 544 670 624; x_wconf 85' lang='lat' dir='ltr'><strong>vocabulorum,</strong></span> <span class='ocrx_word' id='word_1_9' title='bbox 695 547 885 626; x_wconf 87' lang='lat' dir='ltr'><strong>praesertim</strong></span> <span class='ocrx_word' id='word_1_10' title='bbox 901 563 1010 607; x_wconf 92' lang='lat' dir='ltr'><strong>eorum</strong></span> <span class='ocrx_word' id='word_1_11' title='bbox 1033 563 1167 625; x_wconf 87' lang='lat' dir='ltr'><strong>quorum</strong></span> <span class='ocrx_word' id='word_1_12' title='bbox 1191 563 1292 627; x_wconf 87' lang='lat' dir='ltr'><strong>peuce</strong></span> 
     </span>
     <span class='ocr_line' id='line_1_3' title="bbox 112 647 1293 729; baseline 0.003 -23"><span class='ocrx_word' id='word_1_13' title='bbox 112 655 214 708; x_wconf 81' lang='lat' dir='ltr'><strong>extent</strong></span> <span class='ocrx_word' id='word_1_14' title='bbox 229 648 390 729; x_wconf 87' lang='lat' dir='ltr'><strong>exempla,</strong></span> <span class='ocrx_word' id='word_1_15' title='bbox 417 647 507 710; x_wconf 76' lang='lat' dir='ltr'><strong>facile</strong></span> <span class='ocrx_word' id='word_1_16' title='bbox 526 647 595 709; x_wconf 90' lang='lat' dir='ltr'><strong>lieri</strong></span> <span class='ocrx_word' id='word_1_17' title='bbox 618 657 653 710; x_wconf 94' lang='lat' dir='ltr'><strong>ut</strong></span> <span class='ocrx_word' id='word_1_18' title='bbox 676 667 772 710; x_wconf 88' lang='lat' dir='ltr'><strong>sensu</strong></span> <span class='ocrx_word' id='word_1_19' title='bbox 787 658 893 710; x_wconf 90' lang='lat' dir='ltr'><strong>nostro</strong></span> <span class='ocrx_word' id='word_1_20' title='bbox 910 648 1065 710; x_wconf 76' lang='lat' dir='ltr'><strong>fallamur.</strong></span> <span class='ocrx_word' id='word_1_21' title='bbox 1106 657 1137 710; x_wconf 90' lang='lat' dir='ltr'><strong>et</strong></span> <span class='ocrx_word' id='word_1_22' title='bbox 1152 648 1293 728; x_wconf 91' lang='lat' dir='ltr'><strong>loquitur</strong></span> 
     </span>
     <span class='ocr_line' id='line_1_4' title="bbox 112 748 1289 832; baseline 0.004 -25"><span class='ocrx_word' id='word_1_23' title='bbox 112 748 266 812; x_wconf 88' lang='lat' dir='ltr'><strong>interdum</strong></span> <span class='ocrx_word' id='word_1_24' title='bbox 297 751 406 813; x_wconf 87' lang='lat' dir='ltr'><strong>Cicero</strong></span> <span class='ocrx_word' id='word_1_25' title='bbox 432 751 594 832; x_wconf 90' lang='lat' dir='ltr'><strong>eliquanto</strong></span> <span class='ocrx_word' id='word_1_26' title='bbox 622 769 717 831; x_wconf 92' lang='lat' dir='ltr'><strong>quem</strong></span> <span class='ocrx_word' id='word_1_27' title='bbox 748 770 805 813; x_wconf 91' lang='lat' dir='ltr'><strong>nos</strong></span> <span class='ocrx_word' id='word_1_28' title='bbox 834 752 900 814; x_wconf 88' lang='lat' dir='ltr'><strong>lere</strong></span> <span class='ocrx_word' id='word_1_29' title='bbox 928 753 1133 832; x_wconf 78' lang='lat' dir='ltr'><strong>loqueremur</strong></span> <span class='ocrx_word' id='word_1_30' title='bbox 1167 750 1289 814; x_wconf 87' lang='lat' dir='ltr'><strong>lortius.</strong></span> 
     </span>
     <span class='ocr_line' id='line_1_5' title="bbox 111 853 1292 934; baseline 0.003 -22"><span class='ocrx_word' id='word_1_31' title='bbox 111 853 169 932; x_wconf 88' lang='lat' dir='ltr'><strong>sio,</strong></span> <span class='ocrx_word' id='word_1_32' title='bbox 200 863 234 917; x_wconf 92' lang='lat' dir='ltr'><strong>ut</strong></span> <span class='ocrx_word' id='word_1_33' title='bbox 256 855 401 934; x_wconf 82' lang='lat' dir='ltr'><strong>exemplo</strong></span> <span class='ocrx_word' id='word_1_34' title='bbox 424 864 551 917; x_wconf 89' lang='lat' dir='ltr'><strong>utemur</strong></span> <span class='ocrx_word' id='word_1_35' title='bbox 573 855 658 916; x_wconf 91' lang='lat' dir='ltr'><strong>vocis</strong></span> <span class='ocrx_word' id='word_1_36' title='bbox 686 872 768 934; x_wconf 89' lang='lat' dir='ltr'><strong>qnae</strong></span> <span class='ocrx_word' id='word_1_37' title='bbox 791 855 905 916; x_wconf 90' lang='lat' dir='ltr'><strong>cerrito</strong></span> <span class='ocrx_word' id='word_1_38' title='bbox 928 853 1157 934; x_wconf 84' lang='lat' dir='ltr'><strong>significatione</strong></span> <span class='ocrx_word' id='word_1_39' title='bbox 1179 855 1292 916; x_wconf 90' lang='lat' dir='ltr'><strong>similis</strong></span> 
     </span>
     <span class='ocr_line' id='line_1_6' title="bbox 110 955 1293 1040; baseline 0.003 -24"><span class='ocrx_word' id='word_1_40' title='bbox 110 965 170 1032; x_wconf 88' lang='lat' dir='ltr'><strong>est,</strong></span> <span class='ocrx_word' id='word_1_41' title='bbox 201 956 281 1018; x_wconf 92' lang='lat' dir='ltr'><strong>libro</strong></span> <span class='ocrx_word' id='word_1_42' title='bbox 310 957 351 1022; x_wconf 89' lang='lat' dir='ltr'><strong>de</strong></span> <span class='ocrx_word' id='word_1_43' title='bbox 380 968 504 1020; x_wconf 91' lang='lat' dir='ltr'><strong>oratore</strong></span> <span class='ocrx_word' id='word_1_44' title='bbox 535 976 545 1019; x_wconf 89' lang='lat' dir='ltr'><strong>t</strong></span> <span class='ocrx_word' id='word_1_45' title='bbox 575 955 666 1040; x_wconf 78' lang='lat' dir='ltr'><strong>§or</strong></span> <span class='ocrx_word' id='word_1_46' title='bbox 685 957 762 1019; x_wconf 89' lang='lat' dir='ltr'><strong>dicit</strong></span> <span class='ocrx_word' id='word_1_47' title='bbox 791 957 864 1039; x_wconf 88' lang='lat' dir='ltr'><strong>quid</strong></span> <span class='ocrx_word' id='word_1_48' title='bbox 892 965 936 1020; x_wconf 85' lang='lat' dir='ltr'><strong>eat</strong></span> <span class='ocrx_word' id='word_1_49' title='bbox 957 959 1035 1018; x_wconf 77' lang='lat' dir='ltr'><strong>enim</strong></span> <span class='ocrx_word' id='word_1_50' title='bbox 1058 964 1120 1018; x_wconf 90' lang='lat' dir='ltr'><strong>tam</strong></span> <span class='ocrx_word' id='word_1_51' title='bbox 1139 956 1293 1038; x_wconf 78' lang='lat' dir='ltr'><strong>furiosum</strong></span> 
     </span>
     <span class='ocr_line' id='line_1_7' title="bbox 109 1059 1290 1142; baseline 0.003 -22"><span class='ocrx_word' id='word_1_52' title='bbox 109 1075 195 1138; x_wconf 76' lang='lat' dir='ltr'><strong>ptam</strong></span> <span class='ocrx_word' id='word_1_53' title='bbox 217 1059 377 1122; x_wconf 72' lang='lat' dir='ltr'><strong>verbenam</strong></span> <span class='ocrx_word' id='word_1_54' title='bbox 399 1061 447 1122; x_wconf 88' lang='lat' dir='ltr'><strong>uei</strong></span> <span class='ocrx_word' id='word_1_55' title='bbox 468 1063 647 1142; x_wconf 82' lang='lat' dir='ltr'><strong>optimorum</strong></span> <span class='ocrx_word' id='word_1_56' title='bbox 663 1069 751 1142; x_wconf 85' lang='lat' dir='ltr'><strong>atque</strong></span> <span class='ocrx_word' id='word_1_57' title='bbox 765 1062 1030 1122; x_wconf 83' lang='lat' dir='ltr'><strong>ornatissimorum</strong></span> <span class='ocrx_word' id='word_1_58' title='bbox 1045 1061 1161 1123; x_wconf 79' lang='lat' dir='ltr'><strong>tonitru</strong></span> <span class='ocrx_word' id='word_1_59' title='bbox 1176 1063 1290 1139; x_wconf 82' lang='lat' dir='ltr'><strong>inanis,</strong></span> 
     </span>
     <span class='ocr_line' id='line_1_8' title="bbox 109 1162 1291 1244; baseline 0.005 -23"><span class='ocrx_word' id='word_1_60' title='bbox 109 1162 194 1224; x_wconf 74' lang='lat' dir='ltr'><strong>nitito</strong></span> <span class='ocrx_word' id='word_1_61' title='bbox 220 1163 353 1226; x_wconf 73' lang='lat' dir='ltr'><strong>utbiectu</strong></span> <span class='ocrx_word' id='word_1_62' title='bbox 380 1166 528 1227; x_wconf 84' lang='lat' dir='ltr'><strong>sententia</strong></span> <span class='ocrx_word' id='word_1_63' title='bbox 555 1183 609 1226; x_wconf 87' lang='lat' dir='ltr'><strong>nec</strong></span> <span class='ocrx_word' id='word_1_64' title='bbox 636 1166 786 1226; x_wconf 85' lang='lat' dir='ltr'><strong>scientia?</strong></span> <span class='ocrx_word' id='word_1_65' title='bbox 828 1174 994 1244; x_wconf 89' lang='lat' dir='ltr'><strong>praeterea</strong></span> <span class='ocrx_word' id='word_1_66' title='bbox 1024 1164 1153 1226; x_wconf 89' lang='lat' dir='ltr'><strong>minime</strong></span> <span class='ocrx_word' id='word_1_67' title='bbox 1177 1165 1291 1227; x_wconf 93' lang='lat' dir='ltr'><strong>mirum</strong></span> 
     </span>
     <span class='ocr_line' id='line_1_9' title="bbox 108 1266 1293 1349; baseline 0.003 -25"><span class='ocrx_word' id='word_1_68' title='bbox 108 1274 159 1326; x_wconf 88' lang='lat' dir='ltr'><strong>eut</strong></span> <span class='ocrx_word' id='word_1_69' title='bbox 182 1266 320 1329; x_wconf 89' lang='lat' dir='ltr'><strong>insolens</strong></span> <span class='ocrx_word' id='word_1_70' title='bbox 342 1277 390 1329; x_wconf 89' lang='lat' dir='ltr'><strong>est</strong></span> <span class='ocrx_word' id='word_1_71' title='bbox 412 1268 548 1330; x_wconf 89' lang='lat' dir='ltr'><strong>Tullium</strong></span> <span class='ocrx_word' id='word_1_72' title='bbox 573 1268 606 1328; x_wconf 91' lang='lat' dir='ltr'><strong>in</strong></span> <span class='ocrx_word' id='word_1_73' title='bbox 628 1269 801 1349; x_wconf 90' lang='lat' dir='ltr'><strong>Epicureos</strong></span> <span class='ocrx_word' id='word_1_74' title='bbox 823 1266 1045 1330; x_wconf 90' lang='lat' dir='ltr'><strong>vehementius</strong></span> <span class='ocrx_word' id='word_1_75' title='bbox 1076 1268 1195 1330; x_wconf 88' lang='lat' dir='ltr'><strong>invehi.</strong></span> <span class='ocrx_word' id='word_1_76' title='bbox 1243 1269 1293 1329; x_wconf 91' lang='lat' dir='ltr'><strong>vi-</strong></span> 
     </span>
     <span class='ocr_line' id='line_1_10' title="bbox 109 1367 1292 1452; baseline 0.004 -24"><span class='ocrx_word' id='word_1_77' title='bbox 109 1367 201 1430; x_wconf 88' lang='lat' dir='ltr'><strong>detur</strong></span> <span class='ocrx_word' id='word_1_78' title='bbox 221 1379 327 1432; x_wconf 90' lang='lat' dir='ltr'><strong>autem</strong></span> <span class='ocrx_word' id='word_1_79' title='bbox 356 1371 526 1452; x_wconf 89' lang='lat' dir='ltr'><strong>aliquando</strong></span> <span class='ocrx_word' id='word_1_80' title='bbox 548 1372 682 1433; x_wconf 90' lang='lat' dir='ltr'><strong>aliorum</strong></span> <span class='ocrx_word' id='word_1_81' title='bbox 709 1371 803 1432; x_wconf 89' lang='lat' dir='ltr'><strong>etiem</strong></span> <span class='ocrx_word' id='word_1_82' title='bbox 831 1370 1088 1452; x_wconf 90' lang='lat' dir='ltr'><strong>philosophorum</strong></span> <span class='ocrx_word' id='word_1_83' title='bbox 1111 1372 1292 1452; x_wconf 83' lang='lat' dir='ltr'><strong>opinionem</strong></span> 
     </span>
     <span class='ocr_line' id='line_1_11' title="bbox 107 1471 1291 1556; baseline 0.003 -24"><span class='ocrx_word' id='word_1_84' title='bbox 107 1471 215 1534; x_wconf 87' lang='lat' dir='ltr'><strong>eodem</strong></span> <span class='ocrx_word' id='word_1_85' title='bbox 232 1475 372 1536; x_wconf 87' lang='lat' dir='ltr'><strong>convicio</strong></span> <span class='ocrx_word' id='word_1_86' title='bbox 388 1485 523 1538; x_wconf 86' lang='lat' dir='ltr'><strong>notasse.</strong></span> <span class='ocrx_word' id='word_1_87' title='bbox 562 1473 759 1554; x_wconf 77' lang='lat' dir='ltr'><strong>Augustinus</strong></span> <span class='ocrx_word' id='word_1_88' title='bbox 774 1476 807 1536; x_wconf 92' lang='lat' dir='ltr'><strong>in</strong></span> <span class='ocrx_word' id='word_1_89' title='bbox 823 1473 905 1536; x_wconf 91' lang='lat' dir='ltr'><strong>libro</strong></span> <span class='ocrx_word' id='word_1_90' title='bbox 920 1473 960 1536; x_wconf 91' lang='lat' dir='ltr'><strong>de</strong></span> <span class='ocrx_word' id='word_1_91' title='bbox 977 1473 1141 1537; x_wconf 89' lang='lat' dir='ltr'><strong>dialectica</strong></span> <span class='ocrx_word' id='word_1_92' title='bbox 1163 1493 1232 1556; x_wconf 92' lang='lat' dir='ltr'><strong>cap.</strong></span> <span class='ocrx_word' id='word_1_93' title='bbox 1251 1475 1291 1536; x_wconf 73' lang='lat'><strong>26</strong></span> 
     </span>
     <span class='ocr_line' id='line_1_12' title="bbox 107 1575 1294 1658; baseline 0.003 -23"><span class='ocrx_word' id='word_1_94' title='bbox 107 1595 138 1654; x_wconf 92' lang='lat' dir='ltr'><strong>p.</strong></span> <span class='ocrx_word' id='word_1_95' title='bbox 165 1577 184 1635; x_wconf 86' lang='grc'>9</span> <span class='ocrx_word' id='word_1_96' title='bbox 208 1575 297 1638; x_wconf 90' lang='lat' dir='ltr'><strong>Crec.</strong></span> <span class='ocrx_word' id='word_1_97' title='bbox 323 1578 401 1640; x_wconf 88' lang='lat' dir='ltr'><strong>haec</strong></span> <span class='ocrx_word' id='word_1_98' title='bbox 423 1587 548 1656; x_wconf 90' lang='lat' dir='ltr'><strong>narrat,</strong></span> <span class='ocrx_word' id='word_1_99' title='bbox 582 1578 676 1640; x_wconf 81' lang='lat' dir='ltr'><em>Stoici</em></span> <span class='ocrx_word' id='word_1_100' title='bbox 696 1585 872 1654; x_wconf 89' lang='lat' dir='ltr'><strong>autument,</strong></span> <span class='ocrx_word' id='word_1_101' title='bbox 904 1595 977 1658; x_wconf 88' lang='lat' dir='ltr'><strong>quos</strong></span> <span class='ocrx_word' id='word_1_102' title='bbox 1002 1578 1103 1638; x_wconf 87' lang='lat' dir='ltr'><strong>Cicero</strong></span> <span class='ocrx_word' id='word_1_103' title='bbox 1126 1579 1158 1639; x_wconf 89' lang='lat' dir='ltr'><strong>in</strong></span> <span class='ocrx_word' id='word_1_104' title='bbox 1180 1577 1237 1639; x_wconf 85' lang='lat' dir='ltr'><strong>ltoc</strong></span> <span class='ocrx_word' id='word_1_105' title='bbox 1259 1595 1294 1639; x_wconf 85' lang='lat' dir='ltr'><strong>re</strong></span> 
     </span>
    </p>
   </div>
   <div class='ocr_carea' id='block_1_3' title="bbox 104 1675 1296 2384">
    <p class='ocr_par' dir='ltr' id='par_1_3' title="bbox 104 1675 1296 2384">
     <span class='ocr_line' id='line_1_13' title="bbox 107 1675 1296 1762; baseline 0.002 -23"><span class='ocrx_word' id='word_1_106' title='bbox 107 1686 140 1739; x_wconf 88' lang='lat' dir='ltr'><strong>ut</strong></span> <span class='ocrx_word' id='word_1_107' title='bbox 153 1675 265 1741; x_wconf 85' lang='lat' dir='ltr'><strong>&#39;Cicero</strong></span> <span class='ocrx_word' id='word_1_108' title='bbox 287 1681 414 1758; x_wconf 77' lang='lat' dir='ltr'><strong><em>inridet,</em></strong></span> <span class='ocrx_word' id='word_1_109' title='bbox 445 1682 563 1744; x_wconf 87' lang='lat' dir='ltr'><strong>nullum</strong></span> <span class='ocrx_word' id='word_1_110' title='bbox 591 1699 656 1743; x_wconf 86' lang='lat' dir='ltr'><strong>esse</strong></span> <span class='ocrx_word' id='word_1_111' title='bbox 684 1680 810 1742; x_wconf 84' lang='lat' dir='ltr'><strong>verbum</strong></span> <span class='ocrx_word' id='word_1_112' title='bbox 837 1681 924 1744; x_wconf 68' lang='lat' dir='ltr'><strong>maius</strong></span> <span class='ocrx_word' id='word_1_113' title='bbox 953 1699 1013 1742; x_wconf 89' lang='lat' dir='ltr'><strong>non</strong></span> <span class='ocrx_word' id='word_1_114' title='bbox 1035 1688 1119 1743; x_wconf 87' lang='lat' dir='ltr'><strong>certa</strong></span> <span class='ocrx_word' id='word_1_115' title='bbox 1140 1682 1296 1762; x_wconf 67' lang='lat' dir='ltr'><strong>replicari</strong></span> 
     </span>
     <span class='ocr_line' id='line_1_14' title="bbox 106 1782 1292 1865; baseline 0.003 -23"><span class='ocrx_word' id='word_1_116' title='bbox 106 1785 189 1865; x_wconf 82' lang='lat' dir='ltr'><strong>oripo</strong></span> <span class='ocrx_word' id='word_1_117' title='bbox 215 1785 320 1864; x_wconf 84' lang='lat' dir='ltr'><strong>possit.</strong></span> <span class='ocrx_word' id='word_1_118' title='bbox 367 1785 503 1848; x_wconf 87' lang='lat' dir='ltr'><strong>alterum</strong></span> <span class='ocrx_word' id='word_1_119' title='bbox 530 1783 609 1846; x_wconf 89' lang='lat' dir='ltr'><strong>illud</strong></span> <span class='ocrx_word' id='word_1_120' title='bbox 634 1785 735 1846; x_wconf 87' lang='lat' dir='ltr'><strong>Cicero</strong></span> <span class='ocrx_word' id='word_1_121' title='bbox 763 1782 938 1847; x_wconf 90' lang='lat' dir='ltr'><strong>absurdum</strong></span> <span class='ocrx_word' id='word_1_122' title='bbox 961 1795 1027 1864; x_wconf 86' lang='lat' dir='ltr'><strong>est,</strong></span> <span class='ocrx_word' id='word_1_123' title='bbox 1060 1803 1164 1865; x_wconf 87' lang='lat' dir='ltr'><strong>neque</strong></span> <span class='ocrx_word' id='word_1_124' title='bbox 1187 1793 1292 1846; x_wconf 89' lang='lat' dir='ltr'><strong>tamen</strong></span> 
     </span>
     <span class='ocr_line' id='line_1_15' title="bbox 107 1884 1294 1969; baseline 0.004 -24"><span class='ocrx_word' id='word_1_125' title='bbox 107 1884 271 1966; x_wconf 81' lang='lat' dir='ltr'>probabile</span> <span class='ocrx_word' id='word_1_126' title='bbox 293 1887 424 1950; x_wconf 87' lang='lat' dir='ltr'><strong>videtur</strong></span> <span class='ocrx_word' id='word_1_127' title='bbox 449 1885 535 1969; x_wconf 92' lang='lat' dir='ltr'><strong>quod</strong></span> <span class='ocrx_word' id='word_1_128' title='bbox 558 1887 687 1950; x_wconf 82' lang='lat' dir='ltr'><strong>Carolus</strong></span> <span class='ocrx_word' id='word_1_129' title='bbox 711 1887 850 1949; x_wconf 83' lang='lat' dir='ltr'><strong>Halmius</strong></span> <span class='ocrx_word' id='word_1_130' title='bbox 878 1889 911 1948; x_wconf 92' lang='lat' dir='ltr'><strong>in</strong></span> <span class='ocrx_word' id='word_1_131' title='bbox 934 1886 1149 1951; x_wconf 85' lang='lat' dir='ltr'><strong>ltelationibns</strong></span> <span class='ocrx_word' id='word_1_132' title='bbox 1170 1887 1294 1950; x_wconf 77' lang='lat' dir='ltr'><strong>Acade-</strong></span> 
     </span>
     <span class='ocr_line' id='line_1_16' title="bbox 107 1989 1294 2072; baseline 0.003 -23"><span class='ocrx_word' id='word_1_133' title='bbox 107 1989 187 2051; x_wconf 88' lang='lat' dir='ltr'><strong>miae</strong></span> <span class='ocrx_word' id='word_1_134' title='bbox 209 1991 403 2052; x_wconf 82' lang='lat' dir='ltr'><strong>Monacensis</strong></span> <span class='ocrx_word' id='word_1_135' title='bbox 425 2011 454 2053; x_wconf 92' lang='lat' dir='ltr'><strong>a.</strong></span> <span class='ocrx_word' id='word_1_136' title='bbox 480 2009 638 2052; x_wconf 76' lang='lat' dir='ltr'><strong>unaccmu</strong></span> <span class='ocrx_word' id='word_1_137' title='bbox 660 1989 864 2052; x_wconf 88' lang='lat' dir='ltr'><strong>scribendum</strong></span> <span class='ocrx_word' id='word_1_138' title='bbox 889 1991 1022 2052; x_wconf 88' lang='lat' dir='ltr'><strong>coniecit</strong></span> <span class='ocrx_word' id='word_1_139' title='bbox 1050 1992 1175 2072; x_wconf 84' lang='lat' dir='ltr'><strong>ineptos.</strong></span> <span class='ocrx_word' id='word_1_140' title='bbox 1222 2008 1294 2052; x_wconf 92' lang='lat' dir='ltr'><strong>nem</strong></span> 
     </span>
     <span class='ocr_line' id='line_1_17' title="bbox 105 2090 1295 2176; baseline 0.001 -22"><span class='ocrx_word' id='word_1_141' title='bbox 105 2091 190 2172; x_wconf 92' lang='lat' dir='ltr'><strong>quod</strong></span> <span class='ocrx_word' id='word_1_142' title='bbox 212 2090 299 2174; x_wconf 89' lang='lat' dir='ltr'><strong>apud</strong></span> <span class='ocrx_word' id='word_1_143' title='bbox 321 2095 446 2156; x_wconf 79' lang='lat' dir='ltr'><strong>Festum</strong></span> <span class='ocrx_word' id='word_1_144' title='bbox 469 2115 501 2175; x_wconf 88' lang='lat' dir='ltr'><strong>p.</strong></span> <span class='ocrx_word' id='word_1_145' title='bbox 521 2095 583 2156; x_wconf 68' lang='lat'><strong>202</strong></span> <span class='ocrx_word' id='word_1_146' title='bbox 605 2096 644 2154; x_wconf 88' lang='lat' dir='ltr'><strong>ll.</strong></span> <span class='ocrx_word' id='word_1_147' title='bbox 663 2094 798 2173; x_wconf 82' lang='lat' dir='ltr'><strong>legimus</strong></span> <span class='ocrx_word' id='word_1_148' title='bbox 820 2094 998 2175; x_wconf 79' lang='lat' dir='ltr'><strong>oppidorum</strong></span> <span class='ocrx_word' id='word_1_149' title='bbox 1021 2096 1166 2176; x_wconf 81' lang='lat' dir='ltr'><strong>oripinem</strong></span> <span class='ocrx_word' id='word_1_150' title='bbox 1188 2095 1295 2175; x_wconf 93' lang='lat' dir='ltr'><strong>optime</strong></span> 
     </span>
     <span class='ocr_line' id='line_1_18' title="bbox 109 2191 1296 2279; baseline 0.004 -25"><span class='ocrx_word' id='word_1_151' title='bbox 109 2193 205 2276; x_wconf 75' lang='lat' dir='ltr'><strong>refert</strong></span> <span class='ocrx_word' id='word_1_152' title='bbox 226 2191 343 2279; x_wconf 82' lang='lat' dir='ltr'><strong>[Coto]</strong></span> <span class='ocrx_word' id='word_1_153' title='bbox 368 2198 470 2258; x_wconf 86' lang='lat' dir='ltr'><strong>Cicero</strong></span> <span class='ocrx_word' id='word_1_154' title='bbox 493 2197 544 2260; x_wconf 87' lang='lat' dir='ltr'><strong>tib.</strong></span> <span class='ocrx_word' id='word_1_155' title='bbox 570 2211 597 2252; x_wconf 91' lang='lat'><strong>11</strong></span> <span class='ocrx_word' id='word_1_156' title='bbox 624 2195 661 2258; x_wconf 90' lang='lat' dir='ltr'><strong>de</strong></span> <span class='ocrx_word' id='word_1_157' title='bbox 682 2197 782 2278; x_wconf 85' lang='lat' dir='ltr'><strong>pluria</strong></span> <span class='ocrx_word' id='word_1_158' title='bbox 803 2215 928 2278; x_wconf 88' lang='lat' dir='ltr'><strong>eamque</strong></span> <span class='ocrx_word' id='word_1_159' title='bbox 948 2197 1179 2278; x_wconf 80' lang='lat' dir='ltr'><strong>appellationem</strong></span> <span class='ocrx_word' id='word_1_160' title='bbox 1199 2215 1296 2260; x_wconf 82' lang='lat' dir='ltr'><strong>usur-</strong></span> 
     </span>
     <span class='ocr_line' id='line_1_19' title="bbox 104 2299 1296 2384; baseline 0.003 -26"><span class='ocrx_word' id='word_1_161' title='bbox 104 2306 209 2378; x_wconf 88' lang='lat' dir='ltr'><strong>patam</strong></span> <span class='ocrx_word' id='word_1_162' title='bbox 225 2315 289 2360; x_wconf 82' lang='lat' dir='ltr'><strong>esse</strong></span> <span class='ocrx_word' id='word_1_163' title='bbox 305 2299 462 2362; x_wconf 71' lang='lat' dir='ltr'><strong>emutimat</strong></span> <span class='ocrx_word' id='word_1_164' title='bbox 483 2299 561 2381; x_wconf 85' lang='lat' dir='ltr'><strong>quod</strong></span> <span class='ocrx_word' id='word_1_165' title='bbox 576 2318 659 2381; x_wconf 91' lang='lat' dir='ltr'><strong>opem</strong></span> <span class='ocrx_word' id='word_1_166' title='bbox 674 2299 764 2362; x_wconf 87' lang='lat' dir='ltr'><strong>daret</strong></span> <span class='ocrx_word' id='word_1_167' title='bbox 783 2299 814 2380; x_wconf 80' lang='lat' dir='ltr'><strong>(l.</strong></span> <span class='ocrx_word' id='word_1_168' title='bbox 833 2299 968 2384; x_wconf 79' lang='lat' dir='ltr'><strong>darent),</strong></span> <span class='ocrx_word' id='word_1_169' title='bbox 994 2301 1147 2377; x_wconf 78' lang='lat' dir='ltr'><strong>adiciens,</strong></span> <span class='ocrx_word' id='word_1_170' title='bbox 1171 2308 1206 2363; x_wconf 88' lang='lat' dir='ltr'><strong>ut</strong></span> <span class='ocrx_word' id='word_1_171' title='bbox 1227 2301 1296 2362; x_wconf 89' lang='lat' dir='ltr'><strong>imi-</strong></span> 
     </span>
    </p>
   </div>
   <div class='ocr_carea' id='block_1_4' title="bbox 102 2401 1397 4543">
    <p class='ocr_par' dir='ltr' id='par_1_4' title="bbox 103 2401 1397 3596">
     <span class='ocr_line' id='line_1_20' title="bbox 106 2401 1295 2485; baseline 0.002 -23"><span class='ocrx_word' id='word_1_172' title='bbox 106 2408 185 2464; x_wconf 83' lang='lat' dir='ltr'><strong>tetur</strong></span> <span class='ocrx_word' id='word_1_173' title='bbox 213 2402 343 2482; x_wconf 81' lang='lat' dir='ltr'><strong>ineptioe</strong></span> <span class='ocrx_word' id='word_1_174' title='bbox 373 2402 558 2478; x_wconf 79' lang='lat' dir='ltr'><strong>Stoicorum,</strong></span> <span class='ocrx_word' id='word_1_175' title='bbox 592 2401 667 2465; x_wconf 90' lang='lat' dir='ltr'><strong>inde</strong></span> <span class='ocrx_word' id='word_1_176' title='bbox 696 2403 827 2465; x_wconf 88' lang='lat' dir='ltr'><strong>minime</strong></span> <span class='ocrx_word' id='word_1_177' title='bbox 856 2404 1062 2485; x_wconf 85' lang='lat' dir='ltr'><strong>consequitur</strong></span> <span class='ocrx_word' id='word_1_178' title='bbox 1084 2402 1295 2483; x_wconf 79' lang='lat' dir='ltr'><strong>Augustinum</strong></span> 
     </span>
     <span class='ocr_line' id='line_1_21' title="bbox 106 2502 1293 2586; baseline 0.002 -22"><span class='ocrx_word' id='word_1_179' title='bbox 106 2504 158 2566; x_wconf 94' lang='lat' dir='ltr'><strong>illa</strong></span> <span class='ocrx_word' id='word_1_180' title='bbox 187 2502 287 2566; x_wconf 88' lang='lat' dir='ltr'><strong>verba</strong></span> <span class='ocrx_word' id='word_1_181' title='bbox 318 2504 351 2566; x_wconf 90' lang='lat' dir='ltr'><strong>in</strong></span> <span class='ocrx_word' id='word_1_182' title='bbox 381 2514 486 2568; x_wconf 90' lang='lat' dir='ltr'><strong>mente</strong></span> <span class='ocrx_word' id='word_1_183' title='bbox 516 2503 666 2568; x_wconf 88' lang='lat' dir='ltr'><strong>habuisse</strong></span> <span class='ocrx_word' id='word_1_184' title='bbox 693 2524 816 2586; x_wconf 90' lang='lat' dir='ltr'><strong>neque,</strong></span> <span class='ocrx_word' id='word_1_185' title='bbox 849 2506 876 2567; x_wconf 90' lang='lat' dir='ltr'><strong>si</strong></span> <span class='ocrx_word' id='word_1_186' title='bbox 905 2505 1041 2567; x_wconf 86' lang='lat' dir='ltr'><strong>maxime</strong></span> <span class='ocrx_word' id='word_1_187' title='bbox 1072 2504 1199 2585; x_wconf 90' lang='lat' dir='ltr'><strong>habuit,</strong></span> <span class='ocrx_word' id='word_1_188' title='bbox 1233 2525 1293 2568; x_wconf 94' lang='lat' dir='ltr'><strong>non</strong></span> 
     </span>
     <span class='ocr_line' id='line_1_22' title="bbox 105 2605 1292 2690; baseline 0.002 -22"><span class='ocrx_word' id='word_1_189' title='bbox 105 2607 197 2688; x_wconf 89' lang='lat' dir='ltr'><strong>plura</strong></span> <span class='ocrx_word' id='word_1_190' title='bbox 228 2605 273 2666; x_wconf 88' lang='lat' dir='ltr'><strong>ibi</strong></span> <span class='ocrx_word' id='word_1_191' title='bbox 303 2607 487 2670; x_wconf 79' lang='lat' dir='ltr'><strong>Ciceronem</strong></span> <span class='ocrx_word' id='word_1_192' title='bbox 514 2607 555 2670; x_wconf 94' lang='lat' dir='ltr'><strong>de</strong></span> <span class='ocrx_word' id='word_1_193' title='bbox 582 2609 786 2690; x_wconf 82' lang='lat' dir='ltr'><strong>etymologica</strong></span> <span class='ocrx_word' id='word_1_194' title='bbox 816 2609 991 2672; x_wconf 86' lang='lat' dir='ltr'><strong>Stoicorum</strong></span> <span class='ocrx_word' id='word_1_195' title='bbox 1020 2607 1125 2670; x_wconf 91' lang='lat' dir='ltr'><strong>studio</strong></span> <span class='ocrx_word' id='word_1_196' title='bbox 1154 2608 1292 2670; x_wconf 85' lang='lat' dir='ltr'><strong>dixisse:</strong></span> 
     </span>
     <span class='ocr_line' id='line_1_23' title="bbox 105 2709 1296 2792; baseline 0.001 -20"><span class='ocrx_word' id='word_1_197' title='bbox 105 2709 184 2772; x_wconf 92' lang='lat' dir='ltr'><strong>illud</strong></span> <span class='ocrx_word' id='word_1_198' title='bbox 208 2719 314 2772; x_wconf 89' lang='lat' dir='ltr'><strong>autem</strong></span> <span class='ocrx_word' id='word_1_199' title='bbox 336 2719 440 2790; x_wconf 89' lang='lat' dir='ltr'><strong>patet,</strong></span> <span class='ocrx_word' id='word_1_200' title='bbox 472 2719 536 2772; x_wconf 83' lang='lat' dir='ltr'><strong>tam</strong></span> <span class='ocrx_word' id='word_1_201' title='bbox 565 2711 675 2773; x_wconf 90' lang='lat' dir='ltr'><strong>tritum</strong></span> <span class='ocrx_word' id='word_1_202' title='bbox 698 2710 885 2774; x_wconf 88' lang='lat' dir='ltr'><strong>vocabulum</strong></span> <span class='ocrx_word' id='word_1_203' title='bbox 913 2712 1006 2791; x_wconf 91' lang='lat' dir='ltr'><strong>quale</strong></span> <span class='ocrx_word' id='word_1_204' title='bbox 1029 2721 1078 2774; x_wconf 93' lang='lat' dir='ltr'><strong>est</strong></span> <span class='ocrx_word' id='word_1_205' title='bbox 1101 2713 1215 2792; x_wconf 83' lang='lat' dir='ltr'><strong>ineptes</strong></span> <span class='ocrx_word' id='word_1_206' title='bbox 1238 2713 1296 2773; x_wconf 93' lang='lat' dir='ltr'><strong>isto</strong></span> 
     </span>
     <span class='ocr_line' id='line_1_24' title="bbox 105 2812 1397 2895; baseline 0 -21"><span class='ocrx_word' id='word_1_207' title='bbox 105 2812 199 2874; x_wconf 91' lang='lat' dir='ltr'><strong>modo</strong></span> <span class='ocrx_word' id='word_1_208' title='bbox 225 2813 277 2873; x_wconf 82' lang='lat' dir='ltr'><strong>vix</strong></span> <span class='ocrx_word' id='word_1_209' title='bbox 299 2815 438 2893; x_wconf 89' lang='lat' dir='ltr'><strong>potuisse</strong></span> <span class='ocrx_word' id='word_1_210' title='bbox 462 2812 643 2895; x_wconf 85' lang='lat' dir='ltr'><strong>depravari.</strong></span> <span class='ocrx_word' id='word_1_211' title='bbox 690 2813 774 2894; x_wconf 92' lang='lat' dir='ltr'><strong>quod</strong></span> <span class='ocrx_word' id='word_1_212' title='bbox 804 2823 912 2876; x_wconf 91' lang='lat' dir='ltr'><strong>contra</strong></span> <span class='ocrx_word' id='word_1_213' title='bbox 936 2813 1081 2876; x_wconf 77' lang='lat' dir='ltr'><strong>facillime</strong></span> <span class='ocrx_word' id='word_1_214' title='bbox 1105 2812 1296 2876; x_wconf 88' lang='lat' dir='ltr'><strong>librariusa</strong></span> <span class='ocrx_word' id='word_1_215' title='bbox 1393 2851 1397 2856; x_wconf 76' lang='lat'><em>=</em></span> 
     </span>
     <span class='ocr_line' id='line_1_25' title="bbox 106 2913 1296 2998; baseline 0.002 -22"><span class='ocrx_word' id='word_1_216' title='bbox 106 2935 177 2978; x_wconf 91' lang='lat' dir='ltr'><strong>raro</strong></span> <span class='ocrx_word' id='word_1_217' title='bbox 201 2925 234 2976; x_wconf 87' lang='lat' dir='ltr'><strong>ct</strong></span> <span class='ocrx_word' id='word_1_218' title='bbox 255 2913 389 2978; x_wconf 91' lang='lat' dir='ltr'><strong>obscuro</strong></span> <span class='ocrx_word' id='word_1_219' title='bbox 411 2915 562 2978; x_wconf 86' lang='lat' dir='ltr'><strong>vocabulo</strong></span> <span class='ocrx_word' id='word_1_220' title='bbox 584 2915 625 2978; x_wconf 89' lang='lat' dir='ltr'><strong>ad</strong></span> <span class='ocrx_word' id='word_1_221' title='bbox 648 2916 808 2980; x_wconf 86' lang='lat' dir='ltr'><strong>Ciceronis</strong></span> <span class='ocrx_word' id='word_1_222' title='bbox 830 2936 962 2996; x_wconf 90' lang='lat' dir='ltr'><strong>nomen,</strong></span> <span class='ocrx_word' id='word_1_223' title='bbox 994 2915 1079 2998; x_wconf 90' lang='lat' dir='ltr'><strong>quod</strong></span> <span class='ocrx_word' id='word_1_224' title='bbox 1102 2916 1193 2979; x_wconf 92' lang='lat' dir='ltr'><strong>modo</strong></span> <span class='ocrx_word' id='word_1_225' title='bbox 1216 2919 1296 2979; x_wconf 90' lang='lat' dir='ltr'><strong>sori-</strong></span> 
     </span>
     <span class='ocr_line' id='line_1_26' title="bbox 104 3019 1296 3101; baseline 0 -19"><span class='ocrx_word' id='word_1_226' title='bbox 104 3028 216 3101; x_wconf 88' lang='lat' dir='ltr'><strong>pseret</strong></span> <span class='ocrx_word' id='word_1_227' title='bbox 237 3019 392 3098; x_wconf 87' lang='lat' dir='ltr'><strong>cuiusque</strong></span> <span class='ocrx_word' id='word_1_228' title='bbox 407 3019 527 3100; x_wconf 86' lang='lat' dir='ltr'><strong>aliquot</strong></span> <span class='ocrx_word' id='word_1_229' title='bbox 542 3020 667 3082; x_wconf 90' lang='lat' dir='ltr'><strong>litterae</strong></span> <span class='ocrx_word' id='word_1_230' title='bbox 689 3020 808 3082; x_wconf 89' lang='lat' dir='ltr'><strong>similes</strong></span> <span class='ocrx_word' id='word_1_231' title='bbox 824 3029 931 3099; x_wconf 86' lang='lat' dir='ltr'><strong>erent,</strong></span> <span class='ocrx_word' id='word_1_232' title='bbox 958 3019 1057 3082; x_wconf 88' lang='lat' dir='ltr'><strong>relabi</strong></span> <span class='ocrx_word' id='word_1_233' title='bbox 1077 3021 1188 3100; x_wconf 89' lang='lat' dir='ltr'><strong>potuit.</strong></span> <span class='ocrx_word' id='word_1_234' title='bbox 1235 3039 1296 3100; x_wconf 92' lang='lat' dir='ltr'><strong>pu-</strong></span> 
     </span>
     <span class='ocr_line' id='line_1_27' title="bbox 105 3120 1297 3204; baseline 0.001 -20"><span class='ocrx_word' id='word_1_235' title='bbox 105 3133 212 3184; x_wconf 92' lang='lat' dir='ltr'><strong>tamus</strong></span> <span class='ocrx_word' id='word_1_236' title='bbox 236 3123 320 3182; x_wconf 88' lang='lat' dir='ltr'><strong>enim</strong></span> <span class='ocrx_word' id='word_1_237' title='bbox 341 3120 555 3202; x_wconf 67' lang='lat' dir='ltr'><strong>augustinum</strong></span> <span class='ocrx_word' id='word_1_238' title='bbox 578 3123 744 3202; x_wconf 87' lang='lat' dir='ltr'><strong>scripsisse</strong></span> <span class='ocrx_word' id='word_1_239' title='bbox 766 3141 838 3204; x_wconf 86' lang='lat' dir='ltr'><strong>quos</strong></span> <span class='ocrx_word' id='word_1_240' title='bbox 859 3124 961 3184; x_wconf 87' lang='lat' dir='ltr'><strong>Cicero</strong></span> <span class='ocrx_word' id='word_1_241' title='bbox 984 3124 1016 3184; x_wconf 89' lang='lat' dir='ltr'><strong>iu</strong></span> <span class='ocrx_word' id='word_1_242' title='bbox 1037 3122 1094 3185; x_wconf 85' lang='lat' dir='ltr'><strong>ltac</strong></span> <span class='ocrx_word' id='word_1_243' title='bbox 1115 3141 1151 3184; x_wconf 90' lang='lat' dir='ltr'><strong>re</strong></span> <span class='ocrx_word' id='word_1_244' title='bbox 1172 3131 1206 3185; x_wconf 88' lang='lat' dir='ltr'><strong>ut</strong></span> <span class='ocrx_word' id='word_1_245' title='bbox 1226 3142 1297 3185; x_wconf 82' lang='lat' dir='ltr'><strong>crn-</strong></span> 
     </span>
     <span class='ocr_line' id='line_1_28' title="bbox 103 3223 1296 3307; baseline -0.002 -19"><span class='ocrx_word' id='word_1_246' title='bbox 103 3243 192 3288; x_wconf 79' lang='lat' dir='ltr'><strong>rrros</strong></span> <span class='ocrx_word' id='word_1_247' title='bbox 218 3223 339 3287; x_wconf 82' lang='lat' dir='ltr'><strong>inridet.</strong></span> <span class='ocrx_word' id='word_1_248' title='bbox 386 3225 470 3305; x_wconf 88' lang='lat' dir='ltr'><strong>siqui</strong></span> <span class='ocrx_word' id='word_1_249' title='bbox 499 3234 574 3287; x_wconf 92' lang='lat' dir='ltr'><strong>sunt</strong></span> <span class='ocrx_word' id='word_1_250' title='bbox 596 3226 694 3304; x_wconf 80' lang='lat' dir='ltr'><strong>igitur</strong></span> <span class='ocrx_word' id='word_1_251' title='bbox 721 3224 839 3307; x_wconf 92' lang='lat' dir='ltr'><strong>quibus</strong></span> <span class='ocrx_word' id='word_1_252' title='bbox 862 3225 956 3288; x_wconf 91' lang='lat' dir='ltr'><strong>Stoici</strong></span> <span class='ocrx_word' id='word_1_253' title='bbox 981 3226 1026 3286; x_wconf 93' lang='lat' dir='ltr'><strong>illi</strong></span> <span class='ocrx_word' id='word_1_254' title='bbox 1049 3224 1218 3306; x_wconf 89' lang='lat' dir='ltr'><strong>displicent</strong></span> <span class='ocrx_word' id='word_1_255' title='bbox 1241 3227 1296 3306; x_wconf 91' lang='lat' dir='ltr'><strong>qui</strong></span> 
     </span>
     <span class='ocr_line' id='line_1_29' title="bbox 104 3326 1297 3409; baseline 0.001 -19"><span class='ocrx_word' id='word_1_256' title='bbox 104 3327 202 3390; x_wconf 90' lang='lat' dir='ltr'><strong>hodie</strong></span> <span class='ocrx_word' id='word_1_257' title='bbox 226 3327 362 3407; x_wconf 89' lang='lat' dir='ltr'><strong>plurime</strong></span> <span class='ocrx_word' id='word_1_258' title='bbox 385 3327 596 3408; x_wconf 91' lang='lat' dir='ltr'><strong>plurimarum</strong></span> <span class='ocrx_word' id='word_1_259' title='bbox 618 3328 798 3408; x_wconf 79' lang='lat' dir='ltr'><strong>linguarum</strong></span> <span class='ocrx_word' id='word_1_260' title='bbox 819 3327 920 3391; x_wconf 88' lang='lat' dir='ltr'><strong>verbe</strong></span> <span class='ocrx_word' id='word_1_261' title='bbox 946 3326 987 3390; x_wconf 89' lang='lat' dir='ltr'><strong>ad</strong></span> <span class='ocrx_word' id='word_1_262' title='bbox 1009 3329 1136 3390; x_wconf 89' lang='lat' dir='ltr'><strong>ultimas</strong></span> <span class='ocrx_word' id='word_1_263' title='bbox 1157 3328 1297 3409; x_wconf 78' lang='lat' dir='ltr'><strong>origines</strong></span> 
     </span>
     <span class='ocr_line' id='line_1_30' title="bbox 103 3428 1297 3512; baseline -0.002 -18"><span class='ocrx_word' id='word_1_264' title='bbox 103 3428 306 3494; x_wconf 85' lang='lat' dir='ltr'><strong>confidenter</strong></span> <span class='ocrx_word' id='word_1_265' title='bbox 335 3429 496 3508; x_wconf 79' lang='lat' dir='ltr'><strong>referunt,</strong></span> <span class='ocrx_word' id='word_1_266' title='bbox 527 3429 691 3493; x_wconf 90' lang='lat' dir='ltr'><strong>habebunt</strong></span> <span class='ocrx_word' id='word_1_267' title='bbox 718 3432 780 3494; x_wconf 88' lang='lat' dir='ltr'><strong>iam</strong></span> <span class='ocrx_word' id='word_1_268' title='bbox 809 3432 988 3494; x_wconf 89' lang='lat' dir='ltr'><strong>Tullianum</strong></span> <span class='ocrx_word' id='word_1_269' title='bbox 1018 3430 1203 3494; x_wconf 91' lang='lat' dir='ltr'><strong>vocabulum</strong></span> <span class='ocrx_word' id='word_1_270' title='bbox 1234 3449 1297 3512; x_wconf 93' lang='lat' dir='ltr'><strong>quo</strong></span> 
     </span>
     <span class='ocr_line' id='line_1_31' title="bbox 104 3531 648 3596; baseline 0 -2"><span class='ocrx_word' id='word_1_271' title='bbox 104 3531 343 3596; x_wconf 89' lang='lat' dir='ltr'><strong>inmoderatum</strong></span> <span class='ocrx_word' id='word_1_272' title='bbox 365 3532 506 3596; x_wconf 90' lang='lat' dir='ltr'><strong>studium</strong></span> <span class='ocrx_word' id='word_1_273' title='bbox 529 3542 648 3596; x_wconf 88' lang='lat' dir='ltr'><strong>notent.</strong></span> 
     </span>
    </p>

    <p class='ocr_par' dir='ltr' id='par_1_5' title="bbox 102 3634 1351 4543">
     <span class='ocr_line' id='line_1_32' title="bbox 195 3634 1293 3718; baseline 0.001 -21"><span class='ocrx_word' id='word_1_274' title='bbox 195 3634 261 3698; x_wconf 90' lang='lat' dir='ltr'><strong>Sed</strong></span> <span class='ocrx_word' id='word_1_275' title='bbox 289 3635 330 3698; x_wconf 92' lang='lat' dir='ltr'><strong>de</strong></span> <span class='ocrx_word' id='word_1_276' title='bbox 360 3636 468 3697; x_wconf 88' lang='lat' dir='ltr'><strong>cerriti</strong></span> <span class='ocrx_word' id='word_1_277' title='bbox 497 3634 649 3698; x_wconf 86' lang='lat' dir='ltr'><strong>vocabulo</strong></span> <span class='ocrx_word' id='word_1_278' title='bbox 678 3637 783 3718; x_wconf 88' lang='lat' dir='ltr'><strong>paullo</strong></span> <span class='ocrx_word' id='word_1_279' title='bbox 812 3639 968 3718; x_wconf 87' lang='lat' dir='ltr'><strong>copiosius</strong></span> <span class='ocrx_word' id='word_1_280' title='bbox 996 3637 1142 3699; x_wconf 91' lang='lat' dir='ltr'><strong>volumus</strong></span> <span class='ocrx_word' id='word_1_281' title='bbox 1175 3636 1293 3699; x_wconf 88' lang='lat' dir='ltr'><strong>dicere.</strong></span> 
     </span>
     <span class='ocr_line' id='line_1_33' title="bbox 104 3737 1296 3819; baseline -0.002 -17"><span class='ocrx_word' id='word_1_282' title='bbox 104 3740 281 3804; x_wconf 79' lang='lat' dir='ltr'><strong>Martianus</strong></span> <span class='ocrx_word' id='word_1_283' title='bbox 304 3738 430 3819; x_wconf 87' lang='lat' dir='ltr'><strong>Capella</strong></span> <span class='ocrx_word' id='word_1_284' title='bbox 451 3758 473 3799; x_wconf 91' lang='lat' dir='ltr'>v</span> <span class='ocrx_word' id='word_1_285' title='bbox 495 3759 527 3819; x_wconf 88' lang='lat' dir='ltr'><strong>p.</strong></span> <span class='ocrx_word' id='word_1_286' title='bbox 553 3738 611 3799; x_wconf 79' lang='lat' dir='ltr'><strong>tot&gt;</strong></span> <span class='ocrx_word' id='word_1_287' title='bbox 629 3739 682 3801; x_wconf 87' lang='lat' dir='ltr'><strong>Gr.</strong></span> <span class='ocrx_word' id='word_1_288' title='bbox 707 3737 748 3800; x_wconf 92' lang='lat' dir='ltr'><strong>ab</strong></span> <span class='ocrx_word' id='word_1_289' title='bbox 770 3737 919 3804; x_wconf 87' lang='lat' dir='ltr'><strong>obsoletis</strong></span> <span class='ocrx_word' id='word_1_290' title='bbox 940 3739 1050 3802; x_wconf 88' lang='lat' dir='ltr'><strong>verbis</strong></span> <span class='ocrx_word' id='word_1_291' title='bbox 1071 3737 1296 3802; x_wconf 87' lang='lat' dir='ltr'><strong>abstinendum</strong></span> 
     </span>
     <span class='ocr_line' id='line_1_34' title="bbox 103 3840 1295 3922; baseline -0.003 -14"><span class='ocrx_word' id='word_1_292' title='bbox 103 3863 178 3909; x_wconf 86' lang='lat' dir='ltr'><strong>esse</strong></span> <span class='ocrx_word' id='word_1_293' title='bbox 203 3843 245 3904; x_wconf 90' lang='lat' dir='ltr'><strong>ite</strong></span> <span class='ocrx_word' id='word_1_294' title='bbox 267 3842 438 3922; x_wconf 82' lang='lat' dir='ltr'><strong>praecipit,</strong></span> <span class='ocrx_word' id='word_1_295' title='bbox 463 3842 516 3904; x_wconf 83' lang='lat' dir='ltr'><strong>sed</strong></span> <span class='ocrx_word' id='word_1_296' title='bbox 538 3842 610 3922; x_wconf 85' lang='lat' dir='ltr'><strong>quia</strong></span> <span class='ocrx_word' id='word_1_297' title='bbox 631 3840 793 3903; x_wconf 84' lang='lat' dir='ltr'><strong>uerborum</strong></span> <span class='ocrx_word' id='word_1_298' title='bbox 814 3849 949 3906; x_wconf 84' lang='lat' dir='ltr'><strong>veterum</strong></span> <span class='ocrx_word' id='word_1_299' title='bbox 972 3846 1033 3906; x_wconf 89' lang='lat' dir='ltr'><strong>iam</strong></span> <span class='ocrx_word' id='word_1_300' title='bbox 1055 3841 1187 3904; x_wconf 72' lang='lat' dir='ltr'><strong>metavit</strong></span> <span class='ocrx_word' id='word_1_301' title='bbox 1207 3859 1295 3919; x_wconf 83' lang='lat' dir='ltr'><strong>usus,</strong></span> 
     </span>
     <span class='ocr_line' id='line_1_35' title="bbox 102 3943 1294 4026; baseline 0 -18"><span class='ocrx_word' id='word_1_302' title='bbox 102 3965 169 4008; x_wconf 85' lang='lat' dir='ltr'><strong>non</strong></span> <span class='ocrx_word' id='word_1_303' title='bbox 191 3952 265 4008; x_wconf 87' lang='lat' dir='ltr'><strong>sunt</strong></span> <span class='ocrx_word' id='word_1_304' title='bbox 285 3945 435 4006; x_wconf 74' lang='lat' dir='ltr'><strong>audemus</strong></span> <span class='ocrx_word' id='word_1_305' title='bbox 457 3943 641 4026; x_wconf 86' lang='lat' dir='ltr'><strong>usurpanda</strong></span> <span class='ocrx_word' id='word_1_306' title='bbox 671 3945 726 4006; x_wconf 87' lang='lat' dir='ltr'><strong>illa</strong></span> <span class='ocrx_word' id='word_1_307' title='bbox 752 3963 830 4026; x_wconf 77' lang='lat' dir='ltr'><strong>qttae</strong></span> <span class='ocrx_word' id='word_1_308' title='bbox 859 3965 926 4008; x_wconf 78' lang='lat' dir='ltr'><strong>nrm</strong></span> <span class='ocrx_word' id='word_1_309' title='bbox 955 3951 1053 4008; x_wconf 85' lang='lat' dir='ltr'><strong>aetate</strong></span> <span class='ocrx_word' id='word_1_310' title='bbox 1074 3953 1191 4010; x_wconf 87' lang='lat' dir='ltr'><strong>mutata</strong></span> <span class='ocrx_word' id='word_1_311' title='bbox 1212 3953 1294 4008; x_wconf 88' lang='lat' dir='ltr'><strong>sunt.</strong></span> 
     </span>
     <span class='ocr_line' id='line_1_36' title="bbox 103 4047 1298 4130; baseline 0 -18"><span class='ocrx_word' id='word_1_312' title='bbox 103 4053 211 4130; x_wconf 84' lang='lat' dir='ltr'><strong>itaque</strong></span> <span class='ocrx_word' id='word_1_313' title='bbox 231 4047 389 4110; x_wconf 68' lang='lat' dir='ltr'><strong>docueri</strong></span> <span class='ocrx_word' id='word_1_314' title='bbox 409 4054 438 4109; x_wconf 89' lang='lat' dir='ltr'><strong>et</strong></span> <span class='ocrx_word' id='word_1_315' title='bbox 458 4048 603 4110; x_wconf 85' lang='lat' dir='ltr'><strong>cerritum</strong></span> <span class='ocrx_word' id='word_1_316' title='bbox 625 4054 652 4108; x_wconf 91' lang='lat' dir='ltr'><strong>et</strong></span> <span class='ocrx_word' id='word_1_317' title='bbox 674 4055 851 4129; x_wconf 88' lang='lat' dir='ltr'><strong>caperutum</strong></span> <span class='ocrx_word' id='word_1_318' title='bbox 880 4049 1050 4130; x_wconf 82' lang='lat' dir='ltr'><strong>similiaque</strong></span> <span class='ocrx_word' id='word_1_319' title='bbox 1067 4055 1298 4130; x_wconf 72' lang='lat' dir='ltr'><strong>praetereumtes</strong></span> 
     </span>
     <span class='ocr_line' id='line_1_37' title="bbox 102 4137 1351 4232; baseline 0.003 -20"><span class='ocrx_word' id='word_1_320' title='bbox 102 4161 232 4218; x_wconf 82' lang='lat' dir='ltr'><strong>utemur</strong></span> <span class='ocrx_word' id='word_1_321' title='bbox 253 4137 307 4212; x_wconf 84' lang='lat' dir='ltr'><strong>ltia&#39;</strong></span> <span class='ocrx_word' id='word_1_322' title='bbox 330 4167 408 4231; x_wconf 85' lang='lat' dir='ltr'><strong>quae</strong></span> <span class='ocrx_word' id='word_1_323' title='bbox 429 4149 609 4212; x_wconf 81' lang='lat' dir='ltr'><strong>consuetudo</strong></span> <span class='ocrx_word' id='word_1_324' title='bbox 631 4151 769 4232; x_wconf 85' lang='lat' dir='ltr'><strong>recipiet,</strong></span> <span class='ocrx_word' id='word_1_325' title='bbox 794 4169 849 4213; x_wconf 90' lang='lat' dir='ltr'><strong>nec</strong></span> <span class='ocrx_word' id='word_1_326' title='bbox 871 4158 970 4212; x_wconf 90' lang='lat' dir='ltr'><strong>tamen</strong></span> <span class='ocrx_word' id='word_1_327' title='bbox 992 4151 1126 4213; x_wconf 86' lang='lat' dir='ltr'><strong>sordidis</strong></span> <span class='ocrx_word' id='word_1_328' title='bbox 1148 4153 1211 4214; x_wconf 81' lang='lat' dir='ltr'><strong>nisi</strong></span> <span class='ocrx_word' id='word_1_329' title='bbox 1230 4169 1322 4216; x_wconf 87' lang='lat' dir='ltr'><strong>cumo</strong></span> <span class='ocrx_word' id='word_1_330' title='bbox 1346 4221 1351 4232; x_wconf 62' lang='grc'>,</span> 
     </span>
     <span class='ocr_line' id='line_1_38' title="bbox 103 4252 1299 4335; baseline -0.002 -17"><span class='ocrx_word' id='word_1_331' title='bbox 103 4255 157 4318; x_wconf 86' lang='lat' dir='ltr'><strong>rei</strong></span> <span class='ocrx_word' id='word_1_332' title='bbox 170 4254 392 4334; x_wconf 82' lang='lat' dir='ltr'><strong>sententiaeque</strong></span> <span class='ocrx_word' id='word_1_333' title='bbox 406 4253 453 4314; x_wconf 82' lang='lat' dir='ltr'><strong>vis</strong></span> <span class='ocrx_word' id='word_1_334' title='bbox 468 4253 575 4335; x_wconf 79' lang='lat' dir='ltr'><strong>emipit.</strong></span> <span class='ocrx_word' id='word_1_335' title='bbox 622 4253 677 4332; x_wconf 91' lang='lat' dir='ltr'><strong>qni</strong></span> <span class='ocrx_word' id='word_1_336' title='bbox 702 4252 779 4314; x_wconf 88' lang='lat' dir='ltr'><strong>haec</strong></span> <span class='ocrx_word' id='word_1_337' title='bbox 802 4254 957 4334; x_wconf 88' lang='lat' dir='ltr'><strong>praecipit</strong></span> <span class='ocrx_word' id='word_1_338' title='bbox 979 4253 1062 4316; x_wconf 88' lang='lat' dir='ltr'><strong>idem</strong></span> <span class='ocrx_word' id='word_1_339' title='bbox 1079 4254 1178 4316; x_wconf 88' lang='lat' dir='ltr'><strong>nihilo</strong></span> <span class='ocrx_word' id='word_1_340' title='bbox 1193 4255 1299 4316; x_wconf 90' lang='lat' dir='ltr'><strong>minus</strong></span> 
     </span>
     <span class='ocr_line' id='line_1_39' title="bbox 102 4353 1299 4438; baseline -0.002 -16"><span class='ocrx_word' id='word_1_341' title='bbox 102 4357 288 4422; x_wconf 75' lang='lat' dir='ltr'><strong>carrinatem</strong></span> <span class='ocrx_word' id='word_1_342' title='bbox 310 4353 392 4418; x_wconf 85' lang='lat' dir='ltr'><strong>dixit</strong></span> <span class='ocrx_word' id='word_1_343' title='bbox 414 4353 496 4418; x_wconf 89' lang='lat' dir='ltr'><strong>libro</strong></span> <span class='ocrx_word' id='word_1_344' title='bbox 519 4373 572 4416; x_wconf 87' lang='lat' dir='ltr'><strong>rm</strong></span> <span class='ocrx_word' id='word_1_345' title='bbox 594 4374 626 4435; x_wconf 91' lang='lat' dir='ltr'><strong>p.</strong></span> <span class='ocrx_word' id='word_1_346' title='bbox 645 4353 707 4418; x_wconf 73' lang='lat'><strong>272</strong></span> <span class='ocrx_word' id='word_1_347' title='bbox 725 4354 793 4436; x_wconf 77' lang='lat' dir='ltr'><strong>Gn,</strong></span> <span class='ocrx_word' id='word_1_348' title='bbox 819 4357 872 4418; x_wconf 88' lang='lat' dir='ltr'><strong>ain</strong></span> <span class='ocrx_word' id='word_1_349' title='bbox 894 4355 1031 4432; x_wconf 81' lang='lat' dir='ltr'><strong>modern,</strong></span> <span class='ocrx_word' id='word_1_350' title='bbox 1057 4375 1116 4420; x_wconf 89' lang='lat' dir='ltr'><strong>non</strong></span> <span class='ocrx_word' id='word_1_351' title='bbox 1138 4355 1299 4438; x_wconf 77' lang='lat' dir='ltr'><strong>dispensas</strong></span> 
     </span>
     <span class='ocr_line' id='line_1_40' title="bbox 102 4457 1300 4543; baseline -0.004 -18"><span class='ocrx_word' id='word_1_352' title='bbox 102 4464 137 4525; x_wconf 85' lang='lat' dir='ltr'><strong>ia</strong></span> <span class='ocrx_word' id='word_1_353' title='bbox 156 4460 270 4522; x_wconf 85' lang='lat' dir='ltr'><strong>laciali</strong></span> <span class='ocrx_word' id='word_1_354' title='bbox 282 4457 443 4522; x_wconf 74' lang='lat' dir='ltr'><strong>cachinnos</strong></span> <span class='ocrx_word' id='word_1_355' title='bbox 465 4465 493 4519; x_wconf 92' lang='lat' dir='ltr'><strong>te</strong></span> <span class='ocrx_word' id='word_1_356' title='bbox 514 4459 643 4521; x_wconf 83' lang='lat' dir='ltr'><strong>mouisse</strong></span> <span class='ocrx_word' id='word_1_357' title='bbox 657 4459 781 4521; x_wconf 82' lang='lat' dir='ltr'><strong>consilio</strong></span> <span class='ocrx_word' id='word_1_358' title='bbox 797 4459 1019 4543; x_wconf 88' lang='lat' dir='ltr'><strong>uerendumque</strong></span> <span class='ocrx_word' id='word_1_359' title='bbox 1038 4479 1102 4524; x_wconf 82' lang='lat' dir='ltr'><strong>etse</strong></span> <span class='ocrx_word' id='word_1_360' title='bbox 1123 4457 1179 4524; x_wconf 72' lang='lat' dir='ltr'><strong>stab</strong></span> <span class='ocrx_word' id='word_1_361' title='bbox 1194 4459 1300 4522; x_wconf 85' lang='lat' dir='ltr'><strong>diuum</strong></span> 
     </span>
    </p>
   </div>
   <div class='ocr_carea' id='block_1_5' title="bbox 0 0 1606 5104">
    <p class='ocr_par' dir='ltr' id='par_1_6' title="bbox 0 0 1606 5104">
     <span class='ocr_line' id='line_1_41' title="bbox 0 0 1606 5104; baseline 0 1"><span class='ocrx_word' id='word_1_362' title='bbox 0 0 1606 5104; x_wconf 95' lang='lat' dir='ltr'><strong> </strong></span> 
     </span>
    </p>
   </div>
  </div>
 </body>
</html>
