3268 5108
392 1241 566 1341 INDEX
598 1239 916 1340 tuebuntur
947 1239 1314 1343 HIBERNARVM
1349 1249 1476 1340 1855.

336 1454 504 1583 Magnam
526 1499 704 1564 indicamus
725 1501 904 1564 scholarum
927 1519 1008 1583 quae
1030 1520 1089 1582 per
1111 1502 1286 1582 proximam
1310 1501 1450 1564 hiemem
1472 1500 1525 1563 ba-

337 1604 503 1669 bebuntur
524 1606 645 1686 copiam
669 1623 803 1686 eamque
827 1603 1068 1685 disciplinarum
1091 1613 1123 1666 et
1145 1605 1297 1668 varietate
1324 1614 1356 1668 et
1377 1604 1526 1686 amplitu-

337 1707 412 1772 dine
450 1718 514 1770 tam
550 1709 708 1789 insignem
741 1709 889 1772 utnulla
925 1718 1032 1770 nostra
1066 1707 1339 1770 commendatione
1374 1707 1524 1788 indigeat,

337 1812 526 1894 praesertim
554 1831 626 1874 oum
649 1811 779 1874 minime
802 1810 978 1875 verendum
1006 1813 1047 1874 sit
1075 1829 1116 1874 ne
1138 1811 1352 1874 studiosorum
1376 1812 1525 1875 iuvenum

338 1914 510 1996 industria,
543 1929 638 1996 quem
666 1914 771 1978 adhue
799 1934 871 1979 eum
900 1935 1013 1997 magna
1044 1924 1151 1978 nostra
1177 1915 1296 1978 laetitia
1326 1915 1451 1997 experti
1474 1935 1526 1978 su-

336 2037 419 2098 mus,
445 2018 608 2082 deferveat
637 2029 732 2099 atque
759 2018 951 2098 languescat.
997 2037 1104 2100 neque
1133 2018 1318 2081 scribuntur
1346 2019 1424 2081 haec
1455 2038 1527 2100 pro-

337 2122 437 2186 oemia
466 2131 502 2185 ut
529 2121 760 2185 conlaudentur
789 2141 871 2204 quae
906 2122 983 2186 satis
1016 2121 1278 2200 commendamur
1307 2123 1443 2186 utilitate
1474 2143 1526 2185 sua

335 2235 391 2290 aut
414 2226 587 2288 incitentur
609 2245 689 2307 quos
711 2244 770 2308 per
792 2245 826 2288 se
850 2226 936 2306 ipsos
957 2227 1078 2289 alacres
1101 2225 1166 2290 lore
1190 2225 1388 2304 confidimus,
1413 2223 1473 2288 sed
1495 2235 1528 2288 ut

337 2329 448 2409 longae
465 2330 694 2392 enumerationi
717 2329 823 2410 aliqua
846 2348 887 2391 ex
909 2331 987 2411 ipsis
1008 2330 1125 2392 litteris
1147 2331 1248 2412 petita
1271 2330 1372 2410 gratia
1386 2327 1525 2391 accedat.
1616 2409 1617 2424 χ

337 2432 444 2513 itaque
474 2431 569 2494 bodie
599 2431 639 2495 de
667 2433 858 2495 Graecorum
880 2432 1000 2514 aliquot
1022 2443 1187 2515 poetarum
1210 2432 1359 2496 versibus
1388 2432 1527 2496 nondum
1616 2433 1617 2436 ’

338 2545 423 2600 reete
446 2536 624 2599 emendatis
646 2534 892 2617 disputabimus.
1354 2537 1356 2542 ’

424 2639 447 2701 l.
481 2637 575 2721 Apud
599 2639 735 2703 Gellium
765 2641 903 2703 noctium
925 2640 1099 2704 Atticarum
1123 2659 1144 2703 ιι
1168 2642 1207 2703 23
1236 2659 1351 2703 versus
1380 2642 1529 2722 leguntur

337 2763 377 2806 ex
399 2741 563 2806 Menandri
587 2743 687 2805 Plocio
717 2741 877 2824 desumpti
907 2743 1058 2824 sedecim,
1090 2743 1255 2825 depravati
1278 2744 1324 2806 illi
1348 2764 1367 2806 a
1390 2743 1528 2807 librariis

336 2847 452 2929 suique
482 2857 546 2910 tam
576 2845 750 2909 dissimiles
780 2848 853 2910 laeti
881 2857 918 2911 ut
946 2867 1009 2910 non
1037 2849 1079 2911 sit
1107 2846 1288 2910 mirandum
1311 2847 1454 2912 noudum
1478 2867 1528 2910 eos

336 2960 416 3014 totos
439 2951 471 3012 in
495 2952 663 3031 pristinam
685 2950 817 3012 lormam
841 2950 989 3015 reductos
1012 2970 1093 3014 esse.
1140 2969 1177 3012 ao
1198 2960 1374 3032 postremos
1396 2950 1526 3033 quidem

337 3074 392 3117 sex
416 3073 529 3117 versus
552 3055 699 3117 nolumus
721 3054 773 3116 hio
795 3056 970 3136 attingere,
1002 3074 1073 3118 eum
1096 3053 1296 3133 undecimus,
1328 3057 1379 3117 cui
1409 3057 1529 3137 aliquot

337 3157 478 3241 syllabae
501 3157 629 3238 dosunt,
654 3177 717 3220 non
740 3157 888 3222 videatur
917 3178 1009 3242 posse
1037 3169 1124 3221 certo
1147 3158 1366 3239 conplemento
1390 3160 1525 3236 restitui,
1614 3135 1615 3202 l

337 3281 446 3325 eorum
483 3271 589 3324 autem
623 3281 704 3343 quae
734 3261 775 3324 de
805 3271 894 3324 sexte
923 3262 1045 3326 decimo
1074 3262 1218 3324 homiues
1246 3261 1330 3325 docti
1359 3263 1527 3324 commenti

336 3375 412 3428 sunt
444 3365 598 3446 pleraque
625 3383 665 3426 ne
694 3364 771 3428 lerri
794 3364 924 3446 quidem
958 3367 1099 3448 possint,
1136 3367 1204 3428 veri
1234 3366 1337 3428 simile
1371 3365 1451 3427 nibil
1475 3366 1526 3442 sit,

337 3487 443 3549 neque
466 3487 523 3529 nos
546 3468 744 3548 probabilem
767 3469 938 3532 verborum
968 3487 1139 3552 perperam
1162 3471 1353 3551 scriptorum
1376 3467 1529 3531 emende-

337 3572 456 3633 tionem
479 3572 709 3635 invenerimus.
756 3573 813 3636 sed
836 3575 960 3655 priores
985 3571 1095 3636 decem
1119 3572 1292 3636 versiculos
1320 3571 1530 3654 probabiliter

338 3675 508 3737 restituere
538 3693 629 3755 posse
653 3675 746 3738 nobis
768 3675 927 3740 ridemur.
975 3678 1082 3757 itaque
1113 3675 1154 3738 de
1184 3677 1234 3739 his
1262 3678 1306 3738 ita
1328 3674 1474 3739 dicemus
1496 3685 1530 3737 ut
1612 3707 1613 3720 ι

338 3780 370 3840 in
401 3777 600 3841 confutandis
629 3780 763 3844 aliorum
793 3779 997 3861 opinionibus
1026 3799 1089 3842 non
1118 3798 1366 3856 mmmoremur,
1403 3778 1462 3842 sed
1490 3799 1529 3840 ex

304 3879 315 3892 “
338 3882 415 3963 ipsis
445 3899 527 3962 quac
557 3881 693 3946 traditae
721 3893 797 3946 sunt
819 3884 935 3947 litteris
961 3882 1187 3946 blenandream
1216 3885 1390 3946 orationem
1422 3883 1529 3945 elicia-

338 4004 418 4048 mus.
467 3983 599 4048 traditas
621 3996 727 4049 nutem
750 3987 872 4050 litteras
893 3996 929 4050 ut
951 3997 1096 4050 accurate
1120 4005 1382 4069 cognosceremus
1404 3985 1528 4048 llartini
1611 4065 1612 4068 Ἴ

339 4089 457 4150 Hertzii
473 4087 609 4152 officiosa
633 4090 828 4153 humanitate
853 4090 1042 4153 factumest.
1090 4093 1145 4172 qui
1170 4092 1253 4154 inter
1272 4089 1430 4171 permulta
1446 4107 1528 4170 quse

337 4190 581 4272 diligentissime
605 4195 744 4256 excussit
773 4195 911 4256 noctium
933 4193 1109 4257 Atticarum
1135 4192 1329 4273 exemplaria
1360 4191 1424 4255 duo
1455 4211 1529 4272 rep-

337 4297 423 4377 perit
457 4294 575 4377 quibus
609 4297 643 4358 in
677 4298 727 4360 bis
760 4297 889 4359 Graecis
922 4295 1071 4360 versibus
1104 4298 1149 4361 uti
1183 4313 1365 4377 possemuS‚
1405 4293 1529 4356 codices
1610 4347 1611 4350 ,

337 4399 521 4462 Vaticanum
547 4399 651 4482 (situ)
687 4409 718 4464 et
746 4400 930 4463 Vrbinatem
959 4398 1061 4481 (309Jc
1102 4419 1174 4462 nam
1209 4398 1241 4461 in
1274 4395 1528 4462 llottendorfiano

338 4503 457 4566 Graeca
485 4505 589 4567 omnia
617 4503 751 4585 desunt,
788 4503 975 4568 Perisiensis
1007 4504 1061 4567 bic
1089 4503 1220 4587 quidem
1254 4503 1374 4586 primas
1407 4509 1528 4564 tanturn
