3204 5104
390 408 479 468 luam
501 425 667 482 enarrant!
690 425 868 469 insumam
887 407 980 468 ttae.
1207 391 1277 464 321

106 597 246 658 Senecam
263 596 306 658 ita
322 596 504 675 scripsisse,
526 594 621 675 pudet
635 613 681 656 me
697 613 744 654 rvr
759 597 803 658 sic
818 602 914 657 tecam
936 596 1025 675 loqui.
1073 595 1282 676 depravatum

106 709 144 760 est
166 700 210 760 tat
230 699 262 758 in
285 701 332 760 iai
352 707 383 760 at
406 698 482 760 inde
504 698 621 760 iactum
644 697 702 774 ibi,
734 697 819 760 haud
849 717 920 758 rara
948 699 980 758 in
1003 699 1168 760 veteribus
1190 698 1282 760 libris

105 802 269 863 litterarum
297 801 547 882 permutatione,
579 802 669 862 cuius
699 803 877 881 cognitione
905 811 1033 880 praeter
1054 802 1131 863 alios
1154 802 1283 864 Carolus

105 906 311 966 Lachmannus
344 923 407 965 non
445 905 543 966 semel
576 905 742 966 scitissime
776 923 853 966 usus
890 914 953 982 cst,
992 923 1051 966 nos
1084 925 1121 966 eo
1154 915 1284 966 utemur

105 1017 133 1068 ut
162 1009 192 1068 in
221 1008 362 1069 Glorioso
393 1007 492 1069 Plauti
524 1006 604 1068 duos
638 1006 811 1068 versiculos
843 1009 1021 1069 accuratius
1054 1026 1148 1088 quam
1178 1008 1283 1070 adhuc

106 1108 209 1172 lactum
238 1121 285 1172 est
314 1110 532 1172 emendemus.
580 1127 654 1171 nam
677 1129 708 1170 v.
733 1111 796 1172 332
820 1109 988 1189 probatum
1011 1111 1105 1189 vulgo
1128 1121 1175 1172 est
1198 1110 1282 1191 quod

106 1212 294 1275 Camerarius
316 1215 445 1293 scripsit
467 1231 513 1274 me
534 1212 619 1274 boam
640 1231 725 1273 nemo
748 1213 932 1274 deterruerit
958 1216 1032 1295 quia
1061 1232 1098 1274 ea
1119 1216 1158 1275 sit
1181 1215 1213 1274 io
1235 1212 1282 1275 itis

103 1315 227 1378 aedibus.
275 1315 335 1378 sed
364 1315 449 1378 liber
477 1327 569 1378 vetus
593 1315 765 1379 Camerarii
795 1315 891 1378 habet
922 1317 1066 1390 deterriti,
1098 1315 1283 1378 decurtatus

104 1429 130 1478 et
142 1420 326 1482 Vrsinianus
342 1419 441 1481 detera
456 1421 503 1480 cti
511 1441 519 1478 :
537 1418 623 1481 unde
638 1417 844 1481 scribendum
861 1429 908 1480 est
924 1437 1111 1482 narramur.
1150 1439 1182 1480 v.
1200 1419 1281 1480 tlte

102 1521 282 1584 llitscbelius
298 1523 426 1602 scripsit
441 1524 542 1584 ommia
557 1522 611 1584 dat
631 1521 708 1584 douo
730 1521 789 1584 sibi
808 1530 843 1583 ut
856 1521 982 1584 babeat:
1005 1521 1162 1602 praebent
1176 1533 1282 1584 autem

102 1623 175 1686 liber
196 1625 381 1688 decurtatus
403 1625 496 1688 dacos
520 1624 705 1698 eutitabeat,
732 1625 849 1705 reliqui
864 1624 926 1687 duo
949 1626 1026 1688 dona
1048 1644 1081 1688 se
1101 1633 1135 1686 nt
1156 1623 1281 1686 babeat:

102 1726 199 1807 itaque
229 1729 384 1808 scriptum
414 1729 488 1789 olim
516 1737 584 1789 erat
612 1729 713 1789 amaia
738 1728 792 1790 dat
812 1728 907 1802 doao,
940 1747 995 1790 erm
1018 1727 1137 1789 babeat.
1183 1727 1282 1788 multa

102 1847 260 1907 possumus
279 1830 417 1908 addere,
443 1829 500 1891 sed
523 1830 697 1892 omittimus
720 1849 756 1891 ea
779 1840 811 1891 ει
832 1850 895 1892 nno
918 1841 1040 1892 tantum
1056 1831 1201 1909 exemplo
1224 1828 1282 1892 do-

102 1951 201 1996 cemus
223 1953 319 2014 quam
342 1935 509 2013 antiquum
532 1933 574 1994 sit
596 1931 676 1994 illud
699 1932 784 2013 quod
800 1934 1114 1996 commonstravimus
1137 1952 1280 1995 errorum

102 2053 205 2112 genus
233 2039 286 2097 ¹in
310 2036 456 2117 epistulis
479 2037 643 2097 Frontonis
666 2033 706 2096 ad
728 2037 766 2096 ll.
793 2035 959 2096 Caesarem
982 2046 1014 2098 ct
1037 2037 1174 2099 invicem
1196 2054 1217 2096 v
1242 2035 1280 2096 tt

99 2135 170 2198 baec
191 2138 326 2218 legimus
348 2140 387 2199 ll.
413 2138 575 2216 Caesaris,
608 2138 673 2200 lavi
700 2137 786 2199 bodie
814 2145 843 2199 et
867 2138 1024 2201 ambulavi
1048 2139 1194 2220 pontum,
1224 2135 1284 2199 cibi

96 2240 183 2317 paolo
202 2241 274 2326 plus
297 2242 430 2321 sumpsi,
454 2240 590 2302 madum
616 2248 716 2302 tamea
739 2240 845 2302 libente
867 2240 1028 2303 stomacho.
1077 2251 1162 2302 recte
1184 2241 1282 2301 Maius

98 2341 153 2404 arbi
172 2343 314 2424 scripsit:
341 2342 480 2404 codicem
504 2342 582 2404 dicit
604 2350 659 2404 aut
679 2341 811 2404 babere.
859 2343 970 2423 habet,
1001 2353 1035 2405 ut
1056 2343 1202 2421 videtur,
1228 2352 1282 2405 aut

99 2455 180 2506 certe
203 2446 363 2526 antiquior
385 2444 468 2507 liber
491 2445 602 2508 habuit
624 2447 695 2507 ciui.
744 2445 828 2526 quad
857 2457 963 2508 autem
994 2448 1026 2507 iu
1049 2447 1188 2508 Senecae
1212 2446 1282 2526 epi-

97 2548 174 2608 stula
196 2549 382 2628 scripsimus
402 2548 496 2628 pudet
509 2567 555 2610 me
577 2549 637 2626 tai,
664 2547 697 2610 id
720 2559 768 2610 εει
783 2543 965 2633 αἰσχύνομαι
980 2571 1031 2623 σε,
1057 2559 1218 2611 vetustum
1234 2558 1282 2610 est

98 2647 220 2712 dicendi
250 2669 364 2731 genus.
401 2651 540 2712 ,Plautus
562 2651 675 2712 Bacch.
701 2652 772 2711 ml
803 2651 841 2712 42
871 2669 965 2732 aeque
991 2653 1052 2712 mei
1072 2670 1166 2733 aeque
1188 2659 1215 2712 te
1238 2653 1284 2713 tui

98 2752 175 2814 tatas
197 2753 368 2834 puditumst
386 2753 480 2835 sactis
502 2772 580 2836 quae
599 2753 690 2835 sacis.
739 2753 823 2815 idem
847 2754 934 2814 Tria.
960 2771 982 2813 11
1006 2755 1022 2814 l
1048 2754 1088 2813 30
1113 2756 1233 2815 miseret
1255 2761 1282 2814 te

96 2853 240 2932 aliorum,
267 2857 313 2918 tui
332 2874 386 2918 aaa
409 2858 530 2918 miseret
550 2875 605 2919 aec
623 2857 726 2937 podet.
775 2855 859 2917 idem
889 2855 1010 2918 ibidem
1034 2857 1104 2918 1v2
1130 2855 1169 2916 67
1193 2856 1281 2916 deam

97 2974 139 3016 me
160 2957 257 3020 hercle
279 2965 368 3039 atque
388 2958 542 3020 bominum
561 2959 664 3039 pudet.
712 2959 834 3020 Ennius
856 2958 942 3039 apud
959 2958 1143 3020 Ciceronem
1166 2957 1207 3020 de
1229 2957 1282 3019 di-

96 3059 310 3143 vinatione1§
328 3063 368 3122 66
392 3063 527 3143 airyiaes
546 3079 654 3122 verear
669 3061 828 3140 aequales,
850 3063 953 3141 patris
968 3062 1028 3122 mei
1047 3079 1145 3122 auum
1164 3060 1281 3142 sactum

91 3163 192 3240 pudet.
238 3164 407 3226 Terentius
429 3165 541 3225 Heaut.
567 3166 622 3224 113
644 3165 681 3225 tt
706 3167 793 3226 caius
814 3183 895 3226 auae
914 3163 1008 3243 podet
1030 3181 1076 3224 me
1098 3171 1126 3226 et
1147 3167 1278 3240 miseret,

95 3266 146 3344 qai
164 3264 275 3327 barum
296 3284 395 3328 mores
418 3266 562 3328 cantabat
582 3266 671 3342 milti,
698 3268 850 3330 Monuisse
869 3266 1004 3346 frustra.
1051 3265 1136 3328 idem
1160 3266 1220 3328 Ad.
1246 3285 1280 3327 m

95 3367 111 3424 3
135 3367 175 3428 37
195 3367 310 3449 [ratris
332 3387 378 3429 me
400 3368 519 3448 quidem
543 3369 636 3431 lbtdet
654 3371 804 3451 pipetque.
851 3369 936 3431 idem
953 3370 1027 3430 ileo.
1045 3387 1062 3429 v
1086 3371 1104 3431 2
1125 3368 1165 3430 27
1187 3369 1277 3449 perii,

91 3469 183 3548 pudet
205 3470 407 3532 Philumenae.
455 3470 513 3532 sed
543 3471 756 3552 loquebantur
787 3472 879 3532 etiam
909 3479 1016 3550 postea
1039 3471 1151 3532 eodem
1175 3471 1277 3533 mado.

93 3573 187 3634 Varro
203 3571 314 3634 Sardis
336 3572 504 3635 venalibus
524 3573 610 3653 apud
625 3574 758 3635 Nonium
781 3595 814 3654 p.
834 3575 894 3635 tat
912 3575 951 3634 33
976 3593 1035 3634 aaa
1058 3582 1085 3635 te
1107 3576 1153 3636 tai
1173 3575 1280 3636 saltem

92 3675 197 3754 portet,
223 3677 252 3737 si
272 3675 349 3738 nibil
371 3677 430 3737 mei
450 3679 653 3738 revereatur?
696 3677 902 3748 cneiusdem
919 3677 1068 3738 Varronis
1086 3678 1280 3738 Parmenone

94 3777 210 3840 Nonius
231 3800 265 3859 p.
292 3779 352 3840 l2l
379 3779 417 3838 l0
442 3778 521 3839 haec
543 3778 664 3855 adlert,
692 3779 788 3859 pudet
814 3797 860 3840 me
888 3781 934 3840 tui
955 3786 982 3840 et
1002 3797 1161 3840 mosaeam
1184 3799 1280 3861 ayna-

92 3898 184 3942 scere.
228 3883 311 3964 pipet
331 3899 458 3943 carrera
484 3888 512 3941 et
531 3900 596 3942 ona
618 3883 712 3961 sequi.
760 3881 839 3960 quid
862 3883 895 3942 in
918 3881 968 3942 his
990 3881 1099 3943 verbis
1121 3882 1280 3944 Vahlenus

92 3982 203 4044 luserit
223 3984 401 4064 praeterire
423 3985 523 4044 satius
546 3993 609 4044 est:
640 4002 744 4062 nuper
765 3995 870 4046 autem
894 3985 949 4064 qui
972 3985 1100 4064 scripsit
1119 3983 1212 4064 podet
1234 4003 1280 4045 nte

92 4085 222 4146 taedium
244 4103 405 4148 musarum
434 4103 612 4168 agnoscere,
645 4088 820 4148 correxisse
850 4106 884 4148 se
913 4089 957 4148 ait
986 4086 1169 4167 depravata.
1216 4106 1279 4147 non

92 4185 222 4250 babebit
242 4175 442 4270 sponsorem:
476 4206 581 4268 neque
611 4191 697 4249 enim
727 4190 896 4268 quicquam
920 4193 1098 4252 correxisse
1119 4188 1280 4269 putandus

91 4294 215 4372 estqui
239 4293 301 4354 levi
325 4291 474 4352 bracchio
496 4309 594 4371 agens
615 4292 691 4352 satis
714 4290 824 4353 habuit
839 4291 938 4354 verba
955 4293 1085 4354 minime
1108 4294 1280 4372 suspiciosa

92 4391 135 4454 ita
157 4405 278 4457 mutare
309 4406 344 4458 ut
366 4395 504 4474 aliquem
527 4394 765 4456 nancisceretur
788 4413 827 4456 ne
851 4395 967 4456 litteris
990 4395 1119 4475 quidem
1143 4395 1278 4458 similem

90 4499 301 4562 accusativum
332 4517 428 4578 quem
457 4515 498 4558 ex
527 4496 741 4577 adgnoscendi
765 4496 863 4558 verbo
890 4497 1113 4578 suspenderet.
1162 4497 1279 4579 proba-

142 4611 259 4668 linplii
273 4613 385 4668 opuscul·
403 4613 432 4654 11.
1038 4618 1067 4666 21
