3184 5108
336 387 410 458 240
633 402 719 464 lanai
743 419 905 464 uecrrouvu
927 421 1104 464 inserviatur
1126 404 1218 464 4863.

422 599 520 653 tatum
543 609 618 654 suae
640 591 856 672 philosophiae
879 592 1038 673 quondam
1069 591 1165 656 luisse
1189 613 1271 675 quae
1301 612 1386 655 nunc
1413 593 1501 655 incre·

421 692 532 755 dibilia
555 693 706 756 videntur
728 705 791 757 tam
815 695 854 758 de
876 698 1026 758 monstris
1042 715 1136 778 quarn
1153 699 1246 760 etiam
1270 697 1375 760 beluis
1396 705 1426 758 et
1447 716 1501 758 ser-

420 797 582 877 pentibus.
623 798 796 879 dequibus
819 811 940 881 partem
965 802 1147 882 replicaturi
1169 821 1290 864 sumus.
1331 789 1501 881 interquae'

294 917 324 961 ra
421 900 516 962 belua
547 905 664 964 hernae
695 901 898 982 describitur,
929 923 1023 984 quam
1054 925 1140 968 nunc
1169 905 1254 990 apud
1288 904 1406 966 inieras
1433 923 1500 976 esse,

356 1006 374 1064 5
420 1015 482 1066 tam
507 1005 695 1068 horrendam
718 1005 853 1069 stridore
870 1026 964 1087 quam
988 1008 1085 1071 forma
1107 1009 1295 1086 terribilem,
1321 1010 1428 1070 Graeci
1443 1027 1501 1069 cum

421 1108 612 1189 quibusdam
636 1110 758 1190 tingunt
780 1111 938 1172 Romanis.

487 1215 537 1274 l0.
571 1213 788 1294 Hippopotami
809 1213 921 1276 beluae
945 1216 976 1276 in
997 1215 1084 1277 ludia
1101 1235 1170 1278 esse
1194 1215 1406 1297 perhibentur
1420 1216 1503 1276 maio-

421 1335 472 1377 res
499 1317 704 1380 elelantorum
734 1316 931 1398 oorporihus,
963 1338 1042 1399 quos
1064 1317 1174 1382 dicunt
1202 1321 1235 1382 in
1259 1317 1393 1400 quodam
1421 1317 1503 1381 fluvio

419 1439 519 1500 aquae
552 1419 732 1500 inpotabilis
760 1420 928 1482 demorari.
979 1423 1033 1502 qui
1063 1423 1193 1485 condam
1218 1442 1253 1484 oe
1283 1423 1424 1484 homines
1451 1440 1503 1484 una

337 1523 374 1582 to
420 1523 496 1584 hora
519 1524 552 1583 in
576 1542 706 1605 rapaces
735 1525 895 1604 gurgitum
918 1527 1054 1587 vortices
1085 1529 1217 1588 traxisse
1246 1536 1277 1588 et
1300 1526 1457 1588 crudelem
1478 1526 1502 1584 in

420 1625 546 1688 modum
571 1626 739 1688 devorasse
763 1639 943 1691 narrantur.

485 1731 535 1790 ll.
569 1730 725 1803 Quasdam
742 1733 827 1793 enim
850 1730 968 1793 bestias
991 1752 1088 1813 prope
1110 1733 1149 1794 ad
1173 1753 1259 1796 mare
1284 1733 1415 1795 rubrum
1430 1733 1503 1794 nasci

421 1835 487 1915 ipsa
523 1833 705 1896 fabulositas
741 1833 904 1915 perhibet,
944 1846 974 1896 et
1004 1835 1088 1916 quod
1117 1855 1170 1897 vni
1204 1835 1304 1917 pedes
1338 1834 1505 1918 duplicibus

419 1937 571 1999 memhris
601 1947 629 1998 el
661 1939 762 2017 capita
798 1936 872 1999 bina
908 1937 1028 2000 hahent
1057 1959 1128 2002 cum
1158 1940 1255 2002 oculis
1290 1941 1411 2021 lingunt
1437 1939 1505 2000 Gor-

336 2043 374 2102 t5
419 2043 539 2120 ganeis.

487 2146 537 2206 ⁴2.
578 2137 775 2207 Chimeeiam
792 2147 904 2209 Graeci
927 2145 1070 2208 scribunt
1086 2145 1245 2226 quandam
1269 2146 1365 2209 luisse
1385 2146 1504 2208 bestiam

420 2249 554 2331 triplicis
589 2259 783 2311 monstruose
817 2251 957 2331 corporis
996 2249 1143 2312 loeditate
1177 2249 1366 2314 terribilem.
1422 2267 1505 2330 quam

420 2352 553 2414 llamniis
575 2351 685 2414 dicunt
707 2363 857 2415 armatam
881 2373 917 2416 eo
940 2353 1024 2433 quod
1051 2355 1110 2416 tria
1133 2354 1235 2434 capita
1259 2356 1365 2434 ignem
1388 2353 1505 2416 habuis·

419 2466 468 2518 set
489 2457 658 2518 vomentia.

333 2561 373 2622 80
486 2561 536 2620 43.
577 2560 614 2621 Et
636 2570 710 2622 sunt
733 2579 876 2642 quoque,
909 2568 944 2622 ut
968 2559 1091 2638 lerunt,
1125 2559 1269 2622 inludia
1298 2559 1410 2624 beluae
1438 2577 1506 2640 quas

378 2723 381 2730 .
419 2674 564 2726 aeternas
585 2660 626 2724 ob
650 2662 786 2726 vividam
811 2666 960 2726 virtutem
983 2675 1105 2742 vocent,
1138 2683 1219 2745 quae
1246 2665 1278 2725 in
1301 2667 1367 2727 suis
1389 2663 1505 2726 vertici-

421 2767 480 2830 bus
502 2785 572 2830 ossa
594 2777 714 2830 serrata
733 2768 821 2831 velut
844 2766 963 2848 gladios
986 2777 1119 2848 gestant,
1146 2767 1264 2849 quihus
1286 2770 1419 2831 arietino
1439 2767 1504 2829 dunt

418 2870 573 2933 adversus
596 2872 765 2934 incurrunt
788 2873 910 2952 impetu
931 2870 1064 2952 obpositi
1088 2869 1389 2934 transverberantur
1409 2872 1503 2952 clipei.

418 3083 441 3128 8.
463 3078 584 3142 replicati
604 3080 656 3130 Au.
746 3082 770 3128 4.
793 3079 866 3128 lerna
885 3079 913 3127 A.
987 3077 1150 3130 adscribitur
1167 3079 1196 3130 B.
1252 3080 1325 3143 νου-ς.
1345 3079 1502 3130 Aemilii

331 3162 410 3216 helue
430 3165 528 3215 hernae
548 3165 718 3216 liorrendnm
737 3165 861 3216 stridens.
953 3170 976 3215 a.
998 3165 1098 3216 lormac
1117 3166 1147 3226 A,
1173 3165 1256 3216 lernae
1277 3166 1306 3216 B.
1396 3169 1420 3215 l.
1438 3163 1503 3214 xiie

333 3253 474 3316 ippotamis
492 3251 522 3311 A,
549 3265 574 3301 rx
594 3251 781 3316 Hippopotami
803 3251 843 3301 R?
927 3253 1057 3316 lppotomi
1077 3252 1106 3310 A,
1132 3251 1246 3317 Epotani
1264 3252 1295 3302 B.
1390 3257 1412 3303 9.
1434 3253 1502 3315 inpo-

332 3336 427 3387 labiles
445 3337 473 3386 A.
546 3351 590 3388 ccc
610 3339 637 3396 Β,
664 3349 724 3388 cccc
738 3338 766 3386 A.
858 3338 1503 3403 to.gurgitumA:pe1-gitoram,reoosportre

329 3427 378 3473 oria
396 3425 489 3474 titteris
507 3425 575 3474 liaeo
593 3427 737 3489 transfixis,
759 3424 788 3473 B.
861 3424 979 3474 uertices
999 3425 1027 3474 Β.
1083 3424 1228 3475 Alexandri
1244 3427 1356 3488 epistole
1371 3439 1397 3488 p.
1412 3427 1442 3474 89
1460 3423 1502 3472 do·

330 3515 423 3560 centos
447 3509 545 3560 milites
569 3524 602 3560 cx
626 3509 818 3560 Macedonibus
842 3507 947 3560 levibus
972 3510 1055 3560 ermis
1079 3511 1140 3561 misi
1163 3523 1212 3577 per
1234 3525 1343 3562 emnem
1368 3511 1500 3562 nataturus.

331 3599 436 3662 iamque
456 3601 579 3663 quartam
604 3599 706 3659 partem
725 3595 844 3646 llnminis
862 3599 1045 3660 oneraverant,
1066 3609 1128 3647 curn
1147 3597 1257 3648 horrida
1281 3609 1324 3649 res
1343 3598 1400 3648 visu
1424 3595 1502 3646 subito

330 3683 407 3734 nohis
426 3685 568 3748 conspecta
586 3686 635 3733 est.
674 3682 789 3733 maiores
807 3681 1012 3747 elephantorum
1031 3695 1144 3747 corporo
1162 3683 1345 3750 hippopotami
1364 3685 1433 3734 intar
1448 3693 1502 3746 pro·

330 3769 427 3820 londos
445 3782 575 3834 equarum
594 3769 712 3832 gurgites
730 3769 828 3819 emersi
848 3771 1032 3832 apparuerunt
1050 3772 1193 3834 raptosque
1219 3771 1246 3820 in
1264 3769 1392 3820 verticem
1409 3765 1501 3818 crudeli

330 3869 415 3920 poene
435 3857 542 3916 milites,
564 3853 690 3905 lientihus
709 3854 795 3915 nohis,
816 3854 1017 3918 obsaepserant.
1109 3859 1149 3905 48.
1170 3867 1194 3904 xi
1213 3855 1251 3906 De
1269 3855 1312 3906 his
1325 3857 1372 3921 qui
1389 3856 1447 3906 bina
1464 3865 1503 3902 ra·

330 3945 383 4006 pite
404 3942 504 3994 hahent
522 3941 550 4000 A,
579 3955 592 3990 x
612 3943 648 3991 De
667 3941 761 3993 bestiis
779 3940 943 4006 quibusdam
962 3940 1091 3992 labulosis
1109 3955 1192 4007 prope
1211 3955 1285 3994 mare
1307 3941 1416 3992 rubrum
1437 3941 1473 3990 ui

328 4029 456 4088 Quisdam
475 4029 504 4078 A.
597 4028 822 4093 l³.ipsaomB.
914 4029 1212 4090 li.ti.gurgonesA.
1305 4026 1500 4078 ithntlleci-

330 4115 428 4166 marica
447 4116 481 4179 A,
508 4127 531 4163 11
556 4113 593 4164 De
617 4115 753 4164 chimaera
773 4114 814 4163 ut
888 4113 1030 4178 Cymeram
1051 4113 1080 4173 lt,
1106 4113 1264 4164 Cimorioem
1284 4113 1314 4164 A.
1394 4111 1499 4178 quodem

330 4202 359 4251 8.
450 4205 490 4250 ti.
513 4201 609 4266 triplici
629 4200 660 4249 B.
768 4203 808 4248 ta.
840 4199 913 4263 Vcrp.
933 4200 996 4248 Aeo.
1017 4201 1109 4250 ritae
1137 4199 1307 4265 flammisque
1331 4205 1428 4252 armata
1449 4197 1500 4248 chi-

329 4301 427 4337 maera.
500 4287 626 4338 hahuisse
646 4285 819 4334 uoueotiall.
909 4289 950 4336 2⁰.
972 4299 1015 4334 riu
1034 4285 1169 4337 Debclne
1188 4287 1218 4351 A,
1244 4285 1472 4338 artholemaeli?

327 4377 357 4425 ut
377 4374 413 4423 ll:
437 4373 519 4437 qirod,
540 4375 585 4423 aad
603 4373 732 4433 utsupra
750 4373 846 4430 addito,
867 4371 895 4420 A.
986 4377 1026 4422 88.
1048 4372 1181 4423 aduersus
1198 4372 1347 4438 clipeosh.
1422 4374 1498 4422 ireos·

329 4459 472 4510 uerhomnt
490 4461 519 4510 A.
576 4457 718 4508 Alexandri
741 4457 851 4520 epistula
872 4470 900 4519 p.
915 4462 946 4508 57
973 4457 1036 4508 Euri
1060 4460 1131 4510 venti
1156 4457 1235 4508 ssatus
1259 4461 1345 4510 secuti
1368 4456 1498 4509 incidimus

328 4548 354 4596 in
375 4545 504 4606 malignas
528 4545 608 4606 lares,
634 4545 667 4595 dc
693 4559 807 4609 quarum
833 4543 965 4607 capii-ibus
987 4545 1061 4595 velut
1086 4545 1166 4608 gladii
1189 4547 1325 4596 avertice
1348 4545 1431 4608 (uetus
1449 4540 1495 4591 hur
1572 4575 1573 4602 ,
