3204 5104
331 339 403 411 342
626 355 714 415 lnnru
737 373 902 418 uternam
924 373 1107 418 ninnium·
1126 357 1218 418 isse.

330 546 477 624 genetivo
500 561 574 606 casn
597 544 818 624 coniungitur,
851 545 993 625 proxime
1022 555 1129 609 autern
1151 544 1191 608 ed
1214 563 1284 608 enm
1307 565 1399 626 quem
1421 547 1499 606 resti-

330 649 448 709 tuimus
463 647 613 708 orationis
636 643 767 708 formum
789 647 912 709 eoredit
935 647 1021 729 qnod
1036 649 1133 711 Silius
1147 648 1273 712 ltelious
1289 666 1329 710 ru
1345 650 1405 710 336
1419 648 1496 721 dixit,

329 749 407 812 nibil
435 748 504 810 binc
532 756 707 826 cunctante,
740 749 793 812 sed
822 751 905 814 aeris
928 753 1043 832 incepti
1067 752 1144 815 laeto
1167 757 1290 830 iuuene,
1322 751 1363 814 ad
1389 755 1498 814 tentoria

331 849 484 914 rieberrue
501 854 664 916 Festinant.
713 862 808 915 erunt
829 853 961 916 fortasse
982 853 1100 935 quibus
1114 863 1311 918 commentum
1326 853 1498 917 serrandum

332 975 401 1017 esso
418 955 575 1034 videatur,
601 957 722 1037 quippe
738 955 822 1037 qnod
845 957 887 1018 sit
909 959 1076 1036 genetivus
1091 958 1223 1039 pluralis
1238 961 1380 1021 numeri:
1406 977 1498 1020 verum

332 1059 389 1120 hoo
413 1059 462 1120 vel
486 1057 693 1138 ambiguitate
716 1059 809 1122 valde
831 1060 991 1140 displicet.

419 1177 512 1240 Libro
534 1180 652 1242 Manilii
675 1198 704 1240 rr
727 1181 787 1242 2i3
812 1172 856 1242 ssJ
882 1191 973 1262 turpe
1006 1183 1152 1263 inprimis
1175 1183 1287 1245 vitium
1312 1193 1358 1244 est
1380 1183 1412 1244 in
1431 1183 1500 1244 enti-

333 1283 406 1363 quis
428 1281 676 1363 exemplaribus.

493 1425 578 1484 Vesta
600 1429 683 1500 tuos,
709 1425 902 1504 capricorno,
926 1423 1007 1504 fouet
1026 1424 1233 1504 penetralibus
1257 1425 1357 1506 ipnes:

488 1525 557 1588 bine
572 1533 655 1588 artes
670 1525 860 1607 studiumque
876 1525 984 1588 trabis.
1017 1545 1090 1588 num
1105 1527 1251 1608 quidquid
1266 1528 1297 1588 in
1313 1547 1387 1589 testes

489 1632 567 1712 ipnis
590 1637 652 1714 eqet
671 1632 824 1712 poscitque
846 1647 941 1692 novos
963 1629 1005 1690 ad
1027 1632 1131 1692 munta
1150 1630 1303 1710 flammas,

488 1733 544 1796 snb
567 1741 594 1795 te
615 1731 796 1795 censendum
818 1739 879 1794 est:
903 1735 1040 1795 serutari
1060 1751 1150 1795 caeca
1167 1733 1305 1810 metalla,

489 1837 640 1918 depositus
663 1843 690 1898 et
712 1855 781 1917 opes
804 1843 976 1918 terramque
999 1854 1131 1898 annuere
1153 1838 1249 1912 uenis,

491 1941 706 2020 materiamque
729 1958 822 2000 mann
844 1947 927 2002 certa
950 1939 1105 2020 duplicari
1125 1947 1153 2002 et
1175 1947 1252 2018 arte,

491 2041 635 2125 quidquid
658 2051 684 2104 et
707 2051 831 2126 arpenta
851 2041 1038 2123 fabricetur,
1065 2042 1210 2124 quidquid
1232 2051 1260 2106 el
1281 2063 1370 2120 auro,

491 2147 569 2228 quod
588 2144 709 2225 serrum
732 2147 826 2207 calidi
847 2147 967 2208 salvant
989 2153 1077 2226 utque
1100 2163 1176 2208 aera
1197 2148 1312 2208 camini

491 2256 751 2331 consummentque
763 2247 827 2330 soci
841 2250 994 2326 Cererem,
1019 2256 1073 2311 tua
1088 2267 1218 2312 munera
1232 2258 1366 2334 surpeut.

339 2425 433 2470 versu
456 2407 555 2468 eltero
579 2415 664 2466 reete
688 2403 761 2464 libri
785 2404 859 2465 alirn
890 2405 1026 2486 inpressi
1050 2405 1168 2468 trabis:
1200 2404 1330 2468 lacobus
1351 2405 1390 2468 ad
1411 2403 1501 2466 sordes

338 2511 591 2590 soriplorumque
616 2505 769 2570 librorum
793 2507 886 2570 trabit
909 2509 1028 2570 reverti
1044 2508 1164 2571 maluit.
1212 2527 1284 2570 mox
1307 2527 1376 2572 cum
1394 2525 1500 2570 munere

339 2615 516 2692 legeretur,
542 2610 666 2672 oodiees
688 2619 792 2672 nutem
809 2629 870 2673 non
888 2610 967 2673 nulli
984 2611 1113 2692 flumina
1128 2609 1337 2693 praeberent,
1362 2611 1499 2672 Bentleins

340 2727 424 2778 recte
440 2717 546 2776 munia
561 2715 703 2795 scripsit:
731 2712 815 2776 idern
838 2715 912 2778 lutet
929 2716 959 2776 in
976 2717 1105 2777 numina
1119 2713 1204 2796 quod
1220 2733 1304 2778 unns
1319 2713 1398 2777 liber
1411 2713 1496 2776 hebet.
1581 2747 1582 2808 p

338 2816 395 2882 sed
423 2836 519 2882 novos
545 2817 686 2898 stammas
717 2819 832 2878 mirum
863 2828 912 2880 est
940 2818 1116 2881 Bentleium
1146 2817 1274 2879 silentio
1307 2817 1496 2900 praeteriisse.

339 2941 411 2984 nem
442 2921 527 3002 quod
556 2921 709 3000 Pingreus
743 2919 775 2982 id
809 2921 850 2982 ite
881 2922 1122 3001 interpretatur,
1159 2929 1224 2984 tous
1254 2923 1298 2984 les
1326 2923 1437 2984 meliert
1460 2919 1501 3000 pti

339 3027 461 3108 ecor'pent
483 3025 649 3087 t’entretien
665 3023 738 3085 dun
750 3021 803 3105 feu
819 3025 978 3101 continuet,
1004 3043 1114 3086 verum
1138 3035 1222 3086 esset
1244 3025 1270 3086 si
1288 3034 1375 3106 poete
1390 3023 1500 3087 dixisset

339 3147 457 3210 semper
485 3143 581 3192 novar
608 3126 768 3206 flammas:
803 3145 888 3188 nuno
917 3145 978 3188 nan
1008 3137 1111 3208 potest
1139 3126 1278 3191 dubitari
1310 3129 1384 3209 quin
1410 3143 1499 3188 enien-

340 3231 465 3294 dundus
487 3231 528 3292 sit
550 3229 738 3293 versiculus.
785 3228 862 3292 dum
886 3231 999 3292 melius
1020 3230 1200 3311 proferetur
1226 3233 1418 3312 suspicemur
1437 3229 1499 3291 seri·

340 3333 481 3398 bendum
504 3352 574 3396 esse
594 3334 746 3414 poscitque
769 3351 861 3394 souis
883 3333 924 3394 nd
946 3335 1052 3394 munia
1071 3334 1229 3414 flammas,
1256 3334 1289 3396 id
1312 3344 1359 3397 est
1373 3335 1455 3397 utiles
1468 3329 1497 3392 nd

341 3437 483 3500 iaciendo
512 3437 629 3498 munia.
678 3445 744 3499 turn
773 3455 835 3498 nan
867 3445 952 3498 reete
976 3437 1137 3500 Bentleius
1166 3439 1293 3518 seripsit
1324 3438 1460 3520 depositos
1479 3441 1499 3492 et

340 3560 409 3623 opes
431 3549 587 3602 terrarum
609 3541 773 3620 eoequirere
788 3541 891 3602 uenis:
915 3558 987 3601 narn
1004 3540 1159 3603 exurendi
1175 3541 1310 3604 verbum
1327 3541 1499 3604 verissimum

341 3661 410 3706 osse
440 3663 476 3705 ea
506 3643 641 3707 eifioitur
669 3642 754 3723 quod
783 3661 845 3704 nau
875 3644 951 3706 setis
974 3654 1041 3707 eret
1069 3646 1306 3726 inquisitionem
1329 3644 1498 3708 metallorum

341 3743 602 3825 commemorare,
627 3746 684 3808 sed
707 3743 781 3808 eddi
805 3745 942 3808 debebat
965 3747 1048 3828 ignis
1069 3767 1147 3812 usus
1162 3751 1194 3810 in
1212 3767 1248 3811 ea
1265 3769 1299 3812 re
1315 3746 1498 3811 necessarius.

341 3869 439 3931 quere
463 3848 667 3914 scribendum
690 3849 796 3930 potius
819 3859 866 3911 est
895 3849 1047 3932 depositas
1075 3859 1104 3914 el
1125 3869 1194 3932 opes
1216 3860 1370 3914 terrarum
1392 3862 1500 3912 eauren

343 3953 445 4015 renis:
469 3969 541 4014 nem
565 3960 721 4016 terranem
743 3970 948 4015 suaevorum
971 3963 1028 4016 est.
1077 3956 1255 4036 incognitus
1270 3965 1361 4036 poete
1377 3956 1406 4016 in
1421 3951 1499 4015 Aetne

318 4069 372 4116 rr.
399 4055 460 4116 258
484 4075 526 4118 ss.
552 4063 726 4138 torquemur
748 4057 854 4118 miseri
875 4059 906 4119 tn
926 4059 1037 4138 parvis
1065 4047 1258 4142 terimur¹qne
1280 4059 1397 4132 labore,
1426 4057 1500 4118 Sau-

341 4167 443 4220 lamnr
466 4161 573 4234 rimos,
599 4160 760 4221 evertimus
782 4177 867 4220 omne
886 4159 1086 4241 profundum,
1113 4163 1218 4224 Semne
1234 4169 1268 4224 ul
1283 4163 1409 4246 arpenti,
1430 4173 1501 4241 pter

342 4269 432 4324 ratur
454 4269 488 4323 ut
509 4281 606 4324 aureo
629 4281 722 4327 trena.
752 4264 919 4325 Torrentur
931 4263 1058 4344 tiammo
1073 4273 1175 4327 terrae
1193 4265 1338 4348 ferroque
1353 4266 1498 4328 murone

343 4365 420 4426 Diem
442 4382 507 4428 sese
526 4367 624 4447 pretio
646 4364 813 4443 redimant,
839 4385 1002 4456 unumque
1021 4367 1179 4449 professae
1199 4369 1272 4430 Tum
1294 4368 1408 4432 demum
1428 4364 1499 4428 oila-

343 4485 399 4550 que
428 4469 525 4530 iacent
553 4469 711 4550 inopesque
738 4471 879 4532 relictae:
908 4470 949 4533 ite
972 4472 1056 4533 enim
1088 4471 1140 4533 ille
1163 4470 1334 4534 scribendo
1354 4479 1436 4548 sunt,
1460 4481 1499 4525 or·
