3184 5108
316 375 391 446 220
616 389 704 448 lsonx
727 405 892 448 suerrum
913 405 1092 484 ingrivum
1110 387 1203 448 tuos.

315 577 434 658 quibus
456 577 616 638 Brixontis
645 576 732 639 iluvii
764 577 882 638 mentio
911 577 946 637 fit
975 595 1016 638 ex
1044 593 1107 638 uno
1135 576 1242 657 aliquo
1270 575 1354 638 libro
1380 585 1490 657 sumpte

315 699 386 742 esse
416 677 568 742 videntur
596 681 652 760 qui
681 680 778 760 periit
812 689 867 742 out
902 678 1043 742 ineditus
1075 678 1193 741 alicubi
1224 678 1311 742 lutet.
1364 679 1491 740 meminit

315 793 421 845 antem
445 782 534 844 fluvii
557 782 653 861 iilius,
678 801 773 862 quem
796 783 959 844 Brisonem
981 779 1070 858 dicit,
1103 781 1275 844 Gervusius
1297 781 1492 845 Tilteberien-

315 887 361 949 sis
382 887 416 948 in
438 886 520 948 Otiis
542 884 772 966 imperialibus,
798 904 881 966 quse
903 904 987 946 anno
1010 883 1077 946 iere
1099 903 1188 946 neom
1210 884 1251 948 ud
1273 886 1418 948 Ottonem
1441 887 1492 948 im-

314 1000 496 1071 peratorem
519 989 615 1066 misit,
641 1007 674 1049 ιιι
698 988 749 1050 73.
774 987 826 1051 tt.
852 988 891 1048 75
918 987 959 1068 (p.
979 989 1040 1050 tet
1057 987 1112 1068 s),
1144 1007 1246 1068 eaque
1274 990 1370 1052 simul
1398 999 1493 1052 nnrrut

315 1111 398 1173 quoe
421 1094 536 1174 purtim
559 1101 737 1172 congruunt
758 1109 829 1153 cum
852 1091 899 1153 eis
927 1109 1009 1172 quoe
1032 1090 1115 1154 liber
1137 1109 1232 1171 quem
1263 1091 1389 1156 edimus
1409 1092 1492 1156 hebet

316 1197 402 1258 120.
428 1197 487 1256 st:
520 1194 577 1257 sed
599 1194 732 1276 adparet
758 1213 820 1256 non
850 1193 925 1256 inde
956 1213 992 1255 ea
1021 1193 1210 1276 deprompta
1240 1215 1322 1274 esse,
1354 1215 1491 1258 verume

315 1300 473 1360 communi
497 1299 582 1362 tonte
605 1299 661 1360 hos
684 1275 805 1359 rtvutos‘
818 1316 888 1359 esse
903 1295 1066 1360 deductos.
1107 1292 1320 1382 <conveniunt
1343 1317 1403 1360 non
1419 1299 1493 1360 ornile

315 1421 387 1464 cum
416 1401 498 1462 libro
522 1411 732 1464 monstrorum
763 1401 795 1460 in
819 1400 950 1480 epistota
975 1402 1136 1463 Premonis
1160 1403 1244 1480 regis
1272 1401 1313 1462 od
1337 1404 1492 1464 Troianum

316 1507 538 1586 imperatorem
569 1522 651 1585 queo
681 1523 722 1566 cx
749 1502 858 1566 codice
885 1501 1145 1584 Argentoratensi
1172 1523 1201 1564 o.
1224 1521 1255 1564 rr
1277 1504 1316 1564 ts
1345 1503 1432 1587 (saec.
1455 1505 1488 1584 ιι)

316 1608 401 1670 editu
430 1618 479 1670 est
501 1609 622 1670 motu
646 1627 678 1688 p.
699 1607 771 1668 tet.
825 1616 1087 1670 commemoratur
1113 1608 1207 1668 etium
1230 1608 1349 1670 Brixon
1376 1607 1491 1670 fluvius.
1581 1613 1582 1616 ’

315 1711 459 1774 eiusdem
483 1711 642 1773 Brixontis
663 1713 780 1772 mentio
804 1711 838 1771 fit
861 1711 893 1771 in
914 1711 1165 1772 Narratiuncuiis
1187 1730 1205 1772 n
1227 1712 1402 1793 Cockoynio
1423 1715 1495 1773 bon·

316 1813 385 1876 dini
409 1816 486 1874 tsst
521 1814 618 1877 editis
639 1833 671 1894 p.
697 1815 749 1876 tt.
803 1813 945 1893 denique
975 1813 1054 1874 hoec
1082 1811 1179 1875 hebet
1209 1813 1330 1877 Probus
1358 1815 1493 1878 cetheis

315 1939 348 1999 p.
369 1917 402 1978 tt
430 1921 448 1980 tt
473 1920 509 1978 K.
533 1937 595 1979 mo:
627 1935 681 1979 acc
707 1917 765 1979 itae
793 1915 913 1998 syllaba
939 1917 1042 1978 inveni
1064 1917 1184 1996 finitum
1212 1935 1321 1979 nomeu
1350 1921 1411 1982 atsi
1430 1918 1494 1980 bar-

315 2021 425 2084 barum
447 2021 525 2103 quod
547 2020 655 2083 audivi
675 2021 777 2082 Brome
796 2015 976 2106 Brimom's.)

402 2127 508 2187 Restat
529 2135 565 2186 ut
587 2123 628 2186 de
652 2133 793 2204 tempore
823 2121 918 2184 etde
941 2121 1042 2203 patrio
1073 2122 1239 2204 scriptoris
1268 2125 1391 2205 aliquid
1419 2125 1496 2188 dioe-

316 2247 398 2291 mus.
445 2227 503 2290 sed
532 2236 655 2289 tantum
682 2226 771 2289 abest
800 2235 835 2287 ut
863 2227 942 2286 certi
972 2223 1094 2305 aliquid
1123 2233 1263 2289 statuere
1293 2247 1386 2308 posse
1416 2227 1496 2291 nobis

316 2329 492 2409 videamur,
531 2339 567 2392 ut
593 2329 677 2392 ultra
704 2327 875 2410 opinabilia
913 2328 1050 2390 nolimus
1083 2327 1244 2409 progredi.
1301 2349 1340 2393 sc
1369 2333 1496 2413 primum

316 2433 447 2514 quidem
470 2442 534 2494 tem
555 2431 711 2494 mirabitis
734 2433 785 2493 hic
807 2430 1021 2511 adgnoscitur,
1047 2433 1236 2512 pracsertim
1260 2434 1293 2494 in
1311 2434 1498 2516 Vergiliano-
1524 2492 1528 2500 .

317 2555 387 2599 rum
418 2537 586 2599 muttorum
621 2553 774 2598 versuum
805 2535 1083 2615 interpretatione,
1124 2535 1248 2598 inscitia
1276 2547 1312 2598 ut
1341 2549 1497 2620 postquem

315 2639 357 2700 ab
378 2637 511 2701 Alcuino
533 2647 564 2700 et
586 2637 733 2700 Hrubnno
755 2637 939 2700 scholastica
968 2638 1125 2700 institutio
1147 2637 1314 2701 emendata
1339 2650 1406 2702 eret
1433 2641 1498 2703 totio

316 2762 378 2805 non
394 2741 566 2804 videantur
588 2743 728 2822 potuisse
751 2739 860 2802 scribi.
901 2739 985 2821 quod
1005 2749 1110 2804 autem
1134 2759 1196 2802 non
1221 2742 1307 2804 nullu
1328 2762 1410 2825 quse
1431 2762 1499 2805 uar-

317 2856 429 2908 rentur
451 2865 521 2908 cum
545 2844 657 2907 Isidori
681 2843 867 2924 Originibus
889 2852 1078 2924 congruunt,
1112 2842 1188 2905 inde
1211 2863 1273 2906 non
1297 2855 1365 2910 tuto
1387 2847 1499 2926 colligi-

315 2960 368 3011 tur
396 2957 521 3030 sumpts
552 2967 681 3010 coesse
710 2947 751 3008 ab
782 2946 910 3009 Isidoro.
958 2947 1057 3010 voluti
1080 2965 1162 3028 quse
1190 2951 1234 3028 (ιιι
1251 2948 1280 3029 6)
1308 2948 1350 3012 de
1373 2969 1499 3032 serpen-

314 3051 402 3114 tibus
432 3052 505 3132 igne
530 3049 646 3131 iugatis
674 3059 707 3112 ct
735 3049 806 3111 nibo
834 3051 948 3130 pipere
978 3050 1012 3112 in
1034 3050 1161 3130 nigrum
1191 3051 1327 3115 colorem
1356 3071 1499 3115 converso

317 3153 451 3217 ridicule
481 3153 650 3217 admodum
680 3164 862 3231 narrantur,
901 3154 1083 3232 conspirent
1111 3152 1242 3233 quidem
1272 3173 1344 3216 cum
1375 3156 1497 3234 Isidoro,

315 3255 372 3319 scd
394 3255 524 3320 additur
545 3258 744 3338 serpentium
767 3253 893 3335 nodnen,
925 3265 956 3316 et
986 3257 1146 3318 nescimus
1175 3255 1261 3319 unde
1291 3258 1346 3320 ille
1370 3259 1500 3323 isidorus

315 3361 498 3441 sumpserit.
545 3369 693 3440 putemus
722 3369 828 3422 autem
858 3361 1044 3439 scriptorem
1072 3359 1191 3421 vixisse
1222 3361 1255 3421 in
1284 3380 1385 3442 regno
1410 3366 1500 3424 Fren-

315 3464 395 3526 oioo:
429 3473 516 3524 certe
548 3464 606 3524 hoc
641 3463 717 3529 sutis
747 3461 902 3525 credibile
932 3460 1061 3524 videtur
1090 3481 1160 3524 esse
1192 3473 1329 3544 propter
1360 3485 1397 3528 en
1425 3485 1499 3547 quoe

318 3566 339 3647 (ι
355 3565 384 3647 3)
412 3563 452 3627 de
475 3567 636 3646 Hugilaico
666 3577 847 3645 narrantur,
880 3565 1110 3647 quod.nomen
1140 3575 1176 3627 ut
1205 3569 1448 3632 restitueremus
1472 3577 1500 3630 et

314 3669 470 3731 sermonis
492 3668 657 3731 Theodisci
681 3671 760 3730 ratio
788 3679 820 3732 et
843 3671 930 3749 ipsae
953 3669 1108 3730 librorum
1134 3667 1270 3732 mendae
1292 3672 1497 3752 postulabant.

314 3771 454 3834 diximus
483 3771 525 3832 de
555 3773 714 3852 Hugilaico
747 3773 821 3834 olim
856 3771 1033 3854 (zeitschrift
1065 3771 1121 3852 fiir
1154 3772 1310 3836 deutscbes
1345 3775 1498 3838 attcrtbum

313 3895 387 3956 rp.
408 3873 458 3956 to)
492 3876 667 3957 eodemque
701 3876 769 3938 iere
806 3885 948 3957 tempore
984 3873 1114 3938 lacobus
1145 3876 1318 3940 Grimmius
1347 3880 1498 3941 Trossium

314 3978 426 4042 endem
456 3979 572 4042 docuit.
628 3989 798 4041 narrantur
827 3979 859 4040 in
889 3979 993 4040 Gestis
1023 3997 1134 4058 regum
1165 3982 1355 4043 Francorum
1379 4001 1447 4063 rep.
1466 3983 1499 4042 tt

315 4084 400 4143 inter
423 4101 458 4144 ea
489 4101 571 4166 quse
600 4084 681 4144 intre
712 4101 810 4144 annos
832 4101 893 4143 oxu
918 4092 949 4143 et
971 4101 1029 4143 ιιι
1052 4083 1132 4144 fucta
1156 4093 1230 4146 sunt
1261 4083 1370 4161 hoece,
1404 4089 1435 4146 io
1457 4085 1500 4146 itio

313 4193 444 4266 tempore
468 4187 550 4246 Daoi
576 4205 644 4247 urm
673 4204 742 4268 repe
769 4205 824 4247 sao
854 4187 973 4246 aomina
997 4185 1173 4268 ctoctttapo
1202 4205 1271 4250 cum
1293 4189 1407 4250 aava&
1428 4188 1500 4250 inste

310 4307 368 4369 per
397 4288 492 4350 altum
516 4307 601 4350 marc
625 4288 744 4351 Grtittas
767 4295 921 4370 oppetunt,
951 4285 1130 4351 Timaeo
1157 4307 1274 4373 papum
1296 4286 1449 4353 Attuarios
1475 4297 1498 4350 et

313 4392 390 4453 otios
413 4391 604 4454 devastantes
634 4399 723 4473 atque
744 4394 942 4472 captivantes,
972 4391 1082 4472 plenas
1107 4410 1203 4454 naves
1232 4393 1269 4456 de
1290 4396 1423 4474 captiuis
1450 4393 1498 4454 ttu-

290 4493 434 4568 sbentas,
466 4494 526 4555 utto
556 4513 642 4556 more
669 4496 837 4557 intrantes:
868 4481 935 4556 rem*
959 4513 1064 4556 eoram
1091 4495 1133 4558 od
1154 4497 1226 4558 titus
1256 4499 1353 4560 mans
1384 4497 1497 4560 retedt't.
