3184 5108
368 437 456 498 lunas
478 451 645 500 rrcrrosvtr
668 455 852 502 unrssuarru
877 441 971 501 ίδδδ.
1068 499 1072 506 ,
1147 427 1263 514 ,307

88 633 199 684 cuntur.
254 624 312 686 sed
343 635 450 686 cetera
478 635 540 687 tam
568 637 642 688 sunt
670 627 804 690 obscura
827 637 862 690 ut
885 629 966 691 nihil
987 631 1086 710 possit
1110 629 1262 710 intellegi.

88 725 237 805 legebatur
258 728 333 788 olim
355 725 407 790 καί
429 730 543 814 λῷοτον
567 726 620 812 μὲν
643 722 722 813 llll
738 730 878 816 Φλέγρας
899 729 1012 795 πεδίον.
1060 730 1147 794 unde
1170 734 1267 795 ilent-

87 828 155 890 leius
175 840 207 891 et
222 829 371 892 lieiskius
393 831 598 894 scribendum
615 835 820 896 coniecerunt
841 830 892 897 παὶ
914 837 992 920 λῷον
1016 831 1071 918 μὲν
1085 825 1117 918 ἤ.
1165 835 1266 897 molle-

87 947 146 992 mus
173 933 232 994 hoc
260 951 366 1015 nuper
395 934 646 998 commendatum
676 955 763 1018 esse,
795 957 867 1000 oum
889 947 1021 1019 propter
1043 937 1120 999 alias
1142 953 1263 1016 causas,

86 1033 119 1094 de
146 1035 263 1115 quibus
287 1047 394 1116 postea
425 1034 584 1119 dicemus,
615 1049 682 1102 tum
711 1051 880 1122 propterea
910 1041 994 1122 quod
1023 1031 1044 1124 ἤ
1073 1041 1151 1102 illud
1179 1040 1266 1104 unde

86 1148 181 1200 natum
215 1139 256 1201 sit
290 1149 322 1200 et
356 1159 450 1220 quam
484 1141 602 1204 nullam
637 1141 731 1205 fldem
765 1143 880 1206 habeat
909 1144 1118 1206 demonstrari
1149 1153 1263 1225 potest.

85 1241 256 1306 scholiastae
286 1246 372 1306 enim
402 1243 482 1307 hacc
512 1255 560 1306 est
588 1245 763 1325 adnotatio,
800 1243 910 1317 ἔξωθεν
939 1239 1138 1310 messenios
1167 1242 1218 1310 τὸν
1245 1237 1267 1330 ἤ

84 1342 290 1430 δισσσφητικόν
306 1337 495 1430 σύνδεσμον.ι
528 1346 660 1432 βέλτιον,
679 1346 765 1434 φησί,
781 1343 929 1413 πιστεύειν
944 1345 981 1413 τὰ
996 1343 1140 1435 χρήματα
1154 1344 1265 1413 τούτων
1278 1357 1310 1402 ⁴¹

84 1443 111 1507 iu
131 1443 395 1535 Nepeioxoaauqiq
424 1444 604 1514 ἀποκεῖσθαι
625 1443 647 1535 ἢ
670 1451 713 1524 είς
733 1447 767 1514 τὸ
790 1451 930 1537 Φλέγρας
951 1449 1062 1516 πεδίον.
1111 1445 1269 1536 διαβάλλει

80 1545 111 1611 ’δὲ
139 1547 209 1615 αὐτὸ
237 1545 280 1624 oi<
308 1547 430 1617 κάκεῖνο
456 1552 665 1638 πεπλασμένον
694 1548 750 1618 ὑπὸ
777 1558 837 1618 τῶν
865 1561 1008 1640 ποιητῶν.
1061 1553 1125 1619 ἔστι
1153 1555 1186 1618 δὲ
1213 1558 1267 1638 τῆς

82 1647 193 1739 Θρᾴκης
221 1655 334 1720 πεδίον.
381 1655 508 1740 Δίδυμος
537 1655 570 1719 δέ
592 1679 668 1742 φησι
690 1652 742 1720 διὰ
767 1653 821 1741 τὴν
848 1651 1010 1742 ὁμοιδτητα
1031 1661 1091 1723 τῶν
1113 1653 1267 1742 ὀνομάτων

80 1759 127 1828 τῖς
148 1757 288 1844 Φλέγρας
316 1754 367 1822 καί
389 1757 681 1846 Νεφελοκοκκυγίας.
729 1771 835 1823 utrum
865 1763 978 1847 λῷστον
1005 1763 1118 1843 legerit
1139 1775 1180 1824 am
1203 1762 1268 1823 icr-

82 1871 156 1921 tasse
179 1864 258 1948 λῷον
282 1862 345 1925 dici
369 1879 431 1925 non
455 1871 575 1944 potest:
601 1865 821 1944 interpretatio
837 1865 923 1925 emim
940 1867 1009 1927 eins
1030 1873 1094 1927 tam
1110 1865 1204 1926 stulta
1221 1875 1268 1926 est

82 1973 114 2022 ut
134 1967 305 2028 somniasse
330 1965 487 2028 videatur.
533 1983 607 2028 nam
621 1965 748 2049 Didymi
772 1985 898 2048 quoque
914 1969 1094 2048 opinionem
1118 1969 1160 2030 ita
1183 1985 1268 2029 com-

82 2069 261 2130 memoravit
288 2079 324 2130 ut
353 2067 432 2149 quid
454 2069 507 2131 ille
530 2070 667 2132 volucrit
689 2087 751 2131 non
774 2072 873 2152 possit
896 2071 1048 2151 intellegi.
1095 2071 1198 2152 qualis
1221 2081 1269 2133 est

81 2172 161 2232 enim
191 2172 244 2234 ilia
275 2172 360 2234 inter
382 2171 548 2252 Phlegram
573 2181 607 2233 et
628 2173 947 2254 Nephelocoocygiam
970 2175 1133 2236 nominum
1155 2174 1269 2235 simili-

81 2271 174 2336 tudo?
196 2293 308 2336 verum
324 2265 345 2358 ἤ
363 2275 546 2337 scholiastes
561 2289 624 2337 non
640 2275 733 2357 legit:
760 2275 889 2338 aliunde
905 2279 990 2338 enim
1005 2277 1102 2339 stulte
1116 2276 1266 2339 adsumit.

82 2373 134 2436 sed
158 2377 379 2459 interpretatio
402 2379 471 2440 eius
487 2381 692 2458 quantumvis
714 2378 853 2441 absurda
875 2379 908 2441 in
932 2399 1024 2442 causa
1048 2379 1107 2442 init
1122 2399 1180 2443 cur
1202 2369 1265 2457 οὖν,

79 2477 160 2556 quod
183 2479 258 2541 libri
274 2481 442 2542 Rauennae
455 2482 595 2544 Venetus
611 2483 810 2544 Florentinus
825 2481 956 2562 habent,
982 2483 1015 2544 in
1037 2473 1058 2566 ἤ
1078 2493 1266 2546 mutaretur.

79 2580 183 2662 itaque
215 2583 395 2665 respuenda
426 2595 473 2646 est
501 2585 635 2647 Bentleii
665 2586 850 2665 lleislriiquc
883 2586 1081 2665 coniectura,
1118 2604 1200 2666 quae
1230 2605 1270 2647 ex

78 2685 292 2748 comment-leia
314 2688 472 2768 scriptura
488 2703 641 2769 suspensa
657 2698 716 2750 est.
763 2685 885 2750 accedit
907 2687 991 2768 quod
1013 2704 1055 2750 ne
1079 2689 1269 2750 sententiam

78 2787 208 2864 quidem
229 2789 362 2869 praebet
382 2789 593 2870 probabilem.
640 2793 725 2852 omui
741 2793 899 2854 sententia
915 2790 1102 2854 destitutum
1123 2790 1270 2871 estquod

79 2889 210 2953 meliora
225 2892 420 2973 exemplaria
436 2891 566 2955 habent.
605 2903 772 2976 praeterea
787 2893 912 2956 duobus
928 2893 1110 2956 nominibus
1125 2892 1267 2956 offendit.

77 3009 111 3052 ac
140 2996 296 3080 primum,
311 2995 442 3075 quidem
470 2994 522 3059 καί
548 3006 580 3060 et
609 2993 663 3080 γιδν
691 2986 743 3060 οὖν
767 2998 876 3078 inepte
904 2998 1154 3076 coniunguntur3
1188 3013 1270 3077 quae

78 3112 138 3158 non
163 3100 265 3178 magis
286 3099 398 3160 sociari
421 3109 553 3180 possunt
576 3117 671 3180 quam
687 3102 795 3162 Latine
818 3099 935 3161 dicitur
956 3107 985 3162 et
1007 3101 1104 3162 immo.
1153 3098 1270 3190 deinde

78 3200 210 3283 λῷστον,
247 3219 353 3281 neque
387 3203 493 3263 minus
522 3203 619 3288 λῷον,
654 3201 804 3264 abhorret
836 3219 855 3262 a
888 3203 1076 3264 comicorum
1110 3219 1267 3264 sermone.

75 3301 239 3366 abstineut
267 3305 352 3365 enim
375 3303 469 3366 Attici
500 3313 589 3366 extra
618 3304 812 3386 tragoediam
842 3303 885 3386 an
906 3305 975 3366 istis
996 3303 1176 3384 vocabulis,
1208 3306 1269 3366 nisi

75 3405 160 3486 quod
189 3396 214 3468 ui
243 3409 339 3492 λῷστε
369 3405 480 3468 dieunt
507 3407 738 3488 formulamque
766 3407 852 3469 illurn
878 3408 1040 3488 antiquam
1070 3409 1148 3493 λῷον
1178 3402 1266 3485 εἶναι,

74 3509 153 3594 λῷον
177 3506 256 3573 εἶναι
276 3503 328 3571 καί
342 3499 464 3592 ἄμεινον
480 3511 693 3573 retinuerunt.
732 3511 765 3571 in
781 3509 970 3571 comicorum
985 3520 1089 3572 autem
1105 3519 1270 3591 poetarum

72 3621 117 3673 tot
140 3611 294 3675 versibus
314 3614 394 3697 λῷον
416 3629 573 3695 nusquam
597 3615 761 3676 invenitur
783 3621 814 3674 et
829 3629 870 3674 me
886 3601 1023 3697 ὦλῷοτε
1037 3611 1167 3692 quidem
1190 3611 1269 3674 illud

76 3733 211 3795 usquam
235 3725 397 3796 conparet.
444 3718 554 3801 λῷστον
573 3717 671 3778 semel
686 3717 861 3798 reperitur,
887 3714 944 3778 sed
968 3716 1000 3777 in
1024 3713 1171 3777 verubus
1193 3731 1270 3776 ana-

73 3819 226 3898 paesticis
259 3829 291 3881 et
324 3818 517 3899 adsurgente
547 3818 777 3900 quodammodo
807 3819 947 3881 oratione
975 3816 1142 3880 Teleclidis
1173 3819 1266 3880 llein.

74 3921 163 3982 Corn.
190 3939 211 3983 u
234 3939 267 4002 p.
294 3922 369 4001 aul,
401 3915 467 3985 ἀλλ’
494 3911 519 3983 ὦ
548 3917 668 3986 πάντων
695 3916 792 3985 ἀστῶν
815 3923 924 4007 λῷστον
947 3919 1046 3983 σεῖσαι
1066 3915 1117 3982 καί
1138 3941 1271 4004 προσνα-

71 4022 243 4101 amomo,
269 4017 436 4088 Παύσασθε
458 4023 549 4087 δικῶν
573 4019 807 4110 ἀλληλοφάγον.
853 4025 934 4085 miro
948 4041 1056 4086 errore
1073 4024 1106 4084 in
1122 4024 1269 4084 lemmate

72 4129 188 4190 scholii
215 4130 250 4189 in
277 4126 355 4189 doh.
389 4129 451 4190 aaa
481 4129 634 4210 scriptum
664 4138 711 4190 est
740 4125 867 4210 ἔνδησον
896 4119 921 4187 ὦ
951 4127 1066 4212 λῷστε,
1101 4144 1171 4188 cuum
1202 4127 1269 4206 ipse

70 4231 299 4311 Aristophanis
312 4247 424 4294 vorsus
447 4230 562 4293 habeat
583 4227 709 4314 ἔνδησον
732 4221 757 4292 ὦ
780 4229 912 4316 βέλτιστε
928 4228 1070 4310 illudque
1085 4247 1127 4290 ne
1143 4231 1268 4290 numeri

71 4331 207 4414 pridem
230 4333 409 4397 admitmnt.
457 4333 563 4415 itaque
586 4335 700 4396 Avium
724 4333 902 4395 versiculus
926 4330 1187 4393 mendosissimus
1208 4341 1266 4394 est.

71 4437 236 4518 quomodo
263 4435 484 4500 emendandas
513 4439 553 4498 sit
582 4451 645 4497 nom
668 4438 828 4517 potuimus
849 4434 982 4515 adsequi
1006 4436 1141 4497 certiore
1164 4433 1269 4514 aliqua

70 4543 274 4620 coniectura,
305 4542 403 4604 nimis
428 4549 534 4602 autem
561 4541 681 4601 incerta
711 4549 816 4600 meere
839 4547 989 4620 praestat.
1037 4535 1116 4600 illud
1139 4538 1266 4616 scimus,

1019 4657 1074 4708 20·
