3204 5104
329 391 406 463 400
622 405 712 466 ianm
734 423 901 466 tscrrom
923 423 1111 466 stireman
1129 404 1222 466 taos.

329 591 465 657 includit
493 612 567 679 non
587 587 740 657 ἀποκλείει
769 587 822 676 τὴν
844 586 981 677 νύμφην,
1014 591 1071 656 sed
1099 590 1321 659 κατακλείεται.
1370 595 1413 655 ita
1439 593 1508 657 dixit

328 697 513 759 Theocritus
542 715 613 758 svm
644 697 663 758 t
698 690 789 759 ἁνίκα
821 691 1008 780 Τυνδαριδᾶν
1041 689 1242 780 κατεκλᾴξατο
1274 691 1329 760 τὰν
1368 691 1506 779 ἀγαπατδν

329 793 528 871 Μναατεύαας
544 792 673 862 Ἑλέναν
695 792 712 862 δ
734 795 879 883 νεώτερος
897 792 1013 883 Ἀτρέος
1037 797 1127 862 stov:
1153 819 1228 862 nam
1249 795 1448 883 κατακλᾴξατο
1468 799 1506 861 ibi

329 922 370 965 ex
393 903 470 982 ipsis
492 901 646 966 librorum
670 901 797 964 mendis
819 903 911 982 quasi
933 901 1017 964 uitro
1039 899 1146 982 prodit
1161 903 1403 984 rectissimeque
1425 902 1461 966 de
1475 922 1505 964 eo

328 1005 438 1067 statuit
453 1005 645 1083 lleinchius,
671 1024 828 1086 spernens
851 1004 903 1066 ilie
920 1005 1033 1066 merito
1055 997 1142 1068 κοίαιν
1165 996 1273 1088 ἄγετο,
1299 1023 1381 1086 quae
1396 1005 1505 1068 inutilis

328 1118 377 1171 est
399 1108 580 1170 coniectura
594 1105 757 1171 Ahrentis.
805 1106 922 1173 deinde
945 1125 1080 1188 sponsus
1103 1107 1160 1188 qui
1182 1127 1253 1170 cnm
1270 1096 1385 1188 sponsa
1407 1109 1437 1169 in
1457 1127 1505 1169 co-

327 1209 434 1273 biculo
457 1220 505 1272 cst
528 1211 575 1272 eis
597 1211 654 1291 qui
677 1219 768 1274 extra
789 1220 865 1273 sunt
880 1209 987 1274 dicere
1003 1219 1107 1290 potest
1121 1203 1342 1288 ἔνδοιαιίνοις,
1368 1209 1422 1272 sed
1435 1207 1505 1272 ἔνδοι

327 1314 423 1377 πᾶσαι
450 1315 599 1394 ineptum
625 1322 683 1376 eat.
730 1312 870 1394 denique
893 1313 1080 1376 scholiastes
1105 1307 1272 1390 νοίλλιατα,
1303 1313 1388 1394 quod
1410 1313 1505 1374 Praxi-

327 1433 407 1478 ncae
430 1425 494 1495 est,
519 1435 633 1498 sponso
656 1417 704 1478 illi
726 1417 808 1479 male
831 1415 955 1479 tribuit.
995 1425 1027 1478 et
1048 1417 1100 1480 hic
1123 1415 1254 1497 quidem
1269 1435 1361 1479 error
1382 1417 1411 1478 ei
1431 1435 1505 1478 com-

328 1519 435 1582 munis
451 1528 500 1580 est
518 1537 590 1580 cum
612 1520 792 1600 antiquiore
815 1519 999 1598 scholiasta,
1025 1521 1081 1600 qui
1104 1519 1183 1582 haee
1204 1519 1383 1598 adnotavit,
1407 1505 1504 1582 ἔπειταΙ

303 1613 524 1703 reimbodo-qt
546 1615 638 1705 αὐτῆς
660 1619 733 1707 φησί
758 1615 940 1700 “κνίλλωτ’,
972 1618 1055 1686 ἔνδον
1081 1625 1193 1701 πᾶσαι,
1226 1615 1244 1685 δ
1271 1617 1328 1686 τὰν
1357 1617 1423 1686 νοδν
1451 1615 1502 1684 αἶρ’

326 1713 535 1807 ἀποκλᾴξας,”
560 1717 602 1795 ὡς
622 1722 784 1810 παροιμίας
805 1715 909 1808 οὔσης.
949 1719 1131 1797 ἀποκλείσας
1151 1719 1206 1808 τὴν
1221 1721 1341 1810 νύρρην
1363 1747 1406 1796 τις
1429 1727 1506 1786 Ηκα-

326 1827 388 1897 λῶς
408 1819 446 1890 τά
467 1849 503 1909 γε
524 1823 610 1890 ἔνδον
632 1820 704 1910 ἡμῖν
726 1824 815 1912 ἔχει’*
844 1825 948 1913 ρηαίν.
994 1847 1101 1909 nequo
1130 1838 1234 1891 cetera
1265 1829 1317 1890 hic
1338 1827 1506 1890 scholiastes

327 1927 456 1992 videtur
479 1930 598 1992 rectius
621 1931 831 1993 intellexisse.

413 2033 489 2094 Non.
511 2031 625 2102 melius
654 2031 883 2096 intellexerunt
913 2035 1110 2096 recentiores
1136 2034 1340 2114 interpretes.
1386 2032 1507 2094 Valcke-

326 2133 437 2197 narius
463 2135 642 2215 ‘spousam'
671 2135 776 2217 inquit
806 2136 959 2199 ‘mirarer
981 2136 1034 2198 hic
1054 2135 1172 2198 dictam
1193 2128 1274 2198 νοόν.
1322 2134 1407 2215 qnod
1426 2136 1451 2197 si
1469 2133 1506 2194 ad

324 2246 448 2318 patrem
471 2237 549 2302 haec
571 2239 680 2317 sponsi
702 2237 816 2300 asierri
831 2248 978 2318 possent,
1003 2231 1075 2313 νοός,
1094 2238 1147 2300 hic
1168 2247 1346 2318 poneretur
1365 2257 1426 2319 quo
1445 2237 1507 2318 ρίο-

326 2339 558 2419 rumquesclet
574 2339 776 2420 significatu)
814 2359 880 2402 non
900 2339 982 2402 (lixit
1004 2340 1084 2422 qnid
1106 2341 1169 2402 ista
1188 2339 1367 2420 significare
1389 2347 1505 2422 possent

325 2440 445 2504 tributa
467 2443 550 2522 patri
573 2443 692 2522 sponsi.
740 2443 931 2525 excogitavit
943 2443 1082 2523 aliquam
1106 2444 1261 2505 rationem
1284 2439 1504 2524 interpretandi

325 2545 516 2620 lieineisius,
543 2545 633 2609 cuius
656 2545 734 2608 baso
755 2556 831 2608 sunt
845 2544 961 2624 verba,
990 2543 1090 2609 ‘iodea
1110 2548 1216 2610 πᾶσαν.
1262 2547 1422 2626 virgines,
1444 2545 1506 2625 opi-

325 2666 400 2726 nor,
425 2647 503 2710 dicit
525 2647 737 2729 hymenaeum
766 2659 964 2728 canuturas,
996 2666 1075 2728 qima
1103 2657 1195 2729 pater
1221 2649 1363 2728 aliusve,
1395 2648 1504 2710 inclusa

325 2750 359 2812 in
381 2750 517 2812 thalamo
539 2759 656 2831 nupta,
680 2770 791 2814 omnes
814 2752 876 2814 iam
890 2749 1004 2814 adesse
1019 2749 1163 2832 dicebat,
1188 2761 1224 2813 ut
1239 2749 1376 2813 canendi
1392 2749 1503 2812 initium

325 2852 395 2916 fieri
417 2854 548 2934 posset)
591 2871 706 2916 verum
733 2873 776 2916 ne
805 2855 851 2916 sic
879 2852 1011 2934 quidem
1034 2846 1204 2937 ἀποκλᾴξας
1232 2863 1320 2915 recte
1350 2873 1384 2916 se
1407 2851 1500 2928 habet,

311 2951 384 3020 'scd
411 2954 585 3020 dicendum
613 2966 682 3018 erat
710 2950 909 3041 κατακλᾴδας.
955 2965 1124 3037 practerea
1152 2958 1178 3018 si
1202 2957 1245 3018 ita
1267 2957 1504 3038 interpretamur

324 3057 437 3122 nihil'
428 3078 463 3120 in
485 3057 568 3122 dicto
591 3058 646 3122 illo
667 3060 751 3122 inest
771 3061 890 3142 leporis
905 3077 1011 3140 neque
1034 3061 1246 3140 perspicimus
1263 3057 1419 3140 quomodo
1439 3075 1503 3182 pro-

323 3159 472 3224 verbium
495 3160 570 3224 inde
593 3164 680 3225 nasci
702 3162 853 3244 potuerit.
1585 3239 1586 3248 ρ

409 3264 449 3326 Vt
471 3274 558 3327 recte
580 3265 686 3328 omnia
707 3265 929 3346 percipiantur
950 3264 1095 3345 intellegi
1123 3272 1250 3344 oportet
1270 3281 1336 3343 qua
1357 3264 1502 3346 significa-

324 3367 410 3430 tione
437 3359 507 3432 νοόν
536 3365 657 3430 metum
686 3386 756 3430 esse
785 3365 962 3448 putandum
991 3367 1045 3429 sit.
1091 3376 1214 3429 tantum
1240 3364 1333 3428 abest
1354 3377 1453 3430 summ
1472 3375 1504 3427 ut
1585 3355 1586 3390 c

323 3469 530 3534 Valckenario
553 3471 680 3533 miranti
704 3469 731 3532 si
754 3487 870 3552 sponsa
892 3469 976 3532 dicta
1006 3470 1048 3532 sit
1069 3462 1138 3540 νοός
1160 3467 1381 3533 adsentiamur
1401 3481 1434 3534 ut
1451 3469 1503 3530 hoc
1585 3501 1586 3504 =

324 3591 366 3636 ex
393 3581 484 3652 parte
513 3572 752 3636 scholiastarum
782 3573 1027 3655 explicationem
1053 3571 1228 3653 probemus
1250 3571 1432 3654 mirumque
1449 3569 1502 3634 on-
1585 3567 1586 3616 ἶ

322 3693 432 3738 tamam
452 3675 479 3738 si
502 3675 563 3738 alia
585 3677 627 3738 sit
649 3676 719 3738 eius
733 3673 878 3738 vocabuli
900 3673 1098 3755 significatio.
1138 3676 1259 3756 quippe
1282 3673 1335 3738 bis
1358 3696 1400 3738 eo-
1414 3674 1502 3738 utitur
1585 3677 1586 3680 ’

322 3778 524 3856 Theocritus,
548 3775 821 3840 Adoniazusarum
843 3794 941 3839 versu
963 3775 1004 3838 de
1027 3795 1091 3858 quo
1112 3774 1317 3857 disputamus
1339 3789 1370 3840 et
1391 3775 1502 3857 inhpi-
1585 3759 1586 3826 Ῠ

321 3879 470 3942 thalamio
491 3880 630 3944 Helenae
653 3898 684 3942 ν.
711 3879 763 3958 tt,
795 3870 893 3944 εδδνιν
924 3873 982 3962 μὰν
1011 3873 1184 3964 χρῄοδοντα
1211 3873 1283 3942 καθ’
1312 3872 1395 3965 ὥραν
1421 3872 1499 3942 αὐτὸν
1585 3881 1586 3938 ἶ

321 3979 416 4068 ἔχρην
437 4005 490 4061 το,
517 3977 621 4048 netto
643 3976 670 4043 δ’
697 3981 750 4048 tte
774 3975 827 4045 cdv
850 3976 936 4046 παιαί
949 3978 1139 4068 φιλοστόργῳ
1153 3975 1237 4067 παρὰ
1259 3977 1349 4067 ματρί
1371 3979 1499 4046 Παίοδοιν
1585 3965 1586 4040 ?

321 4082 353 4156 ἐς
375 4079 471 4170 βαθὺν
489 4073 624 4206 ρρδρον,
648 4079 713 4148 ἐπεί
734 4080 825 4148 καί’
808 4106 879 4156 avos
900 4082 954 4150 καί
974 4079 1043 4157 ίς’
1028 4107 1076 4148 oet
1056 4078 1159 4170 Kaio
1180 4081 1247 4156 ἔρος
1267 4083 1339 4156 δί’
1321 4107 1418 4164 arsat,
1441 4078 1499 4146 Ma-

320 4186 425 4266 νίλαε,
449 4182 505 4252 aad
518 4182 587 4261 νοὸς
602 4179 668 4252 ἄδι.
709 4187 761 4250 hic
775 4187 943 4258 maniteoe
966 4198 1013 4251 est
1034 4205 1170 4270 sponsae
1185 4189 1237 4250 vel
1260 4207 1373 4251 reeens
1394 4195 1499 4267 nnptaa
1585 4237 1586 4240 ,

321 4291 519 4372 significatio.
566 4292 744 4354 constitisse
773 4299 882 4354 autem
908 4288 970 4353 sihi
993 4299 1118 4372 metam
1141 4291 1174 4352 in
1197 4291 1257 4356 hoc
1277 4283 1353 4363 νοός
1369 4285 1497 4354 vocabuli
1585 4287 1586 4290 ’

320 4413 382 4456 usu
412 4413 454 4458 co
477 4393 613 4458 similius
641 4395 711 4458 veri
741 4403 789 4454 est
818 4411 881 4473 qno
903 4393 1005 4474 magis
1030 4391 1092 4456 sibi
1115 4394 1256 4458 constitit
1278 4395 1313 4456 in
1335 4393 1430 4456 simili
1445 4407 1497 4453 usu

319 4494 466 4560 vocabuli
479 4495 564 4577 quod
581 4504 630 4558 est
640 4488 792 4580 γαμβρόςι
811 4497 1016 4578 nequeenim
1029 4493 1112 4558 dixit
1121 4489 1256 4580 γαμβρὸν
1273 4497 1335 4560 nisi
1349 4510 1494 4578 sponsum-
