3240 5094
377 392 466 460 lrnsx
488 411 654 502 ιιιειιριιιιι
677 413 862 460 sternatur!
880 395 973 458 4870.
1194 377 1265 454 431

100 585 188 650 nnus
208 587 399 668 opinionem.
439 587 590 649 nimirum
607 607 766 650 memores
777 589 936 649 Horatiani
953 588 1038 650 iliius
1055 589 1143 671 oeprt'
1156 588 1273 650 somnio

99 691 266 769 putavimus
289 690 469 754 huiusmodi
491 690 614 771 aliquid
636 689 769 752 tortasse
793 689 1026 753 restituendum
1049 708 1136 770 esso,
1164 688 1193 754 τί
1214 686 1272 776 γὰρ

98 783 128 854 ἀν
149 783 219 858 ἀλλο
241 787 392 878 φήσαιμεν
415 797 510 858 ταῦτα
531 785 611 879 ἢτῷ
630 785 693 857 ἀντι
708 788 766 879 οὐχ
782 787 883 877 ὑγιοῦς
898 785 1038 872 detiorum
1064 794 1272 857 audacissima

98 905 140 958 est
159 899 285 960 mutatio
308 909 435 978 atquae
458 898 571 960 leniori
594 900 743 960 continuo
766 896 883 960 debeat
904 896 1037 960 cedere:
1064 899 1193 960 interim
1216 900 1273 960 hae

97 1002 138 1060 uti
158 1019 322 1080 possumus
345 1002 544 1064 excusatione
567 1001 652 1082 quod
675 1002 773 1064 multa
801 1002 834 1063 in
857 1001 915 1063 boc
936 1000 1019 1063 libro
1041 1000 1274 1064 incredibiliter

98 1101 258 1184 depravata
281 1114 365 1168 sunt.
406 1114 512 1168 tamen
534 1123 598 1166 non
614 1103 707 1167 valde
730 1104 981 1186 repugnabimus
1002 1108 1029 1168 si
1052 1107 1126 1186 quis
1143 1125 1200 1168 nos
1223 1105 1273 1167 di-

96 1208 171 1270 xerit
191 1208 295 1270 lusum
317 1210 421 1289 potius
444 1209 556 1271 lusisse
580 1227 674 1290 quam
698 1219 766 1270 arte
789 1228 862 1271 usos
884 1227 954 1271 esse
977 1210 1148 1271 severiore.

174 1311 282 1393 Capite
305 1332 352 1374 xm
381 1332 413 1393 p.
439 1313 474 1374 tt
509 1313 587 1374 haec
613 1313 764 1393 legimus,
797 1303 897 1397 ὥσπερ
920 1307 978 1398 γὰρ
1002 1307 1094 1384 εἴτις
1116 1307 1274 1397 auctricae

96 1416 147 1476 τῶν
169 1411 297 1478 θεόντων
319 1410 357 1478 τὰ
385 1408 509 1498 σώματα
529 1409 584 1499 τὴν
607 1410 702 1500 φορὰν
726 1410 824 1479 αὐτῶν
847 1409 1021 1502 ἀφῄρηται,
1052 1407 1146 1488 οθτως
1167 1411 1273 1480 καίτθ

95 1511 183 1590 τάθυς
205 1512 261 1582 ἀπὸ
282 1522 342 1582 τῶν
365 1517 536 1602 συνδέσμων
549 1514 610 1581 καί
631 1521 691 1582 τῶν
714 1510 815 1583 ἀλλων
836 1519 1018 1604 προσθηκιῖιν
1040 1514 1274 1604 ἐμποδιζόμενοι

97 1615 267 1704 ἀγανακτεῖ·
299 1617 353 1706 τὴν
376 1617 433 1707 γὰρ
456 1621 629 1707 ἐλευθερίαν
653 1616 795 1687 ἀπολλύει
820 1625 873 1686 τοῦ
896 1618 1008 1708 δρόμου
1029 1621 1081 1686 καί
1103 1620 1136 1687 τὸ
1159 1618 1200 1695 ὡς
1222 1619 1269 1688 ἀπ’

95 1719 214 1809 ὀργάνου
237 1721 392 1812 ἀφίεσθαι.
433 1727 577 1808 ineptum
600 1736 648 1790 est
664 1721 844 1812 ἀγανακτεῖ,
870 1727 1004 1790 ridicula
1019 1738 1124 1790 autem
1140 1729 1274 1790 Weiskii

96 1829 290 1911 interrogatio
316 1832 370 1892 ‘an
399 1849 457 1911 pro
485 1851 521 1893 eo
544 1832 697 1912 scriptum
720 1831 823 1894 iuerat
845 1826 1023 1915 ἀγωνίζεται
1044 1829 1143 1915 είκῆθ’
1189 1831 1274 1912 quod

96 1933 290 1998 Cumanudes
312 1935 345 1997 in
361 1935 540 2015 Speoimine
563 1934 819 1998 emendationum
842 1955 874 2016 p.
895 1936 929 1996 rt
956 1937 1120 2017 proposuit
1137 1935 1178 1998 ad
1200 1955 1275 1997 sen-

96 2039 217 2100 tentiam
233 2039 387 2120 optimum
403 2047 466 2116 est,
492 2037 549 2101 sed
564 2040 633 2100 veri
651 2057 762 2120 parum
781 2039 900 2118 simile,
927 2033 1034 2102 ἀτονεῖ.
1075 2038 1275 2102 laudabimus

95 2141 118 2200 si
139 2144 208 2222 quis
230 2143 404 2204 mutatione
429 2142 543 2222 exigua
557 2141 692 2205 verbum
709 2142 887 2204 restituerit
903 2155 935 2204 et
956 2153 1066 2224 aptum
1090 2151 1122 2204 et
1143 2143 1275 2224 pervul-

96 2253 203 2322 gatum.
257 2247 379 2308 interea
408 2265 472 2307 non
502 2244 635 2327 pudebit
664 2245 833 2325 protulisse
863 2240 1050 2310 ἀποκτείνει.
1091 2246 1276 2328 ¹Hesychius

96 2341 295 2426 instruitur,
329 2342 347 2412 ὃ
379 2347 529 2411 κινεῖσθαι
558 2343 599 2432 μή
635 2342 807 2432 δυνάμενος.
863 2369 926 2411 non
958 2367 1090 2430 prorsus
1122 2348 1276 2412 abstinuit

96 2453 222 2533 scriptor
245 2453 299 2515 ilie
321 2471 338 2514 a
362 2451 537 2516 rarioribus
559 2451 678 2514 verbis.
725 2454 772 2514 sic
794 2447 939 2537 ἀβλεμές,
965 2471 1027 2534 quo
1050 2454 1151 2515 utitur
1172 2455 1275 2534 capite

97 2574 157 2616 nux
178 2575 208 2637 p.
228 2557 268 2618 tr
286 2575 317 2618 v.
338 2557 389 2634 tt,
415 2557 612 2630 rarissimum
631 2565 678 2618 est
701 2565 733 2617 et
755 2574 858 2636 paene
880 2576 897 2618 a
920 2557 1131 2637 grammaticis
1152 2565 1276 2618 tantum

97 2658 180 2722 nobis
208 2659 371 2723 traditum.
394 2647 397 2652 ¹
420 2659 461 2722 de
482 2658 581 2722 verbo
610 2658 695 2741 quod
719 2670 768 2720 est
789 2654 938 2724 ἀκταίνειν
961 2659 1140 2722 doctissime
1164 2658 1277 2740 dispu-

96 2764 167 2824 tavit
188 2765 398 2827 Ruhnkanius
427 2765 459 2824 in
490 2764 614 2826 Timaeo
643 2782 676 2844 p.
701 2764 753 2825 ἀί).
801 2755 993 2826 ἀποκτείνειν
1023 2763 1141 2826 dicitur
1169 2763 1212 2824 ita
1241 2771 1278 2824 ut

96 2860 232 2950 ἀπαιτεῖν
257 2862 402 2930 ἀπανθεῖν
431 2877 463 2929 et
492 2867 590 2929 multa
612 2868 742 2946 similia,
777 2868 1038 2948 significationem
1061 2876 1166 2931 autern
1190 2873 1277 2947 patet

96 2987 161 3032 cum
182 2972 364 3035 necessaria
385 2988 517 3051 prorsus
540 2989 726 3052 congruere.

176 3075 286 3156 Capite
308 3093 392 3137 mxiv
420 3095 452 3156 p.
479 3075 518 3134 55
548 3073 589 3136 de
611 3072 771 3154 Hyperide
801 3073 878 3135 haec
906 3073 1072 3153 dicuntur,
1106 3064 1218 3159 ἀφατοί
1245 3091 1277 3136 τε

96 3173 157 3261 περί
173 3171 261 3242 αιἰτάν
277 3176 352 3240 εἰσιν
369 3171 540 3260 ἀστεϊσμυί,
566 3171 679 3261 μυκτὴρ
699 3171 947 3256 πολιτικώτατος,
972 3171 1108 3261 είιγίνεια
1117 3225 1128 3254 ,
1150 3172 1184 3240 τὸ
1200 3171 1278 3239 κατὰ

96 3275 143 3350 τάτ
171 3279 325 3366 εἰρωνείας
355 3274 591 3365 εάπάλσιιστρον,
621 3273 789 3364 σκιιίμματα
817 3275 872 3343 οὐκ
902 3271 1021 3364 ἄμουσα
1043 3275 1106 3344 οὔθ’
1135 3274 1278 3364 ἀνάγωγα

96 3379 167 3448 κατὰ
180 3379 408 3457 τοίιςἏττικυθς
429 3381 572 3462 ἐκείνους,
599 3377 666 3446 ἀλλ’
687 3381 871 3467 ἐπικείμενα,
897 3377 1059 3469 ὅιασυρμάς
1080 3405 1113 3447 τε
1135 3383 1278 3455 ἐπιδέξιος

97 3484 143 3549 καί
162 3484 238 3553 notri
260 3483 295 3552 τὸ
317 3483 451 3570 κωμικὸν
471 3481 522 3550 καί
545 3481 619 3571 μετὰ
640 3489 762 3558 παιδιᾶς
784 3482 930 3573 εὐστόχου
961 3487 1099 3573 κέντρον,
1131 3481 1277 3571 ἀμίμητον

98 3588 145 3668 δέ,
169 3592 280 3669 εἰπεῖν,
304 3587 337 3654 τὸ
353 3591 385 3654 ἐν
399 3592 474 3654 πᾶσι
488 3587 601 3678 τούτοις
623 3587 833 3676 ἐπαφρόδιτον.
874 3593 958 3654 inter
980 3595 1116 3674 μυκτῆρα
1138 3601 1170 3653 et
1184 3589 1278 3675 εἰρω-

97 3692 187 3774 νείας,
212 3699 309 3758 immo
332 3695 363 3756 in
387 3695 446 3758 bac
467 3703 530 3758 tota
550 3693 762 3776 descriptione
786 3697 895 3776 inepte
911 3705 1164 3756 conmemoratur
1185 3688 1277 3778 εὐγέ-

97 3819 174 3876 νεια,
197 3800 366 3861 verissimc
380 3810 487 3861 autem
503 3798 682 3860 restitutum
702 3808 734 3860 et
752 3798 840 3861 docte
857 3799 1047 3880 explicatum
1064 3808 1113 3860 est
1134 3797 1279 3859 aRuhn-

97 3891 195 3964 λιεοίυΙ
223 3901 388 3986 ἐμμέλεια,
413 3901 446 3964 id
474 3910 522 3963 est
548 3901 635 3982 lepos
663 3912 695 3964 et
716 3911 867 3964 venustas
896 3903 929 3964 in
953 3899 1095 3962 iocando.
1141 3909 1303 3980 nugatura

97 4003 229 4087 Toupius
251 4025 324 4069 curn
346 4014 436 4087 putat
457 3997 627 4088 εὐγένειαν,
657 4005 804 4086 quoniam
827 4003 904 4066 alibi
927 4013 1012 4066 recte
1034 4003 1189 4066 tribuitur
1209 4021 1279 4065 ser-

97 4111 193 4189 moni,
229 4111 283 4172 hio
311 4109 413 4171 locum
441 4107 572 4170 babere.
626 4125 733 4188 neque
762 4107 889 4170 Iahnius
918 4116 1083 4188 postquam
1118 4109 1278 4188 egregiam

98 4209 274 4276 Ruhnkenii
292 4210 546 4274 emendationem
563 4211 733 4292 adscripsit
754 4209 874 4273 addere
889 4209 1029 4273 debebat
1044 4211 1175 4274 fortasse
1198 4213 1279 4274 scri-

97 4311 234 4380 bendum
257 4333 328 4378 esse
351 4309 504 4391 εὐτέλεια,
533 4314 618 4396 quod
640 4315 771 4375 minime
793 4312 939 4394 quadrat.
986 4331 1097 4378 verum
1119 4333 1183 4376 non
1206 4333 1279 4379 sue-

99 4419 186 4482 cessit
206 4437 437 4500 usquequaque
459 4419 649 4508 itubnkenio
671 4414 850 4480 emendatio
873 4419 906 4480 in
936 4419 1002 4500 bis,
1035 4415 1202 4501 σκώμματα
1224 4413 1279 4482 οὐκ

99 4507 212 4602 ἀμουσα
234 4517 298 4587 οὐδ’
319 4515 463 4604 ἀνάγωγα
485 4516 563 4584 κιιτά
584 4515 811 4593 τούςἈι-τικοθς
832 4519 982 4602 ἐκείνους,
1007 4515 1073 4587 ἀλλ’
1093 4519 1274 4605 ἐπικείμενα.
