3184 5108
363 373 437 445 228
660 389 747 478 lupar
769 405 934 447 inertem
958 403 1133 446 aasrrrrarn
1153 385 1245 444 4863.

515 578 566 639 iti.
607 576 816 658 cynocephali
851 593 977 657 qnoque
1012 575 1045 636 in
1078 574 1167 637 lndie
1202 575 1288 638 nasoi
1322 572 1525 656 perhibentur,

449 699 584 761 quornm
607 691 681 744 sunt
703 683 814 743 canina
837 680 949 760 capita,
975 689 1007 740 et
1029 699 1121 741 omne
1144 678 1279 741 verbum
1302 678 1387 759 quod
1410 679 1528 758 loquun-

450 795 502 848 tur
526 785 717 848 intermixtis
740 793 946 865 oorrumpunt
968 781 1145 860 latratibus
1171 794 1202 844 et
1225 800 1287 845 non
1312 783 1449 844 homines
1465 801 1528 842 cru-

449 888 521 950 dam
544 908 672 952 carnem
696 889 914 952 manducando
936 898 984 950 set
1007 888 1090 970 ipsas
1114 889 1277 950 imitantur
1299 885 1425 951 bestias.

516 1027 566 1088 tt.
600 1029 639 1089 lit
659 1026 765 1090 ierunt
785 1046 885 1108 genus
901 1045 971 1088 esse
990 1027 1151 1087 hominum
1167 1045 1246 1109 quos
1261 1026 1421 1108 appellant
1434 1025 1529 1086 Graeci

449 1129 613 1211 sciapodas
635 1151 671 1193 eo
693 1130 779 1212 quod
807 1151 841 1192 se
863 1129 904 1191 ab
926 1129 1039 1191 ardore
1062 1130 1137 1192 solis
1165 1130 1284 1211 pedum
1307 1129 1419 1192 umbra
1440 1131 1531 1190 iacen-

451 1244 497 1296 tes
532 1236 673 1314 resupini
707 1233 897 1296 defendunt.
957 1243 1031 1295 sunt
1064 1234 1148 1295 enirn
1182 1233 1368 1296 celerrimae
1402 1245 1528 1294 naturae.

449 1338 573 1418 singula
596 1348 718 1399 tantum
742 1339 773 1400 in
790 1337 928 1419 pedibus
943 1355 1035 1398 crura
1059 1336 1177 1399 hebent
1193 1349 1224 1400 et
1243 1357 1351 1400 eorum
1375 1357 1467 1418 genua
1488 1339 1531 1397 in-

450 1441 583 1503 llexibili
605 1440 779 1504 durescunt
802 1442 987 1522 conpagine.

367 1581 404 1640 tt
517 1581 567 1641 l8.
608 1582 686 1643 Sunt
711 1580 854 1642 homines
882 1579 914 1640 in
936 1578 1067 1641 Oriente
1096 1579 1128 1639 in
1151 1578 1314 1642 cuiusdam
1338 1582 1434 1642 eremi
1455 1589 1529 1640 resta

451 1682 621 1746 solitudine
648 1694 809 1746 morantes
836 1684 908 1763 qui,
940 1692 974 1744 ut
1003 1682 1191 1762 perhibent,
1224 1683 1355 1746 barbam
1385 1681 1530 1764 usquead

451 1807 552 1868 genua
575 1789 810 1868 pertingentem
833 1783 950 1847 hebent
975 1796 1007 1848 et
1029 1785 1127 1848 crudo
1149 1787 1236 1866 pisce
1252 1797 1284 1848 et
1298 1805 1447 1867 aquarum
1468 1797 1531 1848 sunt

451 1891 565 1954 haustu
587 1892 744 1952 viventem

517 2030 567 2088 ta.
607 2030 647 2090 Et
669 2031 701 2089 in
725 2029 774 2089 his
797 2027 1040 2090 incredibilibus
1062 2027 1220 2108 quoddam
1251 2049 1353 2109 genus
1380 2030 1529 2108 utriusque

368 2132 406 2193 th
450 2151 547 2194 sexus
561 2131 764 2208 describitur,
789 2132 843 2210 qui
861 2131 1024 2194 dexteram
1046 2151 1212 2194 mammam
1228 2131 1355 2193 virilem
1375 2151 1430 2212 pro
1450 2150 1530 2192 exer-

451 2234 563 2296 cendis
594 2233 746 2316 operibus
779 2244 811 2295 et
839 2233 879 2295 ad
909 2233 989 2296 letus
1018 2235 1205 2298 nutriendos
1234 2236 1393 2298 sinistram
1428 2235 1530 2297 hebent

452 2336 652 2401 muliebrem.
699 2357 777 2419 quos
801 2339 884 2399 inter·
906 2359 940 2400 se
964 2336 1087 2400 vicibus
1117 2339 1258 2402 coeundo
1289 2338 1395 2402 ierunt
1415 2340 1530 2401 alternis
1578 2347 1579 2360 ¹

452 2461 616 2523 generare.

366 2724 421 2771 tolo
442 2719 699 2784 commonuimus,
724 2719 822 2782 pedum
848 2717 916 2768 altos
938 2731 1115 2786 novenorum,
1142 2721 1201 2770 sine
1219 2723 1294 2771 veste
1318 2723 1344 2771 et
1366 2721 1457 2772 nudos.
1491 2719 1529 2768 hos

365 2805 423 2856 indi
441 2804 655 2870 ichthyophagos
666 2805 810 2870 appellent.
842 2806 868 2856 hi
882 2807 981 2856 assueti
1001 2804 1157 2856 llumlnihus
1176 2807 1260 2870 megia
1272 2821 1354 2872 quam
1370 2809 1445 2858 terris
1457 2811 1526 2857 erant.

365 2894 449 2944 crudo
472 2892 546 2956 pisce
569 2895 596 2941 et
618 2903 749 2955 equarum
773 2891 872 2942 haustu
896 2891 1030 2943 vivebant.
1145 2898 1167 2943 t.
1193 2905 1234 2943 rvr
1253 2893 1292 2944 De
1311 2893 1489 2959 cenocephalis
1504 2892 1525 2942 l.

365 2993 406 3027 ιιι
423 2976 604 3043 cynocephali
625 2978 665 3027 li?
733 2977 877 3028 Cinoceleli
897 2979 927 3040 B,
947 2977 1125 3041 cenocephali
1144 2979 1174 3029 Δ.
1261 2983 1288 3029 h.
1310 2979 1448 3044 loquentur
1464 2981 1489 3028 A.

366 3069 390 3115 t.
411 3065 557 3116 emitentur
573 3063 603 3114 A.
675 3063 833 3128 lupumve
850 3066 881 3114 de
899 3062 1526 3129 civ.deixr18quiddioamdecynoeepha·
1576 3061 1577 3106 ἕ

367 3153 407 3212 lis,
428 3163 544 3215 quorum
562 3151 658 3201 canina
676 3151 764 3214 capita
782 3144 863 3214 alque
882 3152 938 3216 ipse
957 3150 1068 3202 latratus
1093 3152 1177 3215 magis
1201 3149 1303 3202 bestias
1321 3165 1402 3216 quam
1424 3151 1526 3200 homines

366 3235 548 3288 confitentur?
580 3241 638 3299 port
654 3237 852 3301 ichthyophagos
869 3243 1049 3288 conmemorat
1069 3238 1254 3300 cenocephotos
1277 3239 1389 3300 epistula
1407 3235 1526 3288 licaonia

364 3339 390 3387 p.
403 3323 446 3373 tt.
536 3327 560 3374 5.
580 3336 631 3372 xvir
650 3323 687 3374 De
706 3323 902 3389 scinopodlsA‚
928 3337 959 3373 ιι
975 3323 1174 3389 SciapodeeB?
1243 3338 1312 3388 quos
1323 3325 1455 3390 appellent
1470 3319 1525 3384 greci

365 3410 569 3476 scinopodosA,
593 3421 662 3474 quos
680 3411 768 3473 graeci
787 3409 947 3475 scinopodae
964 3411 1099 3476 appellant
1117 3412 1147 3461 B.
1220 3415 1245 3461 t.
1266 3413 1385 3476 resopiui
1399 3412 1427 3462 a.
1469 3408 1524 3458 enim
1575 3461 1576 3480 χ

365 3511 407 3546 om
425 3497 455 3547 Β.
545 3499 570 3546 8.
590 3495 691 3546 habent
709 3497 734 3546 in
753 3497 868 3562 pedihus
886 3509 963 3546 crura
977 3498 1008 3548 B.
1080 3502 1145 3548 the.
1166 3497 1357 3548 inllexihlleA.
1426 3501 1524 3546 acon-

366 3583 462 3647 paglne
480 3581 627 3634 durescunt
645 3582 674 3634 Β.
721 3583 883 3647 depastione
900 3585 931 3633 de
948 3585 997 3634 cio.
1017 3586 1116 3634 deiru
1135 3587 1150 3633 s
1170 3583 1233 3633 item
1253 3583 1343 3635 lerunt
1360 3597 1418 3636 esse
1439 3585 1523 3644 gentem

367 3667 412 3718 uhi
430 3667 534 3732 singule
552 3681 631 3720 crura
650 3671 675 3719 in
695 3668 809 3734 pedihus
827 3669 937 3730 hebeni,
964 3683 1014 3720 aec
1034 3670 1164 3734 poplitem
1188 3669 1309 3731 nectunt,
1336 3675 1365 3720 et
1382 3671 1440 3722 sunt
1461 3667 1524 3716 mire·

365 3755 427 3806 hilis
445 3755 604 3806 celeritatis:
631 3767 699 3821 quoe
716 3755 858 3820 sciapodas
877 3759 980 3816 vocent,
1007 3754 1079 3822 quod
1099 3769 1146 3820 per
1163 3759 1269 3808 aestum
1294 3758 1321 3807 in
1343 3761 1413 3808 terra
1430 3753 1523 3806 iacentes

367 3842 487 3906 resupini
511 3841 606 3892 ambra
629 3853 658 3891 se
682 3841 783 3906 pedum
806 3845 955 3906 protegent.
1050 3846 1090 3892 to.
1111 3854 1172 3892 xvia
1191 3843 1230 3892 De
1247 3842 1372 3894 herbosis
1396 3837 1522 3893 hominihus

366 3927 396 3987 Α,
416 3939 455 3976 ιιι
475 3927 603 3978 Homines
621 3927 732 3978 berham
751 3940 837 3991 usque
853 3929 887 3978 ad
906 3939 990 3992 genua
1010 3928 1206 3992 pertingentem
1219 3927 1350 3980 hahentes
1364 3930 1405 3981 h?
1444 3921 1522 3975 heremi

366 4012 419 4062 AB.
474 4014 655 4065 vaeteomB.
728 4017 769 4064 tt.
790 4014 930 4064 latitudine
947 4015 977 4063 Α.
1032 4015 1167 4064 uiomtl.
1223 4013 1305 4065 barbe
1323 4016 1354 4065 Α.
1424 4019 1451 4064 tr
1476 4019 1521 4074 pet·

367 4101 520 4162 tangentem
540 4099 569 4166 li.
641 4099 741 4151 crudos
765 4101 852 4166 pisces
874 4101 904 4150 Α.
995 4104 1035 4150 ti.
1055 4102 1134 4150 austu
1153 4099 1182 4149 Α.
1279 4105 1319 4151 tt.
1341 4100 1521 4152 lanimem

368 4186 451 4234 mixto
468 4197 550 4235 sexus
568 4185 599 4244 t,
625 4199 674 4234 ιιιι
692 4185 870 4252 Androgynee
890 4187 930 4236 li?
982 4185 1098 4251 quodem
1117 4187 1146 4236 Α.
1202 4199 1287 4250 genus
1306 4193 1348 4239 est
1365 4189 1394 4238 A.
1444 4182 1520 4234 atriti

367 4283 419 4335 qua
443 4283 523 4322 sexus
546 4283 587 4320 ora
606 4272 637 4322 B.
732 4275 771 4321 te.
793 4273 949 4324 discribitur
966 4273 997 4332 A,
1023 4273 1150 4324 scribitur
1167 4274 1197 4325 a.
1297 4277 1339 4327 ta.
1360 4261 1519 4325 staaltd

367 4357 401 4407 ed
421 4357 463 4406 tii
496 4357 655 4421 Augustinus
673 4359 703 4407 cle
721 4361 769 4408 cio.
789 4361 830 4408 dci
846 4372 888 4408 rvr
907 4363 922 4409 a
941 4358 1102 4424 quibusdem
1121 4360 1261 4424 utriusque
1285 4371 1366 4412 seam
1388 4371 1442 4411 esse
1461 4355 1519 4402 neta·
1573 4349 1574 4358 ¹

367 4455 435 4504 ram,
460 4447 487 4494 et
504 4444 625 4494 dextram
645 4457 790 4494 mammam
808 4445 923 4508 virilem,
950 4446 1086 4496 sinisiram
1105 4446 1274 4508 muliebrem,
1293 4446 1444 4510 vicibusque
1459 4440 1518 4488 atter·
1573 4499 1574 4508 ἵ

368 4530 409 4579 uie
426 4528 548 4580 coeundo
566 4533 594 4580 et
611 4531 718 4593 gignere
736 4533 763 4582 et
780 4545 883 4596 perere.
