3184 5108
322 337 397 408 280
616 354 704 413 lenm
724 371 891 416 moriones
912 373 1095 417 armassem
1113 356 1207 417 tsot.

321 543 458 606 liberum
481 545 601 606 exitum
631 563 701 606 esse
727 555 760 607 et
781 565 840 626 per
861 564 953 608 omne
977 565 1091 628 corpus
1113 545 1230 627 lugam.
1281 544 1396 608 deinde
1415 546 1493 609 aliud

319 657 540 726 argumentum
574 645 662 708 addit
690 645 721 730 (§
743 647 787 729 9),
826 648 910 729 quod
940 649 972 710 in
1000 650 1116 731 optimo
1152 649 1235 710 libro
1265 648 1427 711 Pithoeano
1452 651 1494 710 sic

319 750 565 830 scriptumest,
598 751 698 832 itoque
726 752 933 831 quaerendum
962 759 1007 813 cst
1034 771 1075 814 oo
1101 753 1200 833 possit
1227 751 1396 814 inmortalis
1422 771 1490 814 csse.

318 851 372 914 ltoc
398 852 517 934 quidem
545 861 660 915 certum
686 853 772 932 lohe,
810 856 840 917 si
859 863 1013 936 superstes
1040 862 1084 918 est
1111 855 1250 936 corpori,
1286 861 1391 935 preter
1415 855 1493 916 ilum

318 955 402 1016 oullo
429 974 538 1037 ponere
562 975 652 1037 posse
677 964 805 1039 propter
833 957 911 1039 qood
940 977 1000 1018 ooo
1025 959 1150 1039 poterit,
1183 958 1325 1038 quoniam
1347 957 1431 1020 mullo
1451 960 1493 1018 io-

317 1058 488 1120 mortalitas
517 1077 584 1121 cum
606 1062 779 1140 conceptione
801 1068 846 1123 est
872 1077 926 1123 oec
954 1061 1113 1142 quamquem
1141 1061 1270 1121 oooeiom
1299 1067 1417 1122 oeteroo
1445 1069 1491 1122 cst

318 1171 387 1241 post
410 1163 509 1242 itoqree
530 1162 583 1222 alii
606 1161 680 1223 libri
704 1173 745 1241 et,
771 1173 805 1225 ut
828 1162 966 1241 videtur,
998 1164 1093 1225 etiam
1115 1163 1237 1225 Thuani
1260 1161 1360 1223 codex
1381 1161 1492 1224 addunt

317 1264 353 1325 de
376 1263 447 1326 illo:
477 1264 536 1327 sed
565 1266 623 1326 hoc
646 1283 709 1328 non
740 1265 814 1328 iacit
841 1275 1045 1328 momentum.
1092 1276 1159 1329 tum
1186 1283 1248 1326 non
1276 1273 1381 1346 preter
1409 1264 1492 1327 habet

317 1367 438 1430 Thuani
462 1367 563 1430 codex
585 1366 643 1430 sod
666 1376 804 1450 propter,
835 1387 941 1449 neque
960 1371 1079 1450 poterit,
1113 1367 1181 1446 sed,
1214 1377 1249 1430 ut
1270 1366 1400 1430 videtur
1425 1367 1493 1429 alia-

317 1488 380 1550 que
410 1470 603 1552 exemplaria
632 1470 762 1550 habent,
798 1472 890 1553 perit,
923 1481 953 1532 et
982 1471 1041 1534 hoc
1067 1470 1215 1552 quidem,
1249 1479 1283 1533 ut
1307 1470 1489 1548 videbimus,

317 1575 446 1636 rectius.
498 1573 579 1635 nihil
606 1573 759 1636 adiuvant
788 1575 885 1635 ceteri
921 1573 1012 1652 libri,
1051 1573 1110 1636 sed
1143 1593 1218 1654 pars
1249 1592 1360 1636 eorum
1391 1574 1423 1634 in
1451 1573 1492 1633 his

316 1676 397 1737 male
427 1676 616 1756 interpolata
644 1686 704 1738 est.
758 1695 863 1757 neque
896 1677 1040 1737 homines
1068 1675 1151 1738 docti
1179 1677 1235 1757 qui
1264 1695 1302 1738 ea
1332 1674 1492 1738 emendare

315 1778 509 1841 studuerunt
531 1797 646 1861 operae
676 1780 814 1860 pretium
844 1777 998 1842 iecerunt.
1044 1789 1202 1859 postremo
1225 1781 1358 1841 Haasius
1380 1777 1492 1841 duobus

314 1880 424 1944 verbis
454 1883 628 1944 interiectis
656 1883 699 1944 ita
727 1882 870 1962 scripsit,
906 1889 1032 1962 praeter
1060 1880 1139 1944 illud
1169 1882 1254 1944 llum
1282 1882 1367 1944 nollo
1395 1897 1492 1964 genem

273 1987 423 2066 osperire
453 2003 558 2066 posse,
593 1993 721 2066 propter
748 1985 827 2066 guod
858 1973 925 2046 ooo¹
955 1986 1047 2066 perit.
1101 2003 1213 2047 verum
1250 1984 1329 2046 haec
1363 1985 1492 2046 Senecae

313 2091 619 2167 argumentationem
653 2107 783 2169 prorsus
817 2097 1018 2170 pervertunt.
1078 2097 1195 2150 rectam
1233 2088 1490 2148 ratiocinationem

312 2192 409 2253 unius
430 2190 593 2268 vocabuli,
626 2192 659 2252 in
687 2209 749 2270 quo
779 2189 852 2251 libri
881 2191 1070 2252 Pithoeanns
1099 2199 1130 2252 et
1159 2190 1281 2252 Thuani
1312 2190 1345 2250 in
1375 2188 1491 2250 diversa

312 2292 448 2372 abeunt,
481 2292 538 2355 sed
560 2304 595 2356 ιιι
617 2293 658 2355 ab
681 2293 792 2356 eodem
814 2291 967 2355 vocabulo
989 2311 1042 2356 cos
1063 2291 1229 2354 aberrasse
1258 2291 1421 2373 adpareat,
1450 2291 1491 2352 le-
1580 2361 1581 2374 χ

311 2397 443 2458 nissima
464 2399 636 2459 mutatione
659 2397 868 2474 restituimus,
893 2395 947 2458 iroc
961 2397 1080 2477 quidem
1095 2403 1210 2458 certum
1231 2393 1318 2468 lobs,
1343 2396 1373 2457 si
1391 2413 1492 2475 soper—
1579 2375 1581 2527 4

311 2507 371 2562 stes
400 2507 446 2562 est
472 2501 610 2581 corpori,
646 2517 771 2563 morsm
799 2499 884 2560 illum
910 2499 994 2561 nullo
1021 2517 1130 2582 gemere
1154 2515 1244 2580 posse
1269 2505 1397 2580 propter
1422 2495 1492 2579 guod

311 2621 370 2664 ooo
389 2604 482 2684 perit.
1579 2661 1580 2664 ,

398 2706 432 2766 ln
454 2706 599 2786 proxima
621 2704 769 2784 epistula,
801 2704 842 2763 58
865 2705 900 2764 at
935 2701 996 2784 (27)
1027 2705 1106 2766 haec
1132 2714 1314 2784 narrantur,
1346 2723 1417 2766 oum
1443 2703 1490 2764 lor

310 2810 387 2884 scis,
416 2815 504 2889 puto,
538 2807 657 2868 Plotooi
684 2806 857 2889 deligentius
887 2824 961 2869 scae
988 2806 1125 2888 beneficio
1152 2809 1310 2890 cootipssse
1338 2807 1415 2889 quod
1438 2825 1490 2866 oo-

310 2912 367 2973 toli
387 2929 442 2972 suo
464 2909 590 2972 decessit
618 2917 647 2971 ct
667 2927 783 2971 oooom
805 2927 901 2972 unum
928 2915 1016 2990 otqtte
1044 2913 1252 2991 octogesimum
1280 2911 1407 2992 inplevit
1432 2911 1489 2972 sios

310 3015 376 3076 ullo
397 3013 583 3075 deductione.
630 3011 695 3074 idco
717 3013 802 3095 mogi
826 3014 879 3094 qui
903 3011 983 3094 forte
1005 3009 1127 3074 Athenis
1157 3020 1248 3075 eroot
1275 3014 1490 3076 iooroloocroot

311 3116 458 3198 defuncto,
498 3115 657 3197 amplioris
682 3114 781 3197 foisse
809 3115 901 3176 sortis
929 3133 1020 3196 quom
1046 3116 1197 3178 lumoooe
1225 3118 1298 3192 roti,
1328 3119 1399 3198 putu
1427 3133 1489 3178 cot·

310 3225 491 3282 commosset
509 3217 764 3301 perfectissimum
786 3235 956 3296 numeram,
989 3235 1075 3299 quem
1096 3237 1202 3282 novem
1223 3220 1326 3282 novies
1353 3217 1489 3299 multipli-

310 3331 379 3386 coto
407 3329 595 3403 conponunt:
630 3339 690 3381 otoo
719 3318 820 3382 dubito
847 3322 918 3402 prio
952 3329 1086 3402 porotus
1116 3329 1193 3384 esset
1217 3340 1333 3404 paucos
1361 3321 1426 3384 ἀίει
1452 3337 1487 3381 er

309 3428 370 3488 isto
397 3443 518 3487 summo
544 3431 571 3486 et
599 3423 782 3502 sacrificium
810 3424 972 3485 remittere.
1023 3423 1081 3486 sed
1111 3433 1244 3506 parolus
1272 3433 1350 3488 esset
1377 3424 1486 3486 dictum

310 3539 358 3590 est
387 3539 529 3609 tempore
552 3525 644 3588 verbi
671 3543 735 3588 non
765 3535 862 3587 recto.
909 3527 998 3607 atqui
1026 3545 1089 3589 non
1117 3535 1249 3608 parolus
1274 3535 1353 3590 esset
1379 3527 1486 3589 habent

309 3634 427 3714 optima
456 3629 668 3710 exemplaria,
704 3627 762 3690 sed
792 3629 997 3692 Pithoeanum
1022 3636 1155 3711 puratos
1181 3639 1224 3706 et,
1262 3631 1385 3693 Thuani
1415 3629 1485 3691 liber

305 3741 402 3817 porat
430 3742 468 3797 et.
526 3733 600 3794 hino
633 3731 820 3812 intellegere
853 3731 945 3794 nobis
972 3731 1120 3794 videmur
1153 3733 1306 3796 Senecam
1341 3736 1382 3796 ita
1416 3731 1485 3794 sori-

307 3838 428 3919 psisse,
465 3837 537 3918 quio
566 3842 802 3898 consummasset
824 3834 1079 3916 perfectissimum
1110 3853 1288 3914 numerum,
1325 3854 1411 3919 ptem
1438 3853 1484 3894 oo-

307 3959 375 4003 oem
407 3942 510 4002 movim
543 3937 743 4018 multiplicato
770 3945 955 4018 conponunt,
995 3955 1055 4000 oon
1085 3936 1186 4000 dubim
1214 3942 1287 4021 prio
1315 3957 1437 4004 rsmrrs
1461 3943 1484 3996 et

305 4063 420 4126 paucos
456 4043 521 4105 dies
553 4059 595 4102 em
628 4041 689 4102 isto
724 4057 844 4102 semoto
876 4048 906 4103 et
936 4041 1120 4122 sacrificium
1152 4044 1313 4104 remittere.
1381 4041 1483 4103 cohae·

309 4156 381 4209 rent
409 4147 486 4208 haec
513 4146 557 4204 ita
585 4151 620 4205 ut
645 4141 687 4204 ad
711 4125 845 4223 perotus
873 4142 1111 4205 consummandi
1139 4143 1276 4207 verbum
1305 4145 1482 4224 intellegen-

307 4249 384 4312 dum
407 4248 459 4309 sit.

394 4353 460 4414 Non
484 4359 570 4412 recte
593 4349 678 4410 omni
706 4358 860 4429 exparte
883 4367 918 4410 se
941 4346 1036 4410 habet
1062 4367 1144 4430 quae
1174 4351 1207 4411 in
1230 4351 1364 4432 epistula
1386 4351 1423 4412 82
1446 4347 1479 4406 tt

313 4455 372 4536 (taff
401 4455 551 4534 legimus,
583 4467 666 4512 mors
693 4452 772 4514 inter
800 4451 855 4514 illo
882 4459 926 4514 est
953 4469 1030 4533 quoe
1058 4453 1143 4514 molo
1174 4453 1293 4535 guidem
1321 4473 1380 4518 ooo
1407 4461 1477 4521 om,
