3184 5108
307 292 380 366 296
604 307 692 368 luam
715 325 880 370 tremorem
902 326 1079 369 aasrrrravrr
1104 307 1198 366 ⁴865.

392 498 500 576 ltaque
523 497 649 576 siquem
672 493 828 558 habemus
850 515 979 558 sensum
1002 496 1107 576 poesis
1125 495 1322 576 Sophocliae,
1349 497 1398 558 illa
1412 517 1482 578 quaa

306 619 363 663 nos
391 617 517 680 quoque
547 597 718 679 depravata
748 617 818 662 esse
848 597 1014 678 ducimus,
1046 591 1116 669 Διὸς
1144 588 1270 683 εὔφρονι
1296 592 1421 684 βήματι,
1448 600 1481 662 ab

306 701 488 764 hominibus
510 701 610 764 doctis
632 719 696 764 nou
718 721 756 765 ea
777 714 867 783 parte
887 720 949 782 qua
972 699 1095 764 adlecta
1117 711 1191 764 suut
1214 711 1323 764 curata
1346 721 1413 764 esse
1433 703 1481 764 ad-

305 814 407 886 paret.
454 807 549 866 immo
571 805 617 866 sic
638 806 743 885 potius
766 804 952 885 Sophoclem
975 805 1140 885 scripsisse
1163 805 1391 868 existimamus.

574 909 690 992 κρυπτᾷ
711 901 739 970 τ’
766 901 867 991 ἀχέων
890 906 922 970 ἐν
944 898 1006 990 ἥβᾳ

574 1001 695 1095 ὄλβιος,
715 999 752 1073 δν
775 1003 795 1072 δ
817 1006 921 1072 κλεινὰ

573 1117 613 1198 γδι
634 1109 706 1177 ποτὲ
728 1107 913 1196 Μυκηναίων

576 1215 690 1287 δέξεται
711 1209 902 1301 εὐπατρίδαν,
928 1211 1019 1288 met<
1041 1205 1165 1302 εὔφρονι

575 1313 687 1404 βήματι
709 1313 839 1404 μολόντα
861 1316 950 1384 τάνδε
973 1323 1028 1403 γᾶν
1049 1315 1198 1405 Ὀρέσταν.
1576 1391 1577 1404 μ

305 1444 368 1486 uon
398 1435 545 1506 putamus
574 1424 713 1504 aliquem
742 1434 806 1485 tam
836 1424 979 1504 ineptum
1010 1422 1076 1486 fore
1106 1431 1141 1486 ut
1172 1425 1205 1484 in
1229 1425 1384 1503 singulari
1404 1417 1483 1494 ποδός
1576 1405 1577 1454 l

305 1527 449 1590 vocabuli
472 1546 604 1590 numero
627 1525 782 1589 offendat:
816 1535 903 1588 certe
933 1524 1088 1588 dubitatio
1117 1527 1182 1588 tolli
1214 1536 1317 1607 potest
1346 1545 1407 1588 nou
1428 1546 1482 1589 uuo

304 1639 468 1712 poetarum
500 1630 654 1708 carmine,
687 1630 787 1691 veluti
816 1629 875 1690 hoc
903 1627 1068 1710 Euripidis
1097 1631 1171 1692 llec.
1198 1649 1228 1690 v.
1248 1630 1323 1708 tte,
1356 1625 1406 1691 καὶ
1432 1623 1480 1713 μὴν

300 1726 458 1803 Ὀδυσσεὺς
488 1729 610 1818 ἔρχεται
633 1731 747 1816 σπουδῇ
773 1726 875 1803 ποδός.
929 1733 1061 1812 pulchre
1089 1742 1196 1794 autem
1219 1733 1349 1795 Orestes
1376 1731 1482 1795 dicitur

304 1837 383 1899 laeto
405 1855 517 1916 gressu
539 1835 674 1916 patriam
697 1836 893 1916 repetiturus
909 1854 989 1898 esse.
1030 1836 1102 1898 lacti
1123 1835 1352 1916 significatione
1375 1826 1480 1921 εὔφρων

303 1939 422 2002 dicitur
451 1940 613 2000 Homerico
642 1956 803 2016 sermone,
833 1939 869 1999 ll.
895 1958 931 1999 xv
954 1937 994 1999 97
1025 1933 1095 2024 αδδέ
1123 1934 1152 2002 τί
1178 1961 1257 2024 φημι
1286 1935 1382 2001 Πᾶσιν
1409 1932 1480 2022 ὁμῶς

263 2036 400 2126 ινδνμδν
428 2026 648 2126 κεχαρησέμεν,
677 2029 745 2104 οὔτε
768 2039 914 2125 βροτοῖσιν
937 2031 1014 2104 Οὔτε
1037 2029 1145 2118 δεσῖς,1
1174 2036 1204 2104 εἴ
1227 2039 1282 2126 πέμ
1303 2065 1347 2113 τις
1374 2039 1418 2104 ἔτι
1436 2044 1479 2104 νδν

305 2143 441 2208 δαίνυται
462 2134 594 2230 εὔφρων,
618 2143 678 2206 0d.
698 2163 756 2206 xvn
776 2143 837 2204 530
860 2134 943 2207 αὗται
966 2138 994 2206 δ’
1020 2139 1058 2229 ἠὲ
1080 2137 1192 2230 tappet
1213 2138 1382 2229 καθήμεναι
1402 2144 1479 2230 ἑψια-

303 2241 407 2311 άσθων
423 2241 465 2312 Ἦ
489 2241 580 2312 edroi)
602 2240 679 2310 κατὰ
701 2240 831 2329 δώματ’,
858 2244 923 2310 ἐπεί
944 2270 1029 2333 σφισι
1051 2242 1145 2331 duplic
1167 2241 1298 2333 ἐόφμων.
1346 2249 1481 2310 similiter

304 2350 458 2414 Pindarus
481 2353 602 2414 locutus
625 2360 673 2412 est
695 2349 820 2430 Pyth.x
844 2351 896 2430 λθ,
930 2343 1031 2436 δάφνα
1060 2373 1092 2414 τε
1120 2349 1237 2436 χρυσέα
1258 2345 1354 2434 κόμας
1377 2343 1480 2434 ἀναδή-

304 2475 407 2525 σαντες
440 2447 673 2523 εἰλαπινάζοισιν
707 2446 878 2538 εὐφρόναις,
921 2453 1006 2534 quod
1039 2472 1102 2515 nou
1141 2462 1226 2516 recte
1264 2456 1480 2536 interpretatur

304 2557 498 2620 scholiastes.
546 2576 651 2638 neque
675 2557 845 2637 quicquam
871 2575 983 2618 causae
1013 2566 1062 2619 est
1089 2577 1147 2618 cur
1178 2558 1260 2620 hanc
1289 2558 1478 2639 significatio-

303 2679 376 2722 ucm
399 2679 417 2721 a
441 2661 602 2740 Sophoclis
624 2677 770 2722 sermone
792 2660 929 2721 alienam
952 2678 1023 2721 asse
1046 2659 1234 2723 iudicemus.

390 2763 445 2824 llis
474 2781 556 2843 quae
591 2761 725 2825 uberius
753 2761 944 2843 disputanda
977 2781 1046 2824 esse
1079 2762 1273 2826 videbantur
1309 2775 1343 2826 ut
1370 2761 1477 2844 aliquid

303 2866 457 2928 corollarii
487 2863 616 2928 accedat
651 2864 795 2926 breviter
829 2866 1043 2946 significamus
1071 2865 1227 2947 quomodo
1264 2866 1321 2930 hos
1349 2865 1477 2929 eiusdem

303 2968 483 3049 tragoediae
505 2986 618 3030 versus
644 2966 717 3050 (tet
733 2966 789 3050 ss.)
817 2967 1034 3032 emendandos
1058 2989 1127 3032 esse
1150 2987 1347 3050 censeamus,

572 3065 629 3155 πρὸ
651 3067 745 3134 τῶνδέ
767 3068 813 3133 rol
835 3065 868 3154 μ’
895 3067 963 3156 ἔχει

574 3167 688 3258 μήποτε
710 3167 825 3256 μήποθ’
851 3167 924 3258 ἡμῖν

573 3271 683 3362 ἀψεγὲς
704 3278 798 3340 πελᾶν
820 3274 908 3361 τέρας

572 3378 633 3452 ταῖς
657 3380 751 3463 δρῶσι
772 3375 824 3442 καλ
846 3379 1022 3464 συνδρῶσιν.

305 3484 381 3546 haee
411 3482 561 3548 mendosa
591 3503 678 3563 csse,
709 3483 829 3564 quippe
859 3501 994 3563 quorum
1023 3487 1180 3547 sententia
1210 3487 1366 3548 contraria
1391 3485 1427 3546 sit
1451 3481 1474 3542 ci

304 3605 386 3666 quac
410 3587 596 3667 requiritur,
623 3598 708 3649 recte
727 3588 881 3649 monitum
898 3596 946 3648 est
966 3607 983 3650 a
1000 3587 1156 3650 Guilelmo
1171 3588 1342 3650 lliudorlio.
1380 3603 1474 3648 emen·

305 3687 388 3750 datio
410 3697 527 3768 autem,
553 3708 635 3770 quae
659 3709 764 3771 neque
787 3691 833 3752 illi
856 3709 962 3771 neque
986 3690 1068 3770 aliis,
1094 3700 1128 3752 ut
1151 3701 1258 3752 nostra
1273 3691 1398 3773 quidem
1415 3687 1473 3768 opi·

303 3793 355 3852 nio
378 3801 437 3870 est,
468 3793 630 3870 successit,
661 3793 753 3854 nobis
776 3794 933 3854 infinitivo
955 3794 988 3856 iu
1012 3794 1247 3856 coniunctivum
1270 3803 1394 3871 mutato,
1426 3791 1473 3850 hoc

303 3903 351 3955 est
379 3912 441 3955 uno
470 3896 560 3975 apice
589 3896 704 3958 leniter
733 3906 889 3976 correcto,
923 3895 1003 3959 effici
1034 3895 1175 3959 videtur.
1228 3907 1373 3979 putamus
1400 3892 1471 3954 euim

304 3996 509 4060 scribendum
540 4017 609 4062 esse
636 4000 725 4082 τελδμ.
780 4001 826 4061 sic
855 4001 935 4062 iusta
965 4009 1085 4062 constat
1113 4002 1288 4077 sententia,
1318 4015 1417 4061 vereor
1441 4009 1471 4052 oe

300 4119 396 4181 propa
417 4102 458 4163 ait
479 4102 522 4164 eis
544 4103 597 4183 qui
620 4101 744 4184 focium
770 4110 993 4185 perpetrarunt
1019 4104 1261 4185 adlevatumque
1278 4107 1471 4184 porcestre

303 4203 388 4267 nobis
412 4223 472 4266 non
494 4205 741 4288 vituperandum.
1574 4183 1575 4218 ³

793 4407 873 4424 ννννκ·
881 4411 918 4424 ’νυ
935 4412 967 4424 w
973 4411 997 4424 tw
