3184 5108
374 381 463 444 laam
487 399 651 443 tecrrorvvn
673 399 856 442 ursmarum
875 381 968 440 last.
1193 366 1267 438 283

96 573 195 635 borum
221 571 415 654 syllabarum
451 571 628 632 litterarum
657 569 940 636 interieiendarum
976 568 1117 633 studium
1145 557 1269 632 vanum*

97 695 157 738 esse
175 685 319 756 putemus
333 675 396 736 nisi
413 691 509 754 grave
524 671 647 736 aceedit
667 671 899 752 probabilitatis
913 683 1146 753 argumentum.
1178 674 1312 753 qualeae

96 789 305 860 argumentum
335 796 407 840 cum
436 777 489 838 hic
516 776 702 856 neutiquam
724 775 942 856 dispiciemus,
976 775 1146 838 scribimus
1168 786 1273 838 mute-

98 883 170 944 tiaue
202 883 364 944 leuissima
399 881 491 942 uinis
519 881 642 942 rustice.
697 897 879 941 aasrrsmm
917 897 1017 941 omnes
1051 887 1175 961 poetae,
1212 898 1273 940 non

97 987 212 1048 annau
239 991 325 1046 ortuis
356 990 385 1045 et
412 999 538 1049 secante
567 980 748 1058 describere,
778 989 814 1044 ut
838 984 928 1044 ettam
958 981 1089 1044 medium
1117 984 1195 1045 diem
1225 985 1274 1044 in-

98 1090 223 1170 quietent.
277 1087 516 1150 intransitivum
549 1083 759 1147 adsuessendi
788 1083 924 1147 verbum
960 1105 1031 1149 eum
1059 1094 1094 1148 ut
1120 1086 1274 1167 particula
1378 1079 1381 1088 ’

97 1193 285 1254 coniunctum
309 1208 372 1251 nan
403 1207 571 1270 possumus
599 1188 755 1269 exemplis
776 1187 983 1250 confirmare:
1016 1207 1130 1252 verum
1153 1190 1274 1251 Seneca

98 1296 134 1356 ita
154 1295 272 1356 locutus
296 1311 365 1356 esse
386 1291 517 1354 videtur
544 1309 585 1354 ne
615 1290 791 1352 infinitivus
813 1291 1006 1354 infinitivum
1030 1293 1199 1354 invenuste
1222 1311 1275 1354 se·

98 1409 250 1476 queretur.
305 1415 376 1458 cum
406 1395 582 1457 transitivis
611 1392 780 1456 sueseendi
811 1403 843 1456 et
870 1393 1080 1458 desuescendi
1102 1393 1212 1456 verbis
1241 1403 1276 1458 ut

97 1511 124 1562 et
142 1519 178 1562 ne
198 1501 445 1580 coniunguntur.
483 1498 618 1559 Titinius
641 1499 674 1558 in
698 1496 840 1576 Gemina,
865 1497 1013 1560 versibus
1038 1517 1056 1560 a
1079 1499 1276 1564 Lachmanno

98 1605 126 1663 ln
152 1605 374 1666 commentario
401 1601 587 1663 Lucretiano
613 1597 916 1681 pertransire
943 1600 1120 1663 emendatis
1155 1599 1277 1682 (quam-

99 1724 184 1786 quam
218 1705 277 1768 luit
312 1706 366 1786 qul
401 1705 576 1784 sapientem
611 1721 645 1764 se
680 1721 750 1764 esse
784 1713 911 1784 putaret
943 1704 970 1766 si
1000 1715 1124 1784 partem
1153 1715 1277 1766 tentum

97 1811 231 1872 veritatis
258 1807 492 1889 adgnosceret),
529 1825 602 1868 nam
636 1803 792 1887 parasitos
822 1809 938 1882 amovi,
979 1808 1119 1870 lenonum
1152 1805 1278 1870 oeddus

99 1931 159 1972 eum
180 1911 342 1991 absterriti,
376 1913 506 1973 Desueoi
532 1927 571 1970 ne
592 1927 649 1991 quo
672 1907 713 1969 ad
734 1926 840 1970 cenarn
868 1911 968 1973 asciret
997 1919 1091 1974 entra
1119 1911 1279 1973 consilium

100 2033 199 2076 meum.
244 2017 344 2076 Varro
367 2031 473 2076 rerum
497 2013 687 2075 rusticarum
707 2030 729 2072 ιι
753 2014 771 2072 9
795 2012 832 2073 ts
858 2011 897 2074 de
920 2011 1054 2075 canibus
1075 2031 1183 2076 cernue
1205 2032 1279 2095 quo-

99 2135 149 2198 que
172 2117 291 2199 fuerunt
318 2124 353 2180 ut
381 2116 509 2198 altipari
533 2116 661 2197 possint.
715 2113 801 2178 idem
822 2133 856 2177 ιιι
880 2117 899 2178 e
925 2117 962 2176 li
994 2116 1034 2179 de
1063 2116 1159 2196 pullis
1188 2116 1280 2196 gabi-

100 2223 198 2283 naceis
226 2239 294 2284 curn
322 2222 385 2283 iarn
410 2221 525 2301 pinnas
554 2216 720 2294 habebunt,
752 2217 1034 2300 consuesuot'cndum
1055 2227 1090 2282 ut
1110 2237 1204 2282 unam
1227 2227 1282 2281 aut

100 2323 172 2388 duas
194 2331 343 2387 sectentur
363 2323 514 2406 pollinae,
546 2328 662 2383 ceterae
690 2328 723 2382 ut
744 2324 843 2402 potius
871 2322 913 2384 ud
931 2323 1117 2403 portendatur
1139 2323 1201 2385 sint
1222 2339 1281 2384 ear-

98 2427 210 2507 pedilae
237 2445 327 2508 quam
359 2427 390 2486 ia
418 2425 574 2488 nutricatu
602 2431 774 2504 occupatae.
832 2425 936 2506 paullo
964 2425 1066 2506 aliter,
1098 2444 1204 2507 neque
1231 2435 1281 2486 te-

102 2549 170 2590 men
191 2547 320 2611 prorsus
344 2527 552 2607 dissimiliter,
578 2526 748 2589 Columella
771 2546 800 2588 ru
823 2529 841 2588 3
867 2529 885 2587 6
909 2526 948 2589 de
971 2529 1073 2608 spinis
1095 2539 1129 2590 ut
1153 2547 1281 2609 saepem

102 2630 210 2694 iaciant
243 2631 388 2711 consitis,
424 2631 477 2693 ubi
504 2637 665 2712 armarunt
693 2629 815 2711 aliquod
844 2631 1060 2692 incrementum
1085 2630 1206 2707 iubere,
1239 2633 1283 2693 sic

102 2737 227 2798 insumet
258 2733 364 2796 debent
394 2742 430 2796 ut
461 2737 493 2796 in
526 2734 559 2795 id
589 2735 722 2815 spatium
757 2732 835 2815 quod
867 2733 961 2796 sulcis
1000 2735 1157 2796 interiacet
1193 2734 1283 2796 incli-

102 2846 216 2900 nentur.

183 2941 292 3021 Cupite
315 2959 368 3001 rm
397 2938 477 3002 deus
505 2938 620 3020 aliquis
643 2938 773 3002 Claudio
802 2937 939 3005 infestus
968 2939 1118 3019 loquitur.
1172 2941 1201 3001 si
1221 2956 1284 3000 me-

103 3042 232 3107 hercules
259 3063 281 3104 a
310 3043 444 3105 Saturno
477 3046 603 3123 petisset
633 3041 687 3104 lroc
721 3040 910 3122 hauddum,
949 3043 1035 3106 curies
1065 3061 1196 3105 mensem
1227 3049 1284 3104 toto

105 3165 178 3208 anno
207 3145 369 3210 celebravit
391 3145 619 3208 Saturnalicius
642 3145 797 3226 princeps,
830 3163 891 3205 non
913 3145 1030 3208 tulisset
1051 3145 1138 3222 illud,
1173 3144 1285 3206 nedum

105 3248 141 3310 ab
161 3251 237 3329 love,
269 3268 356 3330 quem
378 3255 524 3330 pentum
551 3247 669 3329 quidem
697 3250 730 3310 in
753 3247 803 3310 illa
822 3245 885 3328 fuit
905 3247 1064 3313 domneva
1089 3251 1203 3311 incesti.
1251 3249 1284 3310 in

106 3351 153 3414 bis
175 3353 400 3417 Saturnalicias
428 3350 590 3432 egregium
619 3360 667 3412 est
696 3360 728 3412 et
757 3351 863 3429 inepte
892 3361 1035 3430 spretum
1058 3352 1139 3412 lunii
1168 3351 1285 3413 inven-

105 3463 184 3516 tum:
216 3454 290 3516 libri
313 3455 489 3518 saturnalia
509 3455 585 3534 eius,
617 3452 702 3534 quod
725 3455 780 3534 qui
803 3454 978 3516 omiserunt
1007 3472 1070 3515 non
1098 3455 1175 3516 satis
1201 3453 1287 3516 leae-

107 3568 178 3619 runt
197 3559 268 3621 arti.
311 3575 378 3619 nan
408 3557 514 3620 minus
536 3557 663 3637 egregie
686 3555 862 3619 Gronovius
884 3556 971 3634 illud,
1003 3557 1114 3620 nedum
1143 3556 1181 3618 ab
1204 3559 1284 3633 leuc,

108 3678 207 3740 quem:
236 3660 311 3723 libri
335 3661 422 3722 illurn
448 3659 537 3722 datm
566 3659 604 3720 ab
633 3661 698 3722 ioue
726 3661 779 3740 pul
805 3660 856 3721 vel
879 3657 917 3721 ub
939 3662 1034 3722 iovem
1061 3662 1123 3742 qui.
1177 3659 1288 3740 sequi-

109 3771 158 3824 tur
179 3765 210 3826 lu
233 3763 325 3826 libris
347 3765 382 3824 t.
409 3764 550 3826 Silanum
579 3763 669 3838 enim,
699 3781 844 3844 penarum
865 3780 965 3838 suum,
997 3763 1112 3825 uendit.
1160 3781 1290 3843 crepes

110 3867 181 3945 aaa
201 3885 339 3930 sororem
360 3885 460 3943 suurn
489 3865 717 3948 tattvestmam
740 3867 873 3928 omniurn
891 3865 1078 3946 puellarum,
1112 3884 1203 3948 quam
1224 3884 1288 3926 orn-

110 3987 158 4032 nes
185 3973 323 4034 Venerem
351 3976 509 4048 uocarent,
546 3967 655 4030 maluit
676 3969 820 4028 lunonem
848 3986 969 4030 vocare.
1016 3968 1160 4030 Rhenani
1190 3967 1290 4030 codex

112 4070 214 4137 hebuit
235 4093 289 4136 ora
308 4089 367 4154 per
389 4071 472 4153 quid.
519 4070 643 4151 Lipsius
665 4070 793 4152 scripsit
814 4089 878 4146 aro,
904 4077 1032 4153 propter
1053 4072 1149 4153 quid?
1192 4070 1289 4151 idque

111 4187 210 4255 postea
240 4197 258 4240 a
286 4174 435 4237 omnibus
469 4182 633 4255 receptum
663 4181 721 4234 est.
775 4171 833 4234 sed
862 4173 1067 4236 scribendum
1103 4175 1291 4254 simpliciter

112 4291 154 4341 est
183 4299 313 4343 reorrm
342 4278 436 4359 quid?
479 4295 552 4338 nam
582 4293 691 4356 oroper
719 4284 750 4337 et
774 4283 901 4357 propter
929 4278 1077 4358 pertenui
1106 4277 1291 4340 discrimine

112 4392 304 4463 separantur,
337 4400 389 4442 oro
412 4389 517 4442 autem
541 4396 582 4439 ue
606 4388 692 4440 recte
722 4377 852 4459 quidem
883 4380 936 4441 illo
965 4378 1057 4443 modo
1086 4379 1207 4443 dictum
1230 4389 1288 4442 est.

113 4484 165 4546 sed
187 4505 227 4547 ne
250 4485 303 4546 illa
326 4482 457 4564 quidem
478 4499 569 4564 ptam
591 4498 691 4544 omnes
719 4483 858 4546 Venerem
886 4491 1030 4546 uocarent
1058 4492 1143 4545 reete
1170 4501 1204 4546 se
1233 4483 1293 4543 ha-
