3204 5104
313 379 387 452 316
606 397 694 456 lunas
716 413 882 458 ttcrroram
905 414 1083 458 3333331331
1109 395 1202 454 1866.

312 601 423 645 nocam
445 603 508 646 non
538 583 700 665 ingenium
724 583 850 647 Publilii
882 584 1084 666 despexisse,
1114 583 1171 646 sed
1203 583 1371 646 mimorum
1401 603 1498 666 genus

312 686 397 766 quod
427 687 479 750 ille
510 688 656 750 excoluit.
709 688 849 768 pertinet
879 709 916 750 eo
946 687 1031 769 quod
1060 686 1138 749 dicit
1164 688 1223 768 Ep.
1249 689 1268 747 8
1291 689 1323 766 8,
1355 696 1497 769 manaan

312 789 581 852 disertissimorum
609 809 754 853 casuum
784 793 863 854 iater
890 793 995 854 minas
1017 792 1109 866 iacet,
1141 808 1232 872 ptam
1260 791 1356 852 matta
1382 790 1502 852 Publilii

313 912 372 954 aaa
394 893 597 969 mulceatis,
622 894 676 956 scd
696 894 884 958 collimatis
907 893 1035 958 dacado
1057 901 1146 956 sunt:
1170 891 1226 955 ubi
1245 892 1368 956 natira
1380 895 1499 956 Tbuani

314 995 396 1058 liber
424 995 573 1076 praebet,
606 1017 677 1059 aum
707 999 805 1060 ceteri
830 997 929 1061 Publii
954 996 1073 1060 habere
1101 995 1282 1058 videantur.
1335 995 1498 1077 despicere

312 1108 417 1160 autem
441 1099 606 1162 videretur
628 1101 749 1163 Seneca
773 1101 858 1181 quod
881 1101 1011 1163 minime
1034 1099 1181 1181 despexit
1202 1109 1313 1180 poetae
1337 1101 1498 1180 ingenium
1599 1135 1600 1138 =

313 1203 339 1262 si
363 1200 483 1264 diceret
507 1201 639 1284 dignum
666 1204 765 1268 luisse
795 1222 923 1266 versum
954 1205 1009 1285 qui
1032 1222 1095 1265 non
1117 1223 1134 1264 3
1159 1203 1291 1266 Publilio
1321 1204 1500 1283 proficisce-

314 1314 413 1367 retur.
467 1306 573 1385 itaque
603 1305 661 1368 hoc
688 1309 793 1388 potius
816 1326 889 1370 eum
919 1307 1084 1387 scripsisse
1107 1305 1317 1384 arbitramur,
1350 1309 1499 1389 eqrepita

314 1426 437 1470 versam
465 1417 492 1470 et
518 1407 643 1491 dippum
670 1411 723 1490 pai
752 1429 812 1472 aaa
841 1428 857 1471 e
884 1427 1006 1472 rrtrrro
1035 1411 1145 1472 exiret.
1200 1409 1319 1472 Plinius
1348 1410 1500 1473 Caecilius

314 1512 372 1591 lip.
399 1530 427 1572 33
450 1511 490 1571 Pii
514 1511 584 1572 inde
606 1514 665 1575 ista
687 1512 822 1575 ludibrio
844 1531 956 1574 scaena
978 1519 1006 1574 et
1023 1513 1140 1594 pulpito
1162 1511 1266 1594 diptto.

400 1616 434 1676 ln
458 1613 580 1694 dialogo
602 1635 631 1676 rx
653 1617 721 1677 sive
745 1615 786 1677 de
808 1615 1037 1695 tranquillitate
1060 1615 1156 1677 animi
1181 1617 1199 1676 9
1224 1617 1242 1676 6
1265 1617 1406 1695 optimus
1424 1616 1501 1678 liber

314 1717 542 1780 Ambrosianus
557 1727 589 1779 et
604 1718 657 1780 alii
673 1737 736 1780 non
752 1718 832 1781 nulli
848 1718 926 1780 baec
941 1717 1070 1796 babent,
1092 1725 1224 1799 paretur
1239 1719 1339 1800 iberae
1354 1718 1500 1781 librorum

314 1826 460 1902 montom
489 1823 565 1882 satta
595 1828 655 1898 cst,
688 1822 764 1884 aiiii
793 1824 825 1883 ia
848 1821 1044 1902 adparatum.
1102 1820 1285 1883 ‘honestius'
1308 1823 1412 1904 inpetis
1439 1824 1502 1884 ‘loc

315 1931 342 1985 ta
365 1925 509 2004 inpensae
530 1943 621 2005 ptam
644 1926 676 1986 ia
700 1925 857 1986 connata
876 1926 1033 2006 piciniaco
1055 1923 1175 1986 tabulas
1193 1923 1378 2005 effuderint)
1428 1927 1500 1986 nihil

316 2027 366 2088 hic
389 2027 562 2089 effecerunt
585 2025 668 2089 docti
692 2027 846 2089 homines.
893 2025 1097 2090 scribendum
1122 2036 1171 2088 est
1195 2027 1378 2090 ‘donadus’
1404 2030 1499 2111 inpiis

318 2131 391 2190 ‘nra
421 2148 453 2190 ss
480 2131 624 2210 inpatsae
645 2147 737 2212 mam
760 2132 790 2192 in
815 2130 971 2192 Gariadtia
997 2131 1152 2211 pictosque
1174 2129 1295 2192 1313331333
1318 2131 1501 2212 effuderim!

402 2234 435 2295 ln
459 2231 541 2294 libro
562 2231 604 2295 de
627 2233 793 2296 clementia
817 2252 826 2293 r
852 2234 863 2293 1
889 2233 907 2292 5
931 2249 1036 2313 neque
1060 2233 1247 2313 scriptorum
1272 2234 1499 2314 exemplarium

314 2337 539 2416 plerorumque
572 2336 635 2400 ulla
665 2345 714 2399 est
743 2336 880 2415 utilitas,
912 2337 1031 2417 quippe
1061 2354 1123 2397 non
1152 2338 1336 2399 vitiosorum
1366 2346 1498 2416 tantum,

315 2437 371 2501 sed
388 2436 460 2500 rudi
477 2447 591 2502 conatu
610 2439 887 2520 interpolatorum,
912 2457 1017 2519 neque
1036 2439 1179 2502 homines
1194 2437 1276 2501 docti
1301 2439 1500 2521 protulerunt

315 2540 399 2622 quod
428 2539 598 2603 adsensum
628 2551 801 2605 mereatur.
854 2541 896 2604 ab
919 2541 969 2603 illa
999 2551 1104 2603 autem
1132 2543 1327 2623 integrorum
1351 2561 1498 2604 versuum

316 2642 598 2706 intericiendorum
620 2643 767 2724 audacie,
799 2663 880 2724 quae
911 2654 943 2707 et
971 2645 1024 2707 bic
1047 2655 1077 2706 et
1101 2664 1196 2727 saepe
1218 2645 1296 2707 alias
1318 2665 1426 2727 nuper
1446 2645 1500 2707 ad-

316 2745 414 2808 bibita
443 2756 507 2826 est,
541 2745 767 2810 abstinendum
797 2765 867 2809 esse
896 2767 1062 2810 censemus
1091 2757 1122 2810 et
1149 2747 1370 2830 temptandum
1401 2751 1501 2830 potius

315 2850 405 2930 siqua
428 2849 548 2912 leniore
572 2859 603 2911 et
625 2849 839 2930 probabiliore
857 2849 1078 2914 emendatione
1100 2852 1199 2912 oratio
1214 2853 1354 2913 Senecae
1380 2853 1499 2914 restitui

314 2954 424 3034 possit.
472 2953 505 3013 in
527 2954 645 3033 optimo
668 2953 750 3016 libro
765 2954 935 3016 Nazariano
951 2953 1106 3017 Grutemts
1122 2954 1199 3016 baec
1220 2955 1316 3035 legit,
1339 2956 1498 3036 potabor,

317 3057 448 3132 Caesar,
481 3055 628 3117 <audacter
653 3056 853 3137 praedicare,
884 3059 986 3120 amaia
1017 3075 1094 3138 qaae
1123 3060 1155 3120 ia
1181 3057 1271 3137 tidem
1294 3059 1418 3120 tamtam
1441 3057 1502 3119 beri

315 3159 391 3221 tttbil
410 3166 500 3240 parte
529 3177 622 3240 nepte
648 3161 681 3220 oi
700 3177 794 3242 neque
822 3160 954 3223 clamori
979 3162 1027 3222 rei
1051 3178 1084 3240 p.
1108 3158 1304 3222 rarissimam
1335 3161 1456 3224 laudem
1477 3169 1501 3222 rt

315 3261 395 3324 nulii
416 3261 514 3324 adhoc
533 3263 720 3344 principiam
747 3262 873 3344 [laet-um
897 3261 971 3325 inde
992 3261 1174 3344 principem)
1200 3281 1373 3326 concessam
1395 3283 1500 3326 mora·

200 3346 204 3354 ¹
313 3365 403 3446 pisti,
438 3366 648 3428 innocentiam.
703 3367 886 3447 conspirant
915 3377 1022 3428 autem
1051 3385 1122 3428 eum
1152 3365 1324 3429 thariana
1352 3368 1413 3430 alia
1441 3387 1498 3428 non

316 3469 402 3531 nulla
426 3463 638 3550 exemplaria,
667 3470 730 3532 nisi
753 3469 839 3551 quod
860 3489 923 3533 non
943 3477 1033 3551 parte
1055 3468 1191 3546 hebent,
1224 3469 1283 3532 sed
1311 3471 1429 3532 rectius
1448 3489 1500 3552 per

316 3569 385 3654 tal)
434 3581 615 3634 truncatum
639 3572 718 3636 illud
740 3572 807 3635 beri
832 3571 929 3636 fuisse
951 3572 1060 3635 baberi
1079 3572 1120 3635 ab
1143 3574 1272 3634 Erasma
1295 3573 1431 3654 aliisque
1454 3575 1499 3634 in-

292 3663 486 3738 stelleetum¹
509 3685 569 3738 est.
608 3677 712 3739 omnia
735 3677 781 3738 sie
802 3677 869 3739 iere
885 3679 1035 3740 Senecam
1055 3687 1203 3758 putamus
1217 3677 1401 3758 scripsisse,
1422 3683 1500 3758 pates

317 3779 388 3855 boc,
424 3779 556 3858 Cacsar,
588 3779 736 3842 audacter
754 3779 954 3862 praedicare,
986 3783 1088 3842 amaia
1116 3799 1191 3841 tra
1222 3781 1255 3840 ia
1276 3797 1374 3841 atnam
1396 3797 1498 3840 arram

318 3901 441 3961 313333,
473 3883 550 3944 cibit
569 3901 628 3965 per
650 3889 677 3945 te
699 3901 792 3965 aeque
815 3885 847 3946 ai
867 3901 961 3965 nepte
983 3903 1059 3946 enta
1082 3901 1166 3945 torta
1190 3885 1237 3945 rei
1253 3883 1405 3965 publicae.
1452 3901 1500 3942 ro·

318 3985 473 4047 rissimam
496 3985 616 4048 laadan
639 3995 671 4048 et
693 4006 774 4067 quae
797 3997 959 4051 secuntur.
1007 3987 1103 4050 adimi
1123 4006 1185 4050 nou
1208 3997 1423 4067 praestamus:
1447 4005 1498 4066 po

317 4095 449 4150 tuerunt
472 4090 557 4150 enim
580 4089 675 4152 etiam
698 4090 757 4153 alia
780 4089 889 4154 scribi.

406 4193 519 4254 Levius
535 4203 583 4256 est
599 4201 630 4254 et
646 4191 789 4255 breviter
812 4192 1054 4274 significandum
1078 4193 1110 4256 iu
1130 4192 1242 4256 eadem
1264 4179 1347 4254 libro
1361 4211 1431 4274 cap.
1448 4194 1491 4252 ot

391 4433 416 4496 *i
436 4430 623 4499 {Nazarionoa
635 4435 697 4485 baec
709 4435 798 4485 babet:
818 4437 893 4501 potes
905 4434 957 4485 boc
969 4448 1062 4486 caesar
1074 4433 1201 4486 audacter
1218 4433 1383 4500 praedicare.
1415 4433 1495 4482 omnir
1597 4429 1598 4438 ’

320 4531 389 4584 quae
408 4517 518 4570 inlidem
538 4523 603 4572 tute.
624 4519 708 4572 liberi
727 4519 792 4572 nibil
810 4533 830 4590 p
849 4524 873 4572 te
889 4534 956 4586 neq,
978 4521 1072 4585 vinem
1092 4519 1208 4570 clanmti.
1246 4519 1290 4570 liei
1309 4521 1335 4586 p.
1355 4531 1378 4570 e.
1393 4533 1418 4584 q.
1431 4515 1468 4584 3.]
