3268 5108
310 349 357 417 74
602 361 692 424 lunen
714 379 879 424 ιιττιοιιιι
902 379 1081 426 oneratam
1110 360 1200 421 1665.

308 564 362 614 tur
383 569 488 632 neque
504 552 627 631 singula
650 553 755 614 omnia
770 552 885 634 pusilla
900 553 1174 632 grammaticorum
1191 550 1355 632 diligentia
1377 553 1507 614 dmen-

307 666 371 718 tur.
419 656 451 716 in
475 655 587 718 eadem
618 649 654 718 re
677 656 824 718 similiter
853 655 916 718 sihi
946 673 1009 717 uon
1039 663 1184 718 constare
1206 655 1323 718 Valerii
1346 655 1442 718 Flacci
1468 665 1508 717 et

307 758 428 841 Orphei
451 755 661 840 Argonautica
690 760 845 822 lohannes
867 759 1065 823 Schraderus
1093 760 1126 821 in
1156 759 1288 822 iuvenili
1319 757 1359 822 de
1381 760 1506 822 Musaei

309 864 448 928 carmine
471 864 696 926 commentario
717 883 750 944 ρ.
769 863 829 925 373
847 883 873 926 s.
892 864 1090 942 monstravit,
1115 863 1173 926 sed
1195 872 1231 926 ut
1245 863 1353 926 minus
1373 861 1507 925 liberali

309 965 425 1030 iudicio
447 975 603 1033 uteretur.
643 966 797 1030 falluntur
818 977 923 1031 autem
946 984 1052 1047 neque
1074 965 1116 1028 ad
1136 967 1241 1048 poesis
1261 975 1382 1030 aetates
1402 975 1507 1046 atque

308 1088 425 1152 genera
455 1072 620 1152 ipsiusque
643 1071 871 1135 inconstantiae
893 1070 1112 1134 diversitatem
1133 1069 1304 1133 attendunt
1325 1071 1380 1152 qui
1409 1071 1508 1138 simi-

308 1175 383 1236 liter
416 1182 568 1237 excusant
598 1192 818 1255 quaecumque
854 1175 887 1236 in
917 1175 1091 1236 Homericis
1120 1174 1314 1238 carminibus
1333 1175 1433 1236 ,inter
1463 1193 1507 1235 se

309 1277 511 1358 discrepent:
537 1277 656 1359 quihus
671 1279 834 1358 Homerus,
860 1297 955 1359 quem
977 1277 1077 1340 nihilo
1093 1279 1199 1342 minus
1214 1278 1423 1341 vehementer
1440 1275 1508 1339 ad-

309 1383 482 1460 mirantur,
512 1381 643 1444 videtur
671 1399 734 1443 non
764 1381 973 1462 quandoque,
1005 1380 1062 1444 sed
1090 1383 1277 1464 saepissime
1300 1380 1504 1444 dormitasse.

309 1495 452 1548 ceterum
475 1484 560 1566 quod
584 1484 725 1548 Catullus
754 1495 787 1547 et
814 1494 885 1566 post
907 1503 980 1548 eum
1009 1485 1062 1548 alii
1089 1495 1203 1567 poetae
1226 1486 1326 1548 Latini
1350 1479 1508 1572 (Ovidius

310 1596 386 1649 met.
412 1606 422 1650 1
447 1587 498 1667 63,
532 1587 725 1652 Claudianus
747 1589 788 1651 36
811 1588 886 1666 337,
919 1587 1061 1653 Avienus
1082 1608 1196 1671 progu.
1215 1583 1274 1675 73)
1296 1607 1384 1652 mare
1407 1588 1508 1652 dixe·-

310 1699 386 1753 runt
401 1687 612 1773 Amphitriten,
637 1709 699 1754 non
716 1700 892 1774 suppetunt
913 1692 1007 1756 nobis
1022 1692 1141 1756 Graeca
1163 1694 1234 1756 eius
1249 1693 1368 1774 figurae
1391 1711 1509 1754 exem-

310 1793 361 1875 pla
384 1795 445 1856 nisi
469 1813 578 1858 eorum
600 1805 764 1876 poetarum
787 1797 842 1877 qui
866 1797 964 1859 multo
986 1805 1093 1878 postea
1115 1797 1281 1875 vixerunt,
1313 1795 1412 1858 veluti
1434 1795 1508 1876 Op-

309 1898 397 1978 piani
420 1908 452 1960 et
473 1898 613 1981 Dionysii
636 1917 772 1980 quorum
796 1899 848 1962 ille
871 1900 950 1962 haec
972 1899 1068 1963 hahet
1090 1901 1122 1962 in
1146 1900 1342 1976 halieuticis,
1374 1918 1384 1961 ι
1407 1901 1445 1960 83
1470 1919 1503 1960 s.

310 1995 390 2064 titt
410 1999 587 2086 τριηκοσίων
609 1996 738 2088 ὀργυιῶν
761 1992 834 2088 ἄχρι
849 1996 979 2087 μάλιστα
996 1998 1112 2090 Ἀνέρις
1133 1998 1233 2067 ἴσασίν
1254 2025 1288 2066 τε
1302 1997 1353 2066 καὶ
1373 1999 1507 2088 ἔδρακον

306 2099 507 2190 Ἀμφιτρίτην,
532 2108 593 2169 333
619 2103 725 2191 hodius
748 2097 821 2193 ὅπερ
839 2101 1039 2193 Ἀμφιτρίτης,
1065 2109 1126 2172 333
1142 2125 1186 2170 ss.
1208 2102 1261 2171 ιιαί
1281 2102 1327 2170 τοί
1350 2103 1404 2190 μὲν
1426 2101 1509 2168 ἀνα-

311 2202 456 2294 οττίχοιιο’
482 2205 532 2272 tat
560 2209 652 2294 γαῖαν
674 2200 837 2290 Haeduae,
868 2200 959 2275 ἄλλοι
987 2200 1095 2275 δἀίιτε
1120 2204 1181 2274 κατ’
1215 2203 1305 2296 ἠέρος
1329 2204 1506 2296 Ἀμφιτρίτη

312 2308 489 2396 Μίοηονται,
515 2315 576 2376 666
600 2315 697 2387 κεῖνος
718 2310 776 2400 γὰρ
798 2308 897 2399 πάσης
917 2307 1140 2401 γλυιιτροίτερος
1157 2307 1346 2400 Ἀμφιτρίτης
1368 2306 1504 2392 Klima,

312 2416 375 2478 666
398 2409 592 2502 ἀμειβόμενοι
613 2413 734 2505 δολιχὸν
758 2412 867 2505 δρόμον
885 2413 1087 2505 Ἀμφιτρίτης,
1112 2416 1169 2480 796
1193 2419 1278 2482 airon
1298 2411 1365 2482 τότε
1386 2411 1507 2501 γλαυκὴ

312 2518 500 2585 λευκαίνοτιιι
516 2515 710 2608 Ἀμφιτρίτη,
734 2542 768 2590 ιιι
793 2524 854 2585 369
877 2520 1017 2609 χιιμιρίη
1039 2517 1209 2607 πλημμυρὶς
1230 2512 1302 2585 ὅταν
1326 2519 1380 2606 [tp
1398 2515 1508 2605 Ἀμφι-

311 2621 428 2708 τρίτης,
461 2643 508 2687 ιιιι
537 2626 600 2688 677
624 2647 652 2690 ε.
681 2621 714 2690 τὸ
745 2623 779 2689 hl
806 2621 918 2691 πολλὸν
944 2623 1096 2712 ἐπιτρέχει
1118 2619 1290 2711 ’Ἀμφιτρίτη
1316 2620 1506 2710 Ὀλλομένιιν

312 2721 457 2812 φόοηρο,
487 2748 504 2789 ν
535 2729 594 2792 663
626 2723 779 2815 ἀλεγεινὸν
807 2728 887 2795 their
914 2729 1002 2815 τέρας
1029 2724 1236 2815 Ἀμφιτρίτης,
1268 2731 1330 2792 333
1360 2723 1506 2814 βλοσυρὸν

313 2825 403 2902 δάκος
423 2825 620 2918 Ἀμφιτρίτης.
666 2836 796 2918 saepius
817 2836 912 2898 etiam
936 2834 1104 2916 Dionysius
1133 2835 1167 2895 in
1196 2833 1374 2915 periegesi,
1408 2833 1506 2896 multo

313 2935 460 3000 breviore
490 2938 645 3017 carmine,
677 2939 718 3001 ita
750 2938 910 3020 loquitur:
944 2939 1035 3000 ouius
1064 2937 1238 3001 versiculos
1268 2938 1410 3000 numeris
1438 2937 1507 2999 suis

314 3039 457 3103 indicare
491 3041 568 3104 satis
600 3053 669 3122 est,
708 3041 747 3102 63
773 3045 814 3104 96
840 3043 899 3103 633
926 3042 986 3103 669
1010 3040 1067 3106 366
1096 3040 1160 3105 367
1183 3043 1244 3102 333
1269 3041 1327 3104 386
1356 3042 1416 3103 663
1442 3039 1504 3102 766

314 3147 377 3206 663
403 3144 484 3206 6663
507 3139 718 3232 (Cocondrius
746 3141 814 3230 περί
842 3139 959 3232 τρόπον
982 3163 1017 3207 ιιι
1039 3146 1100 3208 333
1125 3139 1213 3232 6ρ.>.
1252 3144 1310 3226 sed
1332 3145 1365 3207 hi
1395 3155 1505 3226 poetae

313 3247 528 3313 Alexandrina
558 3253 698 3314 carmina
727 3248 813 3312 haud
842 3248 940 3312 dubie
976 3249 1089 3311 imitati
1119 3257 1210 3325 sunt,
1246 3267 1352 3330 neque
1381 3249 1507 3310 Latinos

313 3363 441 3434 poetas,
466 3353 584 3435 quihus
606 3355 666 3417 hae
688 3354 808 3435 figurae
831 3371 933 3436 paene
956 3351 1056 3435 magis
1079 3371 1174 3436 quam
1198 3351 1328 3415 Graecis
1350 3352 1507 3432 placuisse

315 3455 477 3536 videntur,
502 3459 601 3520 multa
624 3459 657 3520 in
681 3458 739 3521 hoo
761 3477 879 3540 genere
900 3477 993 3520 susos
1016 3475 1085 3520 esse
1107 3465 1257 3537 putemus
1279 3457 1349 3518 sine
1368 3453 1508 3520 Alexan-

289 3559 479 3624 cdrinorum
502 3571 666 3642 poetarum
690 3563 848 3644 exemplo.
887 3561 986 3625 veluti
1002 3559 1088 3642 quod
1110 3578 1173 3623 non
1197 3547 1380 3642 numlquam
1400 3557 1507 3639 Tethyn

315 3682 373 3745 pro
407 3665 486 3726 mari
520 3674 712 3745 posueruut,
748 3684 845 3746 quem
873 3664 914 3728 ad
943 3663 1072 3727 modum
1101 3683 1119 3727 a
1146 3663 1266 3727 Catullo
1300 3664 1334 3724 in
1367 3663 1508 3724 carmine

280 3781 282 3786 ’
315 3768 484 3830 ιιιιτιιι6
513 3769 622 3831 ultim
653 3769 757 3850 Tethys
787 3766 952 3850 dicitur,*)
988 3786 1051 3830 nen
1082 3766 1237 3831 hahemus
1260 3767 1371 3830 Graeci
1398 3773 1507 3848 poetae

315 3871 480 3953 antiquius
501 3881 534 3934 et
555 3871 692 3936 similius
714 3873 897 3955 exemplum
918 3891 1015 3953 quam
1037 3869 1172 3934 Archiae
1196 3872 1229 3932 in
1251 3869 1431 3950 anthologia
1453 3869 1509 3932 Pa·

400 4075 425 4142 ⁸)
453 4077 732 4144 [conmmeatum
750 4079 879 4144 Ηρνριιιπ
896 4082 959 4134 loeo
976 4079 1112 4142 caerulo:
1137 4077 1315 4130 Germanicus
1333 4079 1400 4138 663,
1427 4074 1507 4128 Stltus

315 4180 343 4218 ιιι
364 4169 407 4229 66,
432 4179 449 4216 ν
467 4169 526 4228 666,
547 4179 600 4218 ινιι
619 4168 685 4228 336,
712 4167 815 4220 Seneca
834 4167 914 4218 llere.
934 4165 952 4216 l.
973 4169 1033 4228 666,
1056 4168 1138 4227 6666,
1165 4165 1244 4232 llipp.
1265 4167 1330 4224 676,
1357 4159 1427 4214 hled.
1448 4163 1504 4216 666.

316 4252 394 4304 llere.
416 4253 473 4304 Oet.
495 4255 577 4314 6366,
599 4255 679 4314 6666,
700 4251 823 4304 Lucanus
841 4266 849 4301 ι
869 4255 929 4316 663,
950 4266 967 4304 ιι
988 4255 1053 4312 666,
1075 4265 1101 4301 ιν
1120 4255 1165 4314 76,
1186 4265 1203 4299 ν
1221 4251 1287 4310 636,
1308 4263 1333 4300 νι
1352 4253 1393 4312 67,
1416 4249 1508 4306 ltux

315 4341 375 4399 363,
396 4335 526 4390 Martialis
538 4343 611 4402 6ρ.6
632 4343 661 4400 6,
683 4338 784 4390 Statius
801 4337 887 4392 Theb.
907 4353 933 4388 ιν
951 4341 1011 4398 667,
1032 4336 1221 4405 Claudianust
1239 4338 1281 4394 66,
1302 4337 1393 4394 3663,
1414 4337 1429 4384 6
1450 4334 1506 4394 636,

317 4429 331 4475 7
351 4428 393 4486 66,
415 4427 446 4474 67
465 4427 509 4485 66,
531 4427 562 4475 66
581 4427 642 4489 663,
660 4424 797 4476 ausonius
816 4423 882 4476 tlos.
898 4427 958 4485 366,
978 4423 1097 4475 Avienus
1114 4433 1154 4474 ar.
1176 4423 1235 4482 666,
1257 4423 1334 4480 6633,
1354 4421 1430 4478 6666,
1451 4429 1505 4483 ροτ.
1625 4441 1626 4492 i

317 4515 360 4576 tt,
380 4513 440 4578 ιιι,
460 4510 531 4581 step
