3186 5108
352 383 441 444 imm
463 399 629 444 esuriens!
652 397 830 440 msrrrsnvu
848 380 942 440 iseo.
1169 364 1241 435 177

72 568 247 632 omeroodae
268 570 458 652 comitalis
480 588 598 653 pemmo
614 567 774 650 quaedam,
800 563 1000 630 menolariam
1022 566 1113 629 diuus
1134 567 1245 628 Hiero-

71 691 163 754 nymus
189 675 274 735 Tomo
296 693 327 734 v.
350 692 423 756 pop.
443 671 495 736 72.
535 673 576 736 od
598 671 791 736 Eustochium
812 674 845 733 iu
867 689 920 732 vm
948 671 1052 752 (immo
1074 669 1125 754 ιιιι)
1159 671 1245 733 Gom-⁸

71 777 273 838 mcomriorum
295 779 407 839 Esaiae
427 770 645 862 cpootptdlor,
677 783 706 838 et
734 774 885 838 adversus
908 775 1057 856 Rufinum,
1088 777 1174 837 Tomo
1196 791 1241 836 m.

69 898 126 962 pop.
150 881 202 942 92.
232 881 410 943 nominatim
445 881 592 958 uteminit,
631 898 690 961 per
724 882 810 942 loan.
837 876 1054 942 Alemandrum
1083 880 1241 943 Brassica.

70 983 298 1046 iureconsultum
325 1003 368 1046 cm
395 986 517 1067 antiquo
547 984 722 1066 emcmplari
752 983 977 1046 dominicalium
1007 990 1135 1064 potrum
1162 981 1246 1064 opud

71 1087 242 1168 llopunuam
270 1086 350 1150 bona
367 1089 427 1169 fide
448 1087 642 1169 descriptum,
676 1094 704 1149 et
730 1088 763 1148 in
783 1088 917 1170 gratiam
938 1089 1004 1148 loa.
1026 1085 1149 1149 Sticlcli
1170 1087 1246 1148 cdo-

70 1188 194 1252 lesceutrs
215 1192 336 1272 optimi,
367 1193 473 1273 suique
501 1192 718 1274 consanpuioci
743 1189 873 1254 clariss.
899 1208 1004 1254 recens
1033 1189 1071 1252 ab
1098 1189 1247 1253 addititios

70 1294 148 1374 napis
168 1301 331 1372 assertum,
357 1303 385 1357 et
406 1313 497 1376 quom
515 1296 682 1377 purissime
700 1295 770 1375 lieri
789 1296 886 1376 potuit
907 1293 1110 1377 inculpatum.
1156 1294 1247 1374 vige-

70 1396 138 1458 simo
164 1415 247 1459 anno
282 1407 449 1479 postquam
476 1400 680 1462 Brassicanus
715 1399 879 1479 symmicta
914 1416 970 1459 sua
1003 1395 1246 1478 proverbiorum

71 1497 161 1561 edidit
182 1499 267 1566 idom
291 1500 448 1566 ludicrum
471 1511 697 1565 testamentum
716 1501 868 1582 Georgius
889 1500 1051 1564 Fabricius
1074 1503 1159 1563 inter
1179 1499 1248 1563 An-

70 1603 215 1682 tiquitatis
236 1617 440 1670 monumenta
463 1606 600 1686 insignia
623 1623 663 1667 ex
681 1623 755 1668 aere
778 1604 989 1668 marmoribus
1011 1603 1247 1668 membranisve

72 1705 224 1770 veteribus
247 1709 375 1772 collecta
397 1711 530 1791 reecpit,
562 1710 618 1790 qni
640 1708 723 1771 liber
745 1710 884 1790 primurn
907 1707 1014 1771 editus
1037 1718 1086 1771 est
1107 1708 1247 1770 basileae

71 1827 122 1887 per
141 1809 288 1874 loannem
307 1799 504 1894 Oporinum,¹
533 1831 616 1874 anno
637 1821 674 1874 ut
695 1810 824 1874 videtur
845 1831 966 1874 ιιιιιιιιιι.
995 1810 1121 1875 addidit
1142 1820 1273 1874 autema

72 1911 220 1977 Fabricius
242 1935 275 1997 p.
289 1917 327 1977 tt
350 1917 432 1979 bano
455 1916 706 1997 inscriptionem,
735 1918 954 1979 Testamentum
975 1915 1128 1978 ludicrum
1145 1917 1250 1977 Grun-

73 2017 111 2076 oii
143 2019 278 2082 Porcelli.
335 2022 527 2102 Descriptum
557 2021 659 2101 primo
693 2021 865 2103 llopuotioe
899 2040 919 2082 o
950 2021 1037 2082 locu.
1069 2016 1250 2083 Alcmondro

73 2119 257 2201 Brassicoao,
284 2131 312 2186 et
333 2144 353 2186 o
375 2143 421 2187 me
442 2130 611 2187 correctam
633 2123 705 2186 locis
721 2123 835 2205 arpos
856 2142 898 2184 coc
914 2125 1123 2206 antiquissimo
1146 2141 1251 2185 emem-

70 2215 164 2302 plari,
179 2226 301 2289 inuento
324 2227 521 2292 llemmelcbii
542 2229 583 2290 cd
610 2229 761 2306 Vostrum,
787 2229 820 2289 in
846 2228 1003 2310 luriupia
1050 2226 1184 2307 adparet
1209 2244 1250 2288 ne

73 2324 202 2390 Fabricio
226 2328 357 2410 quidem
379 2331 485 2393 italica
514 2330 708 2411 exemplaria
733 2339 806 2392 nota
835 2327 944 2393 fuisse.
990 2339 1097 2411 postea
1120 2329 1250 2411 porcelli

74 2439 284 2496 testamentum
307 2433 379 2496 aliis
400 2434 534 2496 aliorum
556 2433 648 2496 libris
674 2433 842 2515 repetitum
865 2443 928 2495 cst:
962 2453 1041 2514 quos
1063 2452 1252 2495 commemo-

74 2551 136 2595 rare
157 2554 219 2597 non
242 2555 321 2618 opus
344 2547 403 2618 est,
433 2557 506 2600 cum
534 2537 641 2600 nullus
664 2557 772 2600 eorum
802 2555 907 2617 neque
935 2535 976 2599 ad
999 2536 1252 2600 emendationem
1347 2525 1351 2532 ’

74 2653 170 2717 neque
196 2638 237 2702 ad
260 2642 556 2722 interpretationem
579 2643 749 2723 quicquam
779 2640 949 2704 contulerit
975 2651 1103 2722 practer
1126 2643 1253 2704 Petrum

75 2740 283 2824 lambecium,
325 2746 381 2826 qui
412 2747 445 2806 in
472 2747 769 2808 commentariorum
799 2745 840 2808 de
876 2744 1068 2808 bibliotheca
1102 2745 1254 2808 Caesarea

74 2842 301 2909 vindobonensi
324 2847 405 2910 libro
428 2867 462 2910 ιιι
484 2867 516 2929 p.
535 2850 598 2910 etc
615 2868 657 2911 ss.
690 2847 790 2911 breve
820 2858 1043 2911 testamentum
1072 2848 1255 2930 longissima

76 2955 105 3006 et
123 2949 356 3030 verbosissime,
389 2961 424 3014 ut
445 2951 568 3014 solebat
589 2953 704 3032 iacere,
729 2951 943 3033 disputatione
970 2951 1087 3014 obruit.
1134 2953 1168 3013 in
1192 2970 1255 3033 qua

76 3047 278 3132 disputatione
307 3073 370 3117 non
395 3055 482 3118 nulla
511 3029 596 3119 recte
625 3066 720 3137 atque
748 3056 881 3136 utiliter,
913 3056 1010 3118 multa
1039 3056 1196 3118 inutiliter
1224 3065 1256 3117 at

77 3155 221 3232 quaedam
249 3160 357 3239 inepte
387 3156 485 3238 dixit,
524 3158 604 3221 illud
632 3169 737 3223 autem
771 3160 866 3240 plane
898 3157 1038 3222 absurde
1068 3159 1142 3222 iecit
1170 3157 1256 3240 quod

77 3255 130 3318 hoc
157 3262 284 3342 porcelli
307 3270 493 3324 testamento
522 3264 678 3325 contineri
700 3265 842 3344 putavit,
880 3273 917 3326 ut
944 3265 1022 3345 ipsis
1051 3264 1120 3325 eius
1146 3261 1256 3324 verbis

77 3369 203 3444 utamur,
232 3365 372 3426 ‘satiram
388 3367 627 3446 aenigmaticam
650 3387 708 3430 seu
723 3368 888 3449 apologum
912 3368 1073 3429 satiricum
1096 3365 1136 3428 de
1159 3367 1256 3427 trium

80 3463 295 3544 imperatorum
310 3467 541 3532 Gordianorum
556 3471 621 3532 vita
644 3469 785 3533 moribus
805 3489 841 3532 ao
858 3469 955 3533 rebus
974 3471 1082 3551 gestis,
1108 3478 1140 3531 et
1161 3486 1257 3549 prae-

80 3565 163 3646 cipue
185 3569 315 3651 quidem
338 3571 378 3634 de
402 3573 602 3653 imperatoris
625 3572 775 3636 Gordiani
798 3573 886 3635 tertii
908 3593 968 3654 per
988 3572 1139 3654 praetorii
1161 3589 1257 3652 prac-

81 3666 188 3734 iectnm
216 3685 248 3737 et
275 3675 453 3738 invasorem
490 3677 615 3758 imperii
645 3675 823 3757 Philippum
852 3673 990 3738 brebem
1025 3675 1145 3739 nelarie
1180 3693 1258 3756 per-

81 3784 209 3856 petrata,
245 3776 304 3840 sod
332 3778 535 3841 callidissime
564 3780 714 3842 occultata
743 3777 985 3854 interiectione!
1037 3798 1110 3840 nam
1137 3778 1195 3839 boc
1222 3787 1259 3840 ut

80 3873 266 3944 demonstret
291 3901 352 3962 per
373 3881 513 3944 sedecim
535 3883 667 3964 paginas
688 3883 877 3945 insanientis
899 3884 1073 3964 sapientiae
1096 3881 1259 3944 consultus

81 3994 170 4046 errat.
214 3983 272 4048 sed
295 3983 443 4048 difficiles
465 3988 535 4049 eius
556 4005 658 4068 nugas
679 3987 868 4048 omittimus:
902 4003 1094 4068 quamquam
1116 4004 1157 4046 ne
1179 4002 1260 4064 pru·

80 4081 249 4151 deotissimi
283 4087 414 4170 quidem
444 4089 580 4152 bominis
607 4087 741 4170 Augusti
768 4087 915 4151 Lobeckii
944 4088 1157 4170 opinationem
1183 4105 1260 4167 pro-

81 4183 196 4272 bamus,
221 4191 276 4274 qui
300 4193 333 4253 in
355 4189 567 4274 Aglaopbamo
589 4211 646 4255 suo
667 4212 699 4273 p.
719 4193 780 4253 366
804 4191 939 4254 Grunnii
963 4197 1151 4253 testamento
1173 4188 1261 4251 ludi-

81 4309 134 4350 cro
153 4297 331 4378 exemplum
349 4294 477 4358 dedisse
499 4303 589 4377 putat
603 4304 751 4358 veterum
773 4295 1043 4376 philosophorum,
1067 4293 1258 4374 Aristotelis,

81 4395 206 4473 Lyconis
227 4409 258 4461 et
280 4408 474 4478 ceterorum,
507 4398 631 4462 tabulas
656 4417 822 4480 supremas
849 4397 890 4459 ad
918 4398 1112 4479 posteritatis
1142 4416 1261 4459 memo-

83 4496 159 4562 riam
179 4505 298 4566 curiose
322 4511 521 4585 propagatas.
570 4504 638 4566 cius
661 4503 707 4566 rei
730 4501 823 4564 nobis
844 4519 904 4563 nce
925 4501 995 4562 vola
1017 4519 1078 4562 nec
1093 4500 1262 4581 vestigium

136 4614 243 4672 ineptit
255 4619 368 4674 opuscula
382 4619 411 4660 11.
551 4641 555 4646 -
1025 4619 1055 4669 12
