3184 5108
375 393 462 454 litun
485 404 650 452 mettum
675 406 859 454 ιιιιαιιιιιιι
880 392 973 452 4899.
1195 375 1267 446 211

102 573 164 642 tt’
193 573 336 664 ἶιιιηρέτρς
364 575 442 643 εἶναι
471 575 576 666 λαχιὸν
605 579 663 642 πᾶν
685 574 719 642 τὸ
741 575 855 664 ταχθὲν
878 572 1042 664 ὖπειπονῇ.
1089 577 1271 658 exemplu-

101 682 156 744 ludi
184 682 311 764 praebet
340 685 480 745 narratio
509 683 606 746 Taciti
636 701 711 744 ann.
735 700 789 743 xm
814 681 853 742 tt
891 677 1026 768 <morem
1050 691 1274 743 commemorat

101 785 221 847 Galenus
243 803 251 846 ι
274 806 306 867 p.
326 781 396 872 96).
445 787 520 848 hine
543 787 639 868 igitur
661 805 724 848 non
747 785 953 866 consequitur
982 804 1074 864 reges
1102 804 1120 846 a
1143 783 1273 846 Graecis

99 887 187 950 dictos
211 907 279 950 esse
307 890 364 970 qui
394 900 579 970 praeessent
608 891 763 968 convivio,
797 888 1045 969 reducimurque
1074 889 1203 949 omnino
1231 907 1272 950 ex

99 991 151 1052 illis
177 993 468 1073 interpretationum
497 991 685 1073 ambagibus
712 991 753 1053 ad
776 991 951 1071 simplicem
982 1000 1014 1052 et
1041 1001 1185 1072 apertum
1215 1010 1273 1052 ex-

98 1095 290 1173 plicationem.
350 1111 444 1176 quam
475 1097 717 1176 explicationem
752 1111 987 1156 consummasse
1022 1093 1116 1156 uobis
1143 1094 1274 1155 videtur

97 1195 258 1260 Odolredus
273 1199 445 1260 Muellerus
469 1201 501 1259 iu
525 1199 654 1260 historia
677 1199 855 1260 litterarum
870 1197 1060 1260 Graecarum
1084 1207 1107 1258 t.
1126 1217 1135 1259 1
1152 1217 1185 1278 p.
1197 1198 1270 1260 tet.

97 1316 159 1361 nem
180 1317 248 1364 curn
265 1302 391 1364 Procles
412 1311 536 1363 tantum
557 1319 666 1382 neque
687 1302 782 1364 simul
798 1301 1015 1382 Eurysthenes
1037 1299 1077 1363 ab
1095 1301 1168 1362 lone
1188 1321 1274 1362 corn-

98 1415 271 1467 mcnroratus
293 1403 345 1483 sit,
378 1405 456 1466 scite
479 1401 638 1466 intellexit
665 1421 772 1485 regem
795 1403 1076 1466 Lacedaemonium
1100 1423 1196 1485 quern
1219 1405 1274 1465 ille

96 1507 206 1570 salvere
228 1509 319 1570 iussit
341 1508 441 1569 luisse
471 1525 510 1568 ex
533 1507 650 1569 Proelia
676 1525 793 1588 genere
822 1509 1034 1588 cogitavitque
1063 1507 1274 1588 probabiliter

101 1609 171 1687 [nam
199 1621 341 1692 tempore
363 1611 550 1693 congruunt)
578 1609 620 1672 de
641 1609 844 1672 Archidamo⁴

171 1716 334 1795 Postquam
358 1729 465 1794 regem
489 1723 581 1795 poeta
603 1714 727 1776 salvere
751 1715 859 1792 iussit,
892 1715 1045 1775 concinna
1068 1716 1208 1776 oratione
1231 1715 1274 1774 itu

96 1815 197 1897 pergit,

272 1913 345 2004 ἡμῖν
368 1917 401 1982 δὲ
423 1914 543 2006 κρητῆρ’
570 1915 705 2005 οἰνοχόοι
725 1913 856 2004 θέραπες

208 2018 372 2109 κιρνάντων
393 2015 593 2108 προχύταισιν
613 2023 645 2085 ἐν
668 2017 844 2108 ἀργυρέοις·
972 2104 977 2113 Ι

93 2141 188 2206 neque
202 2136 304 2208 potest
320 2125 460 2188 dubitari
477 2128 555 2206 quin
580 2136 665 2187 recte
688 2127 731 2186 ita
746 2127 899 2206 scriptum
915 2125 956 2187 sit
975 2125 1062 2207 apud
1076 2124 1274 2188 Athenaeum

93 2243 119 2306 p.
137 2229 206 2310 tto,
230 2229 287 2291 ubi
311 2229 444 2292 docetur
460 2229 539 2310 quitl
558 2231 599 2291 sit
620 2223 771 2314 προχύτης
794 2229 1048 2311 adieruntnrque
1072 2230 1103 2290 hi
1121 2226 1184 2290 duo
1198 2247 1275 2290 ver-

93 2347 156 2393 sus:
179 2344 281 2412 autea,
308 2332 364 2394 nbi
381 2335 525 2413 quinque
540 2331 675 2393 disticha
699 2332 860 2411 leguntur,
886 2333 1039 2412 scriptum
1062 2342 1112 2393 est
1135 2331 1276 2393 inlibris

92 2437 258 2520 προχοαῑαιν
280 2436 311 2498 ἐν
336 2429 508 2521 ἀργυρέοις.
556 2435 614 2497 sed
636 2433 823 2495 dillicillima
846 2445 920 2497 suut
942 2453 1025 2516 quae
1048 2445 1211 2515 secuntur,

744 2531 818 2600 iil
840 2532 952 2623 χρυσὸς

210 2639 290 2706 οἶνον
313 2639 394 2727 ἔχων
416 2644 530 2730 χειρῶν
550 2634 656 2710 atticis
678 2639 721 2711 εἰς
742 2637 866 2726 ἔδαφος.

94 2741 213 2806 filerunt
246 2747 301 2825 qui
336 2746 415 2806 haec
442 2744 630 2824 intellegere
662 2741 724 2805 sibi
755 2743 962 2807 viderentur:
999 2763 1079 2826 quos
1107 2747 1273 2824 mittimus,

92 2863 156 2908 enm
176 2867 239 2910 non
262 2847 477 2930 probabiliora
508 2847 699 2928 protulerint
726 2865 822 2928 quam
846 2845 1066 2926 Cemmenus,
1098 2865 1195 2928 quern
1216 2865 1276 2908 ue-

91 2953 234 3032 qniquem
256 2961 419 3013 aestuasse
448 2960 484 3013 ut
506 2947 700 3012 commodam
723 2951 812 3012 illinc
838 2951 1028 3012 sententiam
1052 2952 1183 3013 eliceret
1206 2953 1275 3013 iure

92 3049 165 3115 dixit
186 3055 349 3116 Bentleius
373 3056 404 3115 iu
428 3053 564 3135 epistula
586 3052 627 3116 ed
649 3052 780 3116 llillium
803 3051 943 3134 (operum
966 3055 1095 3135 allycio
1117 3053 1275 3117 editorum

92 3163 112 3215 t.
128 3173 149 3216 ιι
163 3175 197 3238 ρ.
212 3157 301 3240 399).
342 3157 484 3218 Bentleio
500 3157 542 3218 ita
558 3155 766 3218 scribendum
782 3173 852 3218 esse
867 3155 1049 3236 videbatur,
1075 3151 1091 3218 ‘o
1108 3147 1134 3219 δ’
1150 3155 1275 3228 innuo<

92 3251 173 3322 Οἶνον
193 3258 274 3346 ἔχων
296 3259 410 3345 χειροῖν
440 3252 527 3330 ἱζέτω
550 3258 592 3331 εἰς
617 3256 741 3344 ἔδαφος.
788 3259 865 3339 legit
893 3259 1061 3340 epistulam
1092 3261 1166 3322 eius
1185 3269 1276 3321 ente-

93 3377 178 3442 qusm
201 3363 363 3444 divulgata
385 3371 434 3425 est
449 3361 619 3425 Eduardus
637 3360 837 3426 Bernartius:
864 3363 918 3442 qui
942 3381 1014 3423 cum
1037 3361 1077 3423 de
1101 3363 1184 3424 lonis
1206 3380 1277 3450 cerff

93 3466 172 3528 mine
191 3465 285 3529 valde
307 3465 447 3529 absurda
477 3466 652 3547 proferret,
687 3465 757 3526 risit
785 3483 821 3526 ea
844 3463 1007 3526 Bentleius
1029 3483 1184 3545 suamque
1206 3466 1277 3547 epia

93 3569 210 3631 monem
232 3585 295 3631 nen
319 3568 446 3648 abiecit,
472 3568 529 3630 sed
551 3567 677 3630 addidit
697 3567 801 3646 aliam
827 3567 959 3648 propius
979 3585 998 3628 a
1019 3565 1173 3628 librorum
1196 3568 1278 3628 scri-

93 3677 177 3748 pture
205 3671 319 3734 abesse
349 3673 533 3734 existimans
562 3665 579 3734 ὃ
609 3665 633 3732 δ’
664 3665 791 3756 ἃροθρὸν
814 3665 905 3733 Οἶνον
933 3666 1015 3754 ἔχων
1043 3669 1159 3754 χειροῖν
1189 3665 1278 3740 ἱζέτω

93 3770 131 3843 εἰς
151 3771 260 3860 ἔδαφος
281 3773 341 3855 (nc
361 3775 617 3856 corresponderet
633 3773 668 3856 of
677 3773 812 3836 liiclord
826 3773 950 3854 Bentley
972 3783 994 3834 t.
1013 3789 1024 3834 ι
1045 3793 1077 3853 p.
1092 3772 1159 3856 tt).
1195 3791 1277 3834 neu-

94 3882 171 3938 trum
192 3879 377 3940 mutationis
397 3877 547 3939 lacilitate
569 3873 783 3939 commenderi
807 3893 869 3936 nou
893 3885 941 3937 est
964 3873 1049 3955 quod
1070 3893 1275 3956 urguemus,

95 3994 162 4040 cure
180 3995 220 4043 ue
251 3980 333 4042 ferri
362 3979 492 4061 quidem
521 3980 643 4061 possint
672 3995 755 4060 quae
782 3979 852 4040 viro
880 3997 958 4041 sene
981 3980 1118 4040 maximo
1146 3977 1279 4040 sedhic

95 4081 180 4146 valde
199 4084 364 4148 festinanti
387 4083 420 4145 in
443 4091 583 4145 nentem
605 4092 778 4144 venerunt.
823 4099 896 4143 nani
925 4082 993 4144 sive
1015 4080 1140 4153 ἕκαστος
1162 4080 1279 4143 scribi-

95 4201 160 4246 mus
179 4197 209 4250 st
230 4187 381 4248 convivas
403 4195 526 4267 poetam
549 4185 676 4266 adloqui
698 4195 864 4266 putamus,
896 4185 966 4246 sive
989 4177 1135 4269 ἐρυθρόν,
1166 4194 1202 4246 ut
1226 4203 1279 4246 re-

96 4303 162 4364 gere
179 4289 379 4370 adloquatnr,
407 4307 467 4351 our
487 4298 542 4351 aut
563 4291 712 4350 convivas
733 4298 788 4350 aut
810 4302 918 4367 regem
943 4289 975 4347 iu
998 4287 1180 4368 pavimento
1202 4305 1280 4348 eou-

95 4388 192 4455 sidere
215 4391 325 4456 iubeat
351 4393 445 4472 plane
469 4409 531 4452 non
555 4391 768 4470 intellegitur:
801 4389 890 4451 humi
919 4391 1005 4453 enim
1028 4389 1142 4452 sedere
1166 4389 1280 4468 lugen-

96 4491 167 4554 tium
192 4505 279 4574 erat,
310 4513 374 4558 non
403 4495 504 4557 hilare
533 4494 780 4556 convivantium.
827 4511 934 4573 neque
963 4495 990 4554 si
1014 4491 1094 4554 iorte
1115 4491 1282 4554 Bentleius

1019 4612 1072 4662 ll*
