3184 5108
329 333 402 404 234
630 349 715 407 laam
739 364 900 408 aacrrouru
923 364 1100 407 lacrimare
1119 347 1211 405 ⁴863.

413 535 571 616 phadibus
601 537 713 598 insulis
742 538 838 598 maris
867 536 944 598 lonii
983 535 1115 597 luissent
1146 535 1179 596 iu
1206 534 1304 595 torma
1335 535 1496 607 voluomm,

413 640 491 701 lacie
514 651 619 702 tamon
644 641 802 720 virginali,
835 659 917 720 quae
942 639 1102 700 bominum
1133 639 1257 718 linguas
1287 639 1372 718 loqui
1402 646 1499 718 potue-

415 753 488 804 ruut
517 753 548 804 ct
579 743 688 804 rabida
717 743 798 804 lame
828 763 954 824 semper
983 741 1205 804 insaturabiles
1233 751 1324 803 erant
1352 751 1385 802 et
1407 739 1498 802 cibum

414 847 503 908 uncis
525 845 662 928 pedibus
684 847 725 908 de
748 864 843 908 manu
865 845 1121 908 manducantium
1145 854 1321 908 traxerunt.

481 968 532 1028 lb.
573 965 766 1028 Eumenides
795 985 922 1047 quoque
951 965 1105 1046 quasdam
1134 964 1285 1027 mulieres
1307 983 1388 1026 vana
1414 965 1501 1025 histo-

413 1071 459 1132 ria
484 1070 652 1151 depromit,
678 1089 759 1150 quae
782 1072 947 1150 vipereum
971 1070 1092 1131 crinem
1124 1067 1302 1131 babuerunt
1329 1069 1502 1148 sanguineis

414 1174 500 1235 vittis
523 1175 687 1251 innexum,
713 1191 774 1254 quo
790 1173 927 1235 caerulei
944 1192 1063 1253 angues
1084 1193 1143 1254 por
1159 1192 1306 1234 vesanam
1322 1171 1501 1234 discordiam

413 1276 587 1339 scatebant.
634 1295 768 1356 quarum
798 1276 892 1338 lerroi
917 1276 1044 1337 thalami
1068 1287 1144 1357 aput
1175 1275 1291 1337 inleros
1315 1274 1503 1338 incredibili-

413 1378 474 1442 bus
497 1380 660 1460 finguntur
683 1378 809 1442 tabulis,

480 1501 531 1561 to.
571 1502 647 1563 ltem
675 1501 772 1580 satyri
795 1511 827 1561 et
849 1500 1023 1563 incubones
1045 1501 1207 1563 silvestres
1236 1500 1379 1561 homiues
1402 1498 1504 1560 (ficuu-

415 1614 478 1681 tur‚
504 1623 638 1685 quorum
666 1622 740 1683 pars
762 1623 883 1665 summa
912 1604 1048 1666 humano
1070 1603 1193 1684 corpori
1221 1603 1381 1664 simillima
1411 1613 1441 1663 et
1463 1602 1504 1662 iu-

416 1706 511 1769 leuior
533 1727 604 1768 cum
628 1706 767 1770 ferarum
789 1707 898 1768 formis
921 1718 956 1769 ut
979 1707 1144 1770 faunorum
1167 1694 1374 1787 depingitur.¹

481 1827 532 1889 lt.
574 1829 611 1890 Et
634 1826 791 1908 quoddam
816 1839 990 1890 monstrum
1012 1827 1097 1908 apud
1121 1827 1238 1889 inferos
1255 1847 1326 1888 osse
1349 1827 1503 1900 scribitur,

415 1931 472 1992 hoc
495 1941 543 1992 est
565 1932 680 2011 Tityos,
706 1951 800 2012 quem
825 1933 940 1993 Terrae
963 1932 1125 1994 aluumum
1145 1929 1306 2010 dixerunt,
1332 1933 1424 1994 cuius
1446 1949 1506 1991 eor-

415 2055 475 2116 pus
497 2054 556 2115 per
578 2054 642 2096 um
665 2036 773 2116 iugera
797 2032 840 2096 ibi
865 2043 1045 2116 porrectum
1068 2034 1261 2097 extenditur.

480 2139 531 2199 l8.
571 2135 717 2219 Aegaeon
747 2157 874 2219 quoque
908 2147 1083 2200 monstrum
1111 2137 1197 2200 aliud
1227 2138 1405 2200 vastissima
1434 2137 1506 2198 molo

416 2251 448 2302 et
477 2241 593 2304 iormae
618 2241 815 2303 incredibilis
838 2241 934 2304 luisse
958 2252 1116 2320 narratur,
1150 2244 1205 2323 qui
1234 2240 1345 2304 babuit
1370 2261 1386 2302 ι
1415 2243 1506 2322 capita

416 2355 448 2406 et
471 2365 503 2404 o·
519 2363 631 2407 manus
661 2355 692 2406 et
720 2363 911 2426 unoquoque
941 2365 995 2408 oro
1027 2347 1131 2425 iguem
1161 2365 1290 2408 vomens
1324 2347 1507 2427 crepitantes

416 2447 579 2510 eructabat
608 2448 749 2510 flammas
771 2457 802 2509 et
825 2448 864 2510 ad
888 2447 1041 2512 bellorum
1065 2451 1276 2512 instrumenta
1305 2469 1322 2510 ι
1346 2450 1460 2530 clipeos
1480 2457 1506 2508 et

330 2553 370 2614 20
416 2551 545 2614 totidem
569 2552 688 2634 gladios
711 2556 857 2636 portavit.

481 2658 532 2717 tt.
574 2659 690 2718 Ferunt
719 2657 844 2720 fabulae
868 2657 1056 2720 Graecorum
1087 2657 1232 2719 homiues
1262 2658 1417 2719 inmensis
1444 2675 1507 2717 cor-

414 2759 545 2839 poribus
562 2760 659 2824 luisse
683 2772 713 2823 et
737 2763 768 2824 in
793 2771 877 2824 tanta
901 2761 981 2823 mole
1005 2771 1109 2823 tamen
1133 2760 1269 2824 bumano
1293 2762 1404 2842 generi
1426 2761 1507 2822 simi-

329 3018 444 3084 padibus
462 3019 491 3070 A.
592 3024 614 3068 t.
637 3021 717 3070 maris
736 3022 802 3071 iunii
821 3021 851 3077 A,
879 3021 943 3070 ionii
963 3021 1045 3070 maris
1065 3021 1094 3070 a.
1188 3025 1213 3069 Ξ.
1240 3019 1308 3069 lucie
1334 3021 1434 3071 tantum
1459 3019 1505 3070 Ar.

331 3104 428 3168 linguis
448 3106 477 3155 B.
550 3111 574 3157 ³.
596 3105 687 3156 rabida
708 3107 851 3170 Berperaa:
872 3107 964 3172 rapida
984 3106 1035 3156 AB.
1091 3105 1273 3156 insaturabilis
1291 3107 1320 3156 A.
1393 3109 1416 3155 t.
1438 3119 1507 3154 man-

330 3191 477 3241 dloautium
497 3193 524 3241 A.
564 3196 652 3242 omnio
670 3197 773 3255 sumpto
791 3197 902 3243 senten
925 3193 1267 3257 reparamentum.
1356 3197 1380 3242 5.
1399 3205 1456 3242 auu
1474 3192 1506 3239 De

330 3278 490 3328 eumenides
509 3277 537 3336 A,
564 3291 640 3329 anum
660 3278 697 3328 De
717 3278 915 3329 Eumenidibus
935 3279 974 3328 B?
1060 3281 1085 3328 a.
1107 3279 1230 3343 uiperum
1250 3279 1289 3329 B:
1321 3281 1390 3344 Verp.
1412 3279 1471 3329 Aee.
1485 3289 1506 3323 ιι

330 3366 379 3413 28⁰
404 3363 537 3428 terretque
561 3363 735 3415 eumenidum
760 3364 868 3415 thalami
893 3368 921 3414 et
944 3363 1081 3415 Discordia
1106 3364 1218 3414 demens
1243 3365 1388 3430 vipereum
1411 3365 1505 3414 crinem

331 3450 404 3499 vittls
422 3450 519 3500 innexa
537 3451 664 3501 cruentis.
753 3455 776 3500 t.
798 3452 939 3501 inuentum
952 3451 980 3500 A.
1053 3450 1115 3514 quo]
1136 3463 1215 3515 quam
1229 3451 1259 3508 B,
1280 3451 1393 3516 quodA.
1463 3463 1506 3499 ue·

330 3549 422 3585 sanam
437 3537 467 3595 A,
494 3536 626 3586 insaniem
640 3538 669 3586 B.
761 3541 784 3586 8.
806 3534 985 3587 sactabautlt.
1059 3535 1138 3586 terrei
1157 3537 1241 3587 omB.
1331 3541 1370 3586 to.
1391 3551 1454 3586 xum
1473 3536 1506 3584 lle

330 3623 427 3672 saturis
451 3626 478 3672 et
501 3623 650 3674 incubones
668 3624 698 3685 A,
723 3635 780 3672 ιιιι
799 3624 887 3686 Satyri
907 3623 948 3672 lt?
1016 3623 1098 3672 saturi
1117 3621 1169 3674 Aa.
1242 3623 1358 3674 siluestri
1381 3623 1409 3673 ll.
1578 3681 1579 3700 χ

331 3712 371 3757 ta.
392 3709 420 3757 at
438 3707 561 3758 lanarum
580 3708 732 3773 depingitur
749 3710 778 3768 A,
805 3711 832 3758 et
850 3708 990 3758 faunorum
1010 3708 1193 3773 depinguntur
1206 3711 1235 3759 a.
1321 3714 1360 3760 te.
1381 3723 1453 3758 anua
1472 3709 1505 3756 lle
1578 3701 1579 3712 ¹

330 3793 482 3852 ttoioueA,
509 3795 580 3844 ullo
598 3795 677 3858 Tityo
703 3796 743 3845 a?
812 3794 845 3844 Et
870 3793 941 3859 quod
966 3793 994 3844 A.
1067 3793 1223 3845 inscribitur
1240 3793 1270 3846 A.
1362 3799 1400 3846 tt.
1420 3795 1461 3844 hle
1478 3795 1503 3844 A.

330 3881 402 3930 titios
420 3880 451 3938 B,
472 3882 552 3931 ticina
570 3881 598 3930 A.
654 3881 794 3932 alumnum
814 3883 901 3932 terrae
921 3883 950 3931 B.
1025 3885 1066 3930 ta.
1086 3880 1288 3931 extenditurA:
1309 3883 1422 3932 valterio
1437 3883 1506 3930 iecur

331 3967 357 4015 in
376 3966 471 4030 epulae
487 3966 608 4031 praebet,
627 3967 698 4031 quod
716 3967 889 4032 absumptum
902 3967 946 4017 dle
966 3969 1043 4017 nocte
1063 3967 1088 4016 in
1107 3979 1208 4032 poenm
1226 3969 1384 4018 renascitur.
1415 3971 1438 4017 to
1450 3967 1505 4016 vtr-

330 4051 393 4115 gilio
412 4051 509 4114 legitur
528 4053 556 4103 a.
599 4054 665 4116 cons.
687 4055 749 4104 Aen.
770 4068 794 4102 vr
814 4057 863 4103 595
883 4067 916 4103 as.
1008 4057 1048 4102 ta.
1074 4066 1162 4104 anum
1186 4053 1224 4104 De
1245 4065 1347 4116 egaeae
1366 4055 1394 4115 A,
1418 4067 1440 4104 m
1456 4055 1504 4104 Ae-

330 4149 414 4201 gaeon
435 4138 476 4188 A?
546 4138 635 4200 ligeon
655 4139 707 4188 AB.
780 4139 963 4190 vastissimum
983 4140 1011 4189 a.
1106 4143 1146 4190 tr.
1167 4139 1242 4190 abuit
1260 4138 1289 4190 A.
1385 4145 1422 4190 tt.
1441 4139 1503 4201 igni-

331 4235 444 4273 vomens
463 4225 492 4274 a.
566 4229 606 4273 ta.
627 4227 776 4275 strumenta
791 4227 819 4276 Β.
878 4228 906 4275 et
923 4225 1083 4276 totidemA:
1103 4227 1269 4291 totidemque
1290 4227 1319 4278 Β.
1389 4231 1428 4276 tt.
1446 4237 1504 4290 por-
1576 4235 1577 4248 ¹

332 4310 411 4360 lavit:
437 4313 495 4372 post
513 4311 559 4360 loc
576 4313 683 4361 eertum
701 4325 775 4362 amm
795 4313 1000 4375 cerumtamen
1020 4313 1049 4363 a.
1099 4313 1166 4376 coel.
1184 4315 1256 4378 Verp.
1272 4313 1364 4364 Aean
1383 4315 1427 4363 stt
1438 4323 1469 4360 rr.

330 4399 373 4446 at.
399 4409 414 4445 r.
439 4395 477 4446 De
501 4396 715 4463 dracoutopedes
738 4399 773 4456 A,
811 4411 845 4449 ιιι
870 4398 1088 4463 Dracoatopodes
1112 4399 1154 4450 B?
1261 4403 1309 4450 aa.
1338 4403 1432 4450 tanmm
1453 4397 1499 4445 hu-

332 4483 403 4533 mani
422 4483 451 4533 A.
