3268 5108
306 358 355 430 60
602 375 690 436 lrosx
710 391 878 435 nccrtouvn
900 389 1083 434 nicaenum
1103 371 1196 434 t85i.

304 562 345 624 de
368 583 431 644 quo
453 583 540 626 nunc
561 562 723 626 disserere
745 563 854 644 paucis
875 561 1022 626 volumus
1044 572 1213 644 propterea
1237 571 1273 624 ut
1295 579 1377 622 novo
1400 558 1495 622 docu-

304 677 409 728 mento
431 669 655 730 confirmemus
677 664 855 730 cavendum
880 685 950 728 esse
980 685 1020 728 ne
1045 666 1242 747 Propertium
1264 662 1418 728 obscures
1440 684 1495 744 po-

304 772 366 834 tius
388 770 511 834 tabulas
534 779 676 834 secutum
700 789 769 834 esse
800 779 855 833 aut
885 772 1093 853 neglegenter
1115 768 1242 832 diverse
1272 769 1494 849 permiscuisse

302 871 470 937 credemus
499 893 593 956 quem
622 893 658 936 ee
682 873 801 936 dixisse
825 892 908 955 quae
932 891 984 936 ree
1006 871 1204 954 postulabat,
1237 890 1333 954 quem
1361 870 1403 934 ad
1430 891 1494 934 mo-

303 976 379 1042 dum
409 978 490 1042 lovis
525 979 577 1041 illa
612 976 805 1041 incunabula
834 997 871 1039 nc
898 987 1056 1040 tormenta
1090 977 1254 1057 gigantum
1290 975 1492 1038 removimus.

302 1081 410 1161 itaque
434 1083 616 1164 Propertius
645 1083 678 1144 in
701 1081 842 1144 carmine
870 1081 1029 1144 tricesimo
1056 1080 1155 1144 altero
1178 1079 1252 1141 libri
1282 1079 1389 1158 tertii,
1421 1077 1495 1142 dum

302 1185 462 1248 levitatem
487 1187 641 1267 Cynthiae
665 1193 805 1264 excusat,
832 1184 910 1246 haec
931 1185 974 1246 eit
1003 1183 1044 1265 (v.
1063 1184 1102 1244 33
1120 1183 1191 1266 ss),

431 1291 500 1372 ipsc
528 1291 635 1367 Venus,
661 1289 801 1372 quemvis
823 1295 971 1370 corrupto
992 1285 1116 1349 libidine
1138 1287 1262 1364 Mortis,

508 1411 563 1455 nec
584 1393 686 1456 minus
708 1393 741 1454 in
762 1392 845 1454 cneio
867 1408 986 1474 semper
1007 1390 1131 1454 toomtc
1150 1391 1222 1472 suit,

431 1497 570 1578 puomvis
593 1495 652 1557 Ida
675 1496 779 1558 Parim
798 1502 953 1576 pastorem
976 1494 1057 1557 dicat
1078 1475 1206 1557 irretiisse¹

509 1607 598 1681 otpoe
621 1599 700 1661 inter
719 1599 849 1680 pecudea
871 1597 1048 1662 neminisse
1069 1597 1168 1660 dcem.

431 1703 484 1765 doc
506 1709 535 1763 et
555 1701 800 1782 domndrpodum
822 1703 969 1784 spectavit
991 1701 1082 1763 turbe
1104 1719 1256 1778 sororum,

507 1805 654 1887 silentque
676 1785 773 1882 senes,
798 1813 827 1867 et
844 1811 936 1886 poter
958 1807 1022 1887 ipse
1043 1805 1138 1880 odori,

430 1927 498 1973 cnm
520 1907 628 1990 potos
651 1905 742 1971 idaeo
764 1909 865 1992 lepisti
881 1927 973 1990 pomo
995 1907 1051 1971 sub
1073 1913 1173 1982 antro,
1274 1954 1277 1960 .

507 2013 665 2094 supposito
687 2012 844 2094 excipiens
865 2013 958 2076 ccicc
979 2011 1060 2074 domo
1081 2029 1187 2072 ninom

302 2118 383 2180 nihil
405 2117 438 2177 in
462 2116 512 2178 his
534 2125 582 2178 est
604 2115 689 2196 quod
714 2116 825 2178 merito
852 2114 1089 2197 reprehendes,
1121 2123 1250 2197 preater
1279 2135 1377 2178 unum
1402 2135 1493 2178 voca-

303 2221 425 2298 bulum,
451 2218 492 2281 dc
515 2238 577 2300 quo
600 2227 708 2300 postca
731 2217 868 2282 dicetur.
914 2218 972 2282 sed
995 2219 1089 2300 primi
1113 2218 1176 2281 duo
1191 2237 1315 2298 verene,
1341 2237 1421 2300 quos
1437 2219 1495 2282 ad-

302 2323 490 2404 scripsimus
512 2323 624 2404 quales
646 2322 678 2383 in
702 2319 810 2384 codice
833 2321 1034 2403 Groningeno
1058 2323 1220 2404 leguntur,
1251 2342 1322 2384 cum
1351 2341 1413 2386 non
1446 2326 1496 2385 in-

302 2428 535 2508 tellegerentur
562 2424 742 2506 (videbatur
770 2425 856 2486 enim
883 2425 1017 2488 verbum
1048 2425 1186 2509 deesse),
1220 2445 1283 2488 non
1313 2445 1376 2488 uno
1404 2427 1496 2489 modo

302 2531 415 2593 mutati
438 2539 524 2592 sunt.
572 2529 690 2591 etenim
712 2528 794 2591 alius
816 2530 884 2590 Noc
906 2532 1007 2593 minus
1028 2527 1235 2592 scribendum
1259 2549 1328 2593 esse
1358 2532 1501 2613 putavit,

302 2633 388 2716 quod
409 2652 427 2696 a
450 2633 562 2696 Puccio
584 2631 766 2695 adnotatum
797 2643 828 2694 et
856 2633 889 2694 in
920 2651 983 2695 non
1009 2633 1107 2696 nullis
1136 2632 1300 2698 codicibus
1329 2635 1496 2697 inventum

212 2749 217 2768 '
301 2747 364 2812 est;
391 2737 462 2798 eliis
485 2734 617 2800 tortasse
641 2737 845 2817 interrogatio
869 2736 1042 2818 elegantior
1064 2755 1134 2801 esse
1150 2735 1332 2816 videbatur,
1357 2747 1393 2800 ut
1415 2740 1497 2806 Num

301 2841 402 2903 mines
424 2838 605 2902 scriberent
624 2836 706 2920 (nem
729 2840 788 2902 hoc
809 2859 885 2902 sene
909 2841 1008 2903 latere
1030 2849 1178 2922 putemus
1201 2842 1234 2902 in
1259 2841 1311 2902 illo
1332 2843 1422 2904 Nunc
1438 2845 1496 2904 mi-

301 2963 360 3007 mis
376 2940 607 3025 quodquidam
628 2940 704 3004 libri
727 2943 875 3027 hebent);
904 2943 1044 3026 denique
1066 2953 1197 3025 propter
1219 2944 1353 3007 eandem
1369 2963 1497 3008 causam

302 3049 334 3109 in
358 3046 561 3128 Neapolitano
583 3044 690 3108 codice
709 3046 813 3129 fertur
835 3048 972 3129 positum
995 3057 1044 3110 est
1067 3048 1099 3108 in
1123 3049 1225 3129 primo
1247 3061 1356 3127 versu,
1382 3046 1439 3111 ubi
1464 3051 1496 3110 in

302 3151 503 3232 Groningeno
531 3151 711 3232 ceterisque
740 3148 832 3212 libris
854 3169 965 3214 verum
996 3149 1184 3214 vocabulum
1214 3153 1354 3232 gemmeis
1383 3171 1497 3214 serve-

302 3266 369 3319 tum
392 3263 451 3316 est.
499 3253 630 3316 minime
658 3263 764 3316 autem
787 3273 867 3335 opus
889 3264 937 3317 cst
962 3264 998 3318 ut
1020 3255 1192 3336 quicquam
1215 3263 1367 3335 mutetur,
1400 3254 1497 3319 dnm-

302 3357 394 3420 modo
416 3357 505 3434 heco,
531 3358 592 3418 Nee
613 3358 714 3420 mirem
736 3360 770 3419 in
791 3359 873 3421 caeto
895 3375 1013 3440 semper
1035 3356 1160 3421 honesto
1178 3357 1250 3440 suit,
1278 3357 1356 3421 illud
1379 3359 1497 3422 oratio-

301 3463 352 3524 nis
380 3460 506 3524 scheme
536 3461 701 3522 continere
730 3461 953 3543 intellegemus
982 3460 1067 3542 quod
1094 3462 1288 3542 grammatici
1312 3455 1371 3525 ἀπὸ
1394 3467 1497 3528 κοινοῦ

297 3563 427 3630 dicunt:
461 3583 535 3626 nem
557 3563 642 3644 quod
665 3565 794 3646 proprie
817 3585 889 3628 cum
913 3565 958 3626 eis
981 3583 1063 3646 quae
1090 3563 1287 3646 praecedunt
1315 3565 1358 3627 ite
1381 3585 1497 3629 conec-

302 3667 434 3732 tendum
465 3677 533 3730 erat
563 3678 598 3731 ut
627 3668 790 3731 diceretur
816 3688 877 3731 noo
899 3671 1000 3731 minus
1029 3669 1153 3732 temeto
1172 3667 1243 3750 sut't,
1276 3668 1309 3731 id
1339 3689 1411 3732 cum
1443 3690 1497 3732 sc-

302 3768 476 3854 quentibns
502 3770 622 3852 verbis,
654 3771 695 3834 ad
725 3790 807 3853 queo
836 3772 956 3854 pariter
984 3773 1142 3853 pertinet,
1174 3772 1311 3854 quedem
1339 3775 1497 3856 anticipa-

302 3876 387 3938 tione
415 3875 618 3938 coniunctum
648 3884 706 3938 est.
758 3876 859 3938 sensit
884 3875 943 3936 hoc
973 3875 1215 3957 llertcbergiuS,
1246 3875 1304 3938 sed
1327 3878 1496 3940 veritatem

302 3977 462 4040 levissima
488 3975 531 4040 de
552 3997 645 4040 causa
668 3980 802 4060 respuit,
848 3996 961 4040 verum
989 3978 1030 4041 de
1054 3979 1106 4042 illo
1128 3979 1300 4058 schemate,
1332 3998 1395 4061 quo
1419 4001 1497 4062 poc-

302 4091 352 4144 tae
375 4081 476 4143 Latini
494 4078 783 4145 Alexandrinorum
806 4091 972 4162 poctarum
995 4083 1169 4145 imitatione
1191 4082 1354 4164 paullatim
1377 4083 1498 4147 adsue-

302 4182 373 4247 lecti
397 4185 582 4265 saepissime
605 4187 653 4248 usi
676 4195 763 4264 sunt,
797 4185 874 4246 alies
898 4184 1030 4248 tortasse
1052 4186 1199 4267 pluribus
1221 4186 1376 4264 dicemus,
1410 4205 1497 4250 nunc

301 4288 334 4350 hi
350 4306 463 4352 versus
477 4289 569 4351 aliam
594 4288 840 4370 disputationem
863 4289 1033 4370 postulant.
1076 4290 1230 4352 miremur
1252 4289 1337 4352 enim
1361 4289 1394 4352 id
1411 4290 1498 4372 quod

259 4391 463 4459 tonotissime
479 4393 643 4455 Homerica
666 4391 772 4455 iebule
795 4393 1016 4474 pervulgatum
1040 4380 1126 4475 cred,
1151 4391 1320 4456 Anchisam
1344 4413 1416 4458 oum
1434 4395 1497 4457 Ve-

304 4513 383 4558 nere
412 4497 445 4558 in
474 4495 527 4558 lda
557 4495 784 4574 concubuisse,
816 4496 886 4559 sino
910 4496 1055 4578 exemplo
1078 4497 1110 4558 in
1134 4497 1278 4560 Paridem
1307 4498 1496 4561 translatum
