3186 5108
384 412 473 472 lsnsx
497 427 662 472 cucrrosra
686 411 873 472 arurnsanva'
897 407 991 470 ⁴857.
1220 393 1291 465 133

113 619 167 661 nou
189 599 298 663 eadem
321 610 370 664 est
392 619 453 682 per
473 609 573 663 totum
596 619 724 662 carmen
756 600 846 676 ratio,
884 618 946 662 non
977 597 1094 661 desunt
1123 598 1185 660 alia
1207 597 1294 660 eius-

112 702 177 765 dem
199 703 418 784 neglegentiae
442 705 599 785 exempla,
625 701 665 766 de
686 701 803 784 quibus
819 702 1101 782 Wackernagclius
1123 700 1294 782 aliquando

112 805 185 866 dixit
207 805 307 886 (oltsr.
334 805 429 868 licder
457 807 521 868 rand
550 804 642 868 leiclre
671 827 702 886 p.
728 806 789 866 ild
814 803 869 885 s).
925 807 956 865 in
986 805 1038 865 illo
1068 805 1166 884 igitur
1193 803 1293 865 altero

112 910 251 970 carminis
273 917 445 989 systemate
475 920 565 990 poeta
590 907 779 986 haecdicit,
813 909 939 988 ‘parent
967 908 1043 968 mihi
1071 926 1167 988 regna
1191 917 1293 969 terra-

113 1031 236 1096 rumque
260 1012 423 1092 regioneS,
462 1011 518 1074 ubi
549 1032 610 1074 una
641 1032 710 1073 sum
734 1031 804 1073 cum
828 1011 943 1084 amica3
979 1019 1144 1091 postquam
1175 1012 1293 1071 recessi

110 1113 146 1176 ab
166 1134 212 1192 ea,
236 1116 340 1176 omnis
368 1115 420 1176 illa
451 1125 588 1196 potestas
611 1133 784 1195 omnesque
815 1114 944 1175 divitiae
967 1123 1179 1174 evanuerunt.
1227 1123 1293 1174 turn

111 1221 187 1280 enim
209 1219 288 1279 nihil
311 1217 458 1299 possideo
481 1219 542 1280 nisi
562 1218 702 1280 dolorem
725 1217 992 1278 dedesiderium.
1039 1217 1085 1278 sic
1106 1215 1198 1278 modo
1221 1235 1295 1278 sur-

110 1341 172 1383 sum
196 1321 294 1398 tcllor,
321 1319 412 1382 modo
436 1321 608 1402 deprimor,
641 1319 829 1400 cademque,
861 1329 948 1399 puto,
984 1318 1166 1381 vicissitudo
1190 1338 1292 1399 usquc

109 1423 145 1486 ad
167 1435 297 1486 mortem
322 1443 423 1484 meam
447 1422 598 1485 durabit?
646 1425 757 1485 horum
789 1442 863 1504 pars
885 1442 901 1483 a
926 1442 1001 1502 rege
1024 1432 1078 1484 aut
1102 1423 1293 1502 imperatore

110 1528 218 1590 dicitur
240 1526 387 1589 ridicule.
425 1527 452 1588 is
471 1527 568 1604 enim,
595 1547 666 1589 cum
690 1526 773 1588 felici
789 1546 895 1588 amore
919 1527 1046 1604 fruitur,
1074 1527 1157 1587 inter
1180 1523 1294 1605 gaudia

109 1651 159 1694 sua
180 1634 285 1712 regiae
315 1631 481 1711 potcstatis
503 1640 597 1711 atquc
622 1629 806 1691 divitiarum
830 1629 960 1691 minime
989 1626 1208 1690 recordabitur
1236 1648 1295 1691 ne-

109 1736 219 1816 quein
242 1733 384 1796 carrnine
407 1733 590 1794 amatoriam
613 1732 794 1794 felicitatem
819 1733 859 1793 ita
883 1741 919 1794 ut
942 1733 992 1793 hie
1016 1731 1200 1793 factumest
1223 1751 1293 1792 curn

109 1848 185 1901 statu
208 1856 317 1918 regum
341 1835 538 1919 comparabit
567 1855 672 1916 neque
696 1835 837 1916 (lenique
868 1835 1032 1916 figuratam
1063 1837 1236 1896 oraticnem
1262 1845 1294 1896 ct

110 1941 150 2002 rei
166 1942 330 2003 veritatem
353 1938 544 2002 mirabiliter
566 1937 792 2000 commiscebit.
839 1937 1089 2001 commodissime
1112 1947 1217 1998 antem
1241 1959 1295 1999 oa-

110 2043 175 2105 dem
197 2064 213 2105 a
236 2054 330 2126 poeta
346 2043 402 2123 qui
423 2061 486 2104 nou
502 2052 585 2105 asset
606 2061 663 2103 rex
680 2041 742 2103 dici
765 2051 949 2122 potueruut,
975 2040 1152 2122 eademque
1175 2042 1295 2122 hyper-

110 2145 173 2209 bole
195 2157 226 2209 et
248 2147 396 2209 lloratius
418 2164 496 2207 usus
517 2157 575 2224 est,
602 2165 672 2207 curn
690 2145 854 2207 Persarum
880 2163 953 2224 rege
977 2163 1011 2204 se
1034 2142 1160 2206 beatius
1176 2144 1294 2205 vixisse

110 2250 313 2331 praedicavit,
345 2257 377 2311 et
406 2249 458 2311 ille
488 2249 544 2329 qui
567 2247 648 2310 dixit
671 2247 732 2309 rcol
753 2246 845 2308 taber
867 2245 988 2308 donner
1011 2245 1095 2309 rete
1120 2246 1171 2307 bin
1194 2245 1239 2309 iola
1263 2248 1296 2308 ol

108 2353 150 2416 die
172 2360 216 2416 att
237 2359 269 2416 sd
292 2359 325 2415 sd
347 2351 493 2436 pitetltcdc
521 2351 575 2414 diu
600 2359 687 2436 puoto
715 2350 744 2412 bt
767 2352 828 2412 mir
850 2349 902 2426 tu,
935 2360 967 2413 et
995 2349 1048 2411 alii
1079 2360 1190 2431 poetae
1221 2349 1295 2430 plu-

109 2457 185 2519 rimi.
231 2457 338 2537 itaque
362 2475 444 2536 quae
468 2454 509 2516 ab
527 2454 587 2516 alio
602 2455 715 2535 quovis
737 2453 864 2514 homine
889 2463 975 2516 recte
991 2453 1151 2534 dicuntur,
1177 2473 1194 2516 a
1219 2473 1294 2534 rege

108 2571 205 2622 autem
228 2560 350 2641 inepte,
381 2578 445 2620 uon
468 2557 652 2640 putabimus
677 2556 719 2619 ab
742 2557 877 2619 ilenrico
899 2559 1019 2639 prolata
1043 2577 1125 2638 esse,
1157 2557 1214 2621 sed
1237 2556 1295 2620 ab·

109 2662 313 2726 iudicabimus
334 2663 440 2742 potius
461 2661 502 2723 ab
526 2681 562 2724 eo
587 2663 645 2723 hoc
666 2648 817 2724 carmen.¹

188 2765 251 2828 Sed
280 2764 391 2828 eadem
421 2765 473 2826 illa
504 2783 585 2847 quae
615 2763 656 2826 ab
679 2765 814 2828 Henrico
844 2763 907 2824 dici
939 2765 1079 2844 potuisse
1108 2783 1170 2826 non
1200 2774 1320 2845 puta-t

109 2889 190 2948 mus,
226 2867 354 2931 subdita
384 2867 446 2930 sibi
475 2887 544 2930 esse
580 2887 677 2949 regna
707 2877 738 2929 et
764 2877 923 2928 terrarum
959 2867 1106 2946 regiones
1139 2867 1295 2948 siquando

108 2975 220 3036 amicae
242 2971 422 3054 praesentia
446 2971 509 3034 irui
532 2972 654 3050 liceret,
680 2981 749 3032 tum*
770 2968 855 3050 quod
878 2979 969 3050 poeta
996 2968 1159 3032 lubentius
1182 2989 1294 3034 corona

109 3095 197 3156 quam
219 3077 319 3138 amica
341 3094 376 3138 se
399 3077 573 3139 cariturum
590 3093 660 3138 esse
683 3073 860 3154 profitetur,
886 3071 1014 3134 errandi
1034 3092 1127 3136 causa
1151 3073 1292 3135 luerunt.

109 3197 175 3240 narn
197 3181 252 3260 qni
276 3179 354 3240 haec
384 3197 447 3242 nou
480 3188 565 3240 recte
593 3177 860 3257 interpretaretur
889 3185 920 3237 et
943 3174 1075 3237 fortasse
1099 3177 1177 3239 artis
1199 3197 1294 3258 quam

110 3281 262 3344 lectitabat
286 3282 410 3344 illustre
433 3281 613 3362 exemplum
638 3289 819 3362 quaereret,
851 3280 989 3341 anticum
1013 3289 1118 3341 autem
1144 3281 1202 3342 hoo
1225 3300 1295 3340 car-

110 3405 176 3446 men
199 3405 267 3448 esse
292 3384 505 3464 intellegeret,
533 3383 601 3446 lieri
623 3401 725 3464 paene
748 3401 810 3444 nou
834 3385 935 3464 potuit
958 3383 1036 3463 quin
1061 3382 1139 3444 illud
1161 3383 1296 3445 ilenrico

109 3488 284 3570 imperatori
307 3486 518 3550 adscriberet.
566 3486 645 3567 quid
668 3486 754 3567 quod
776 3486 925 3547 similiter
949 3484 1026 3548 illud
1043 3485 1130 3566 quod
1153 3487 1296 3548 restitui-

109 3609 174 3652 mus
200 3590 261 3653 doz
285 3589 368 3653 recte
398 3591 535 3670 aliquem
566 3591 762 3670 permovisse
785 3588 913 3650 videtur
941 3598 977 3651 ut
1005 3589 1139 3650 alterum
1168 3607 1295 3651 carmen

109 3713 124 3752 a
146 3713 217 3776 rege
240 3695 357 3756 lactum
381 3713 452 3755 esse
480 3695 675 3773 opinaretur.
725 3692 860 3755 latemur
889 3692 948 3754 boo
971 3691 1041 3752 lieri
1071 3711 1133 3753 non
1157 3693 1297 3773 potuisse

110 3797 165 3859 nisi
191 3815 342 3880 perversa
373 3797 654 3877 interpretatione:
688 3796 744 3858 sed
777 3798 810 3857 in
834 3813 947 3874 magno
975 3805 1160 3858 versaretur
1188 3815 1297 3858 errore

109 3901 204 3982 siquis
231 3909 358 3984 putaret
388 3901 523 3963 sacculis
545 3919 598 3961 xru
623 3909 653 3962 et
676 3919 742 3960 xrrrr
772 3903 803 3961 in
836 3900 1022 3982 colligendis
1050 3899 1298 3980 auctoribusque

110 4003 172 4066 suis
193 4003 399 4086 adsignandis
426 4003 596 4084 lyricorum
627 4013 792 4084 poetarum
816 4003 1011 4066 carminibus
1039 4003 1177 4084 aliquem
1207 4003 1298 4064 oriti-

110 4125 160 4168 cae
182 4109 256 4170 artis
280 4107 486 4188 quantumvis
508 4106 642 4186 exiguae
666 4125 759 4168 usum
783 4127 853 4170 esse
878 4106 1006 4169 lactum.
1055 4107 1149 4168 immo
1172 4117 1299 4169 veteres

111 4208 180 4270 libri
201 4221 263 4273 tana
286 4209 373 4291 pleni
398 4217 472 4271 sunt
496 4208 660 4270 erroribus
688 4227 724 4270 ac
748 4211 948 4291 neglegentia
978 4220 1010 4271 ut
1036 4208 1299 4291 inscriptionibus

111 4331 222 4395 eorum,
249 4309 519 4394 quemadmodum
544 4322 637 4373 antea
658 4312 808 4390 diximnS,
835 4333 898 4375 non
921 4315 961 4375 sit
984 4322 1051 4374 tuto
1074 4311 1298 4375 confidendum

111 4414 166 4476 nisi
196 4418 266 4480 aliis
295 4414 491 4496 argumentis
522 4414 761 4476 confirmentur.
817 4417 922 4496 qualia
957 4427 1143 4496 argumenta
1177 4425 1298 4476 tantum

111 4515 198 4580 abest
227 4527 264 4582 ut
296 4537 335 4581 ex
366 4514 562 4580 carminibus
593 4517 727 4580 ilenrico
762 4519 945 4599 imperatori
978 4516 1148 4600 adscriptis
1182 4516 1299 4580 deduci
