3184 5108
367 405 456 468 lenm
478 423 644 468 ιιιοτιοιιιι
667 423 846 468 ιιιατινιιιιιιι
871 407 965 468 lsshl.
1186 393 1261 467 265

99 605 288 658 narratantea
304 597 428 676 liegara
444 593 611 658 lleroulem
626 613 697 656 eum
720 595 776 657 uni
799 595 935 658 liliorum
950 594 1105 677 Argivum
1128 615 1261 678 regnum

96 697 250 761 destinaret
278 699 373 760 simul
402 697 432 760 ei
455 697 598 762 induisse
620 698 738 779 pellem
759 697 931 760 leoninam.
976 701 1055 762 scite
1085 701 1143 762 hoo
1170 710 1261 782 poete

95 801 226 864 instituit:
256 810 471 882 congruenter
485 801 571 864 enim
594 800 702 863 iuturo
724 799 792 880 regi
807 798 997 882 Argivorum
1012 799 1147 884 Argolici
1172 819 1263 865 mon-

94 905 141 964 stri
160 905 287 968 exuviae
310 903 507 968 tribuuntur.
555 903 629 965 hine
651 903 820 966 lilmsleius
846 905 1003 968 intellexit
1030 906 1137 968 clavae
1166 905 1261 968 etiam

94 1014 121 1066 et
138 1005 270 1070 Thebani
294 1010 383 1089 regni
414 1023 484 1070 esse
513 1005 633 1070 debere
655 1006 792 1068 similem
821 1007 959 1088 aliquam
987 1008 1258 1071 communionem:

93 1107 139 1170 sed
162 1108 299 1173 abutitur
327 1127 364 1172 eo
392 1109 435 1172 ed
463 1106 690 1173 infirmandum
719 1110 890 1172 Hermanni
921 1107 1076 1189 δαίδαλον,
1112 1125 1170 1192 pro
1200 1128 1262 1192 quo

94 1209 192 1274 hustrn
218 1211 350 1276 videtur
377 1213 574 1294 quaesivisse
603 1212 688 1293 quod
716 1211 893 1276 declararet
921 1213 1076 1295 quomodo
1104 1215 1193 1276 clave
1221 1215 1262 1278 ad

92 1314 198 1378 Thebes
218 1318 409 1398 pertineret.
456 1316 624 1398 quaesivit,
649 1325 685 1379 ut
706 1317 806 1395 aiunt,
832 1313 951 1378 nodum
973 1317 1007 1377 in
1029 1317 1146 1398 scirpo.
1193 1326 1263 1380 ete-

91 1418 146 1478 nim
165 1419 313 1501 Iosephus
335 1419 506 1482 Eolthelius
529 1418 629 1481 doctr.
654 1438 774 1482 numm.
800 1418 862 1480 vol.
880 1437 903 1480 ιι
926 1439 958 1500 p.
980 1420 1042 1482 202
1058 1437 1101 1482 ss.
1141 1420 1261 1501 prolato

90 1538 201 1584 nummo
227 1521 377 1584 Thebano
406 1523 439 1584 in
470 1540 532 1603 quo
561 1522 692 1603 clypeus
720 1522 866 1584 Boeotius
897 1531 929 1584 et
958 1523 1077 1584 inserta
1114 1523 1144 1585 ei
1175 1524 1261 1586 clava

90 1640 224 1702 expressa
246 1635 294 1688 est
326 1625 455 1707 egregie
486 1624 593 1688 docuit
614 1624 775 1702 Herculis,
806 1625 926 1706 quippo
947 1623 1066 1688 Thebis
1086 1626 1164 1716 nati,
1197 1627 1263 1688 cla-

89 1743 148 1786 vam
175 1729 299 1809 insigne
328 1726 426 1791 luisse
449 1736 610 1790 scutorum
632 1726 855 1790 Thebanorum
879 1727 1068 1808 primusque
1091 1729 1262 1810 explicavit

88 1845 141 1888 non
168 1830 324 1893 intellecta
352 1840 445 1893 antea
471 1830 689 1911 Xenophontis
717 1827 818 1892 verba
847 1829 920 1892 hist.
946 1830 1001 1892 Gr.
1019 1849 1061 1892 vir
1083 1831 1102 1890 h
1126 1832 1166 1894 20
1190 1831 1261 1896 ἐπε-

87 1923 222 2014 γράφοντο
251 1928 359 1996 δὲκαὶ
386 1932 415 1998 oi
436 1936 495 1998 τῶν
513 1925 664 2018 Ἀρκάδων
687 1924 808 1996 όπλῖται
829 1927 947 2017 ῥόπαλα
954 1980 964 2010 ,
994 1926 1037 2004 ὡς
1059 1929 1188 2017 Θηβαῖοι
1209 1925 1261 2000 όν-

87 2053 135 2104 τες.
178 2037 284 2117 itaque
307 2055 370 2099 non
393 2035 599 2099 metuendum
613 2044 690 2098 erat
711 2035 857 2118 Euripidi
881 2055 923 2097 ne
946 2036 1139 2100 mirarentur
1168 2057 1261 2120 speo-

85 2143 186 2200 tatores
208 2140 409 2202 coniunctam
439 2140 546 2202 clavae
575 2149 606 2202 et
632 2141 723 2221 regni
746 2139 888 2201 Thebani
918 2141 1257 2204 commemorationem.

85 2250 214 2304 ceterum
237 2243 416 2322 Elmsleius‚
448 2244 475 2304 si
498 2251 605 2305 nosset
627 2243 770 2304 Eoltbelii
793 2241 1050 2323 disputationem,
1077 2261 1183 2324 neque
1206 2245 1259 2306 hic

85 2342 111 2402 in
131 2363 239 2408 vanam
269 2345 483 2426 opinationem
514 2344 677 2408 incidisset
708 2363 812 2426 neque
842 2343 1009 2408 falsissima
1038 2344 1261 2428 adscripsisset

83 2445 117 2507 ed
136 2437 362 2529 hristo¹phanis
383 2445 463 2510 illud
485 2449 518 2511 in
541 2446 801 2512 behemensibus
822 2467 854 2508 v.
875 2448 956 2508 thet
986 2443 1039 2510 καλ
1065 2442 1124 2532 γὰρ
1145 2442 1182 2512 eb
1205 2463 1285 2533 pse-t

83 2543 168 2633 γόλην
189 2545 361 2636 ἐπεγράφου
388 2545 442 2635 τὴν
470 2543 612 2635 γοργόνα.
659 2552 788 2633 repetiit
816 2549 926 2613 ialsam
949 2551 1089 2613 Elmsleii
1119 2552 1260 2632 explica-

83 2653 191 2716 tionem
218 2654 395 2718 Guilelmus
421 2652 620 2733 Dindorlius,
659 2653 836 2717 Ludovious
865 2654 898 2714 in
929 2654 1082 2735 Stephani
1111 2655 1260 2717 thesauro

82 2763 102 2814 t.
117 2774 149 2818 ιιι
171 2779 203 2839 p.
223 2759 304 2819 taho
342 2767 429 2821 reete
464 2767 593 2820 secutus
621 2766 670 2820 est
698 2755 896 2819 Eckhelium.
947 2749 1119 2841 ἐπεγράφου
1153 2765 1260 2819 autem

82 2855 163 2938 illud,
188 2862 209 2922 i.
235 2881 264 2924 e.
286 2859 473 2943 piapendom
493 2860 620 2939 curasti,
653 2860 802 2921 momenti
824 2877 888 2921 non
910 2859 990 2920 nibil
1013 2857 1109 2922 babet
1138 2861 1171 2920 in
1195 2861 1260 2921 rei-

82 2961 195 3025 ciendis
224 2963 433 3045 ineptissimis
459 2971 527 3026 octo
555 2961 704 3025 versibus
733 2963 789 3042 qui
817 2971 888 3043 post
914 2979 1044 3024 versum
1073 2959 1260 3026 Acharneu-

80 3063 154 3126 sium
179 3067 259 3128 ll80
283 3067 396 3130 inserti
418 3075 503 3129 sunt.
550 3085 623 3127 nam
653 3067 709 3146 qui
732 3066 860 3145 scripsit
888 3059 940 3127 καῑ
960 3057 1081 3149 γοργόν’
1107 3059 1257 3150 ἐξήγειρεν

81 3163 182 3252 λαιῆς
210 3165 332 3241 ἀσπίδος
363 3179 396 3232 et
422 3167 562 3232 absurde
590 3169 713 3231 locutus
743 3177 792 3230 est
819 3185 924 3248 neque
952 3167 1069 3248 pictam
1098 3168 1196 3232 luisse
1225 3170 1258 3232 in

80 3279 161 3332 scum
189 3273 334 3336 Lamaohi
364 3290 534 3354 gorgonem
563 3271 731 3350 intellexit,
767 3268 825 3332 sed
857 3268 897 3332 de
926 3289 1058 3333 excusso
1087 3271 1174 3352 quod
1201 3271 1261 3334 ad-

82 3371 171 3436 hxum
193 3377 222 3438 ei
247 3375 345 3438 fuerit
365 3377 455 3456 signo
477 3373 606 3437 videtur
627 3375 810 3436 somniasse.

160 3477 222 3541 Sed
246 3480 439 3542 revertimur
466 3477 507 3540 ad
529 3476 727 3559 Euripidem.
775 3477 830 3557 qui
853 3493 916 3556 quo
941 3476 1052 3538 soitius
1080 3485 1176 3557 atque
1204 3495 1260 3539 ae-

79 3579 232 3658 quabilius
259 3583 399 3664 primum
422 3581 513 3662 regni
532 3579 644 3661 Argivi
674 3588 706 3642 et
728 3578 872 3642 leoninae
898 3578 1002 3660 pellis,
1034 3578 1152 3642 deinde
1175 3581 1260 3642 The-

79 3679 186 3745 barum
208 3694 240 3747 et
255 3684 362 3748 clavae
378 3684 703 3746 commemorationem
720 3683 885 3745 coniunxit
899 3701 936 3744 eo
958 3683 1057 3763 magis
1080 3681 1260 3745 mirandum

79 3786 225 3849 osthane
247 3787 438 3850 narrationis
460 3785 720 3867 aequabilitatem
749 3803 821 3846 mox
850 3803 919 3847 esse
942 3783 1139 3848 derelictam.
1186 3803 1259 3848 nam

80 3890 169 3950 tertio
190 3890 252 3953 lilio
275 3889 429 3954 Hercules
450 3899 599 3952 narratur
614 3887 794 3950 Oechaliam
817 3905 894 3950 arou
915 3907 933 3949 a
955 3907 990 3951 se
1013 3897 1136 3970 captum
1159 3886 1261 3950 desti-

80 4007 179 4071 nasse,
209 4011 318 4056 arcum
347 3993 377 4056 ei
406 3993 600 4074 sagittasque
629 3989 770 4070 dedisse,
800 3999 837 4053 ut
858 3988 1011 4054 iratribus
1039 4001 1132 4053 antea
1160 3991 1261 4054 leonis

79 4096 205 4157 exuvias
226 4107 258 4158 et
273 4097 404 4174 olavam,
429 4113 492 4158 non
514 4103 673 4158 narratur.
715 4093 823 4174 itaque
845 4103 915 4175 post
937 4095 1019 4156 banc
1039 4092 1261 4156 brevissimam

78 4199 299 4278 narrationem,
332 4193 379 4262 αολ
401 4192 429 4260 δ’
455 4188 492 4282 ἣν
515 4195 622 4282 ἔπερσα
643 4196 705 4268 ταῖς
727 4189 884 4280 ἑκηβόλοις
911 4193 983 4260 ποτὲ
1005 4189 1125 4267 ΤόΕοιαι
1152 4190 1260 4260 δαίσειν

80 4291 223 4382 Οἰχαλίαν
245 4294 405 4386 ὑπέσχετο,
435 4300 557 4382 aliquid
579 4299 741 4382 prioribus
769 4298 894 4363 duabus
923 4299 1159 4362 narrationibus
1185 4319 1262 4362 oon-

79 4401 179 4464 simile
201 4404 356 4467 excidisse
387 4403 552 4486 probabile
576 4412 634 4467 est.
681 4400 794 4483 quodsi
823 4411 973 4483 putamus
1000 4411 1066 4464 tres
1087 4403 1262 4466 versiculos

81 4503 244 4586 excidisse,
275 4526 398 4571 summa
420 4507 493 4569 olim
517 4517 585 4570 erat
613 4506 817 4587 expositionis
847 4522 928 4584 quae
956 4504 998 4568 ad
1027 4505 1168 4586 singulos
1194 4515 1261 4568 tres
