3184 5108
355 1303 527 1403 INDEX
557 1301 875 1402 LEOTIONVM
906 1247 1277 1401 Ansrlvnuvn
1309 1305 1433 1404 1865.

305 1558 540 1671 coniecturam
569 1605 722 1686 prolaturi
753 1623 862 1666 sumus
897 1603 937 1665 de
965 1621 1063 1665 versu
1092 1601 1229 1684 quodam
1259 1606 1402 1669 Electrae
1432 1609 1485 1668 So-

304 1711 459 1792 phocliae.
507 1708 619 1790 quidni
648 1710 733 1770 enim
756 1706 848 1769 nobis
871 1725 998 1787 quoque
1026 1707 1120 1768 liceat
1141 1705 1263 1787 aliquid
1285 1709 1406 1772 addere
1429 1710 1485 1772 illis

304 1814 519 1894 opinationum
541 1813 664 1874 acervis
687 1812 741 1891 qui
765 1828 869 1891 nuper
891 1808 1100 1872 saluberrimo
1123 1811 1253 1872 oonsilio
1276 1811 1309 1873 in
1333 1831 1396 1875 uno
1415 1833 1483 1874 con-
1584 1827 1585 1878 ζ

305 1925 416 1998 spectu
437 1916 529 1996 positi
552 1916 648 1977 sunt?
693 1915 810 1976 etenim
833 1913 980 1994 plurimis
996 1912 1151 1994 exemplis
1173 1915 1205 1975 in
1224 1925 1393 1995 angustum
1417 1935 1484 1997 spa·

304 2020 383 2080 tium
406 2020 603 2099 congregatis
625 2016 754 2079 tandem
776 2015 947 2096 aliquando
967 2015 1166 2078 manifestius
1189 2015 1304 2079 iactum
1327 2029 1374 2081 est
1397 2038 1483 2100 quam

305 2120 405 2182 facilis
427 2123 469 2184 sit
493 2139 545 2184 ars
574 2121 627 2182 illa
649 2120 758 2182 critica
787 2137 882 2200 qnam
909 2119 984 2180 olim
1011 2117 1155 2181 timidius
1183 2121 1361 2184 mortalium
1391 2141 1485 2203 genus

305 2222 521 2286 difficillimam
550 2242 620 2285 esse
648 2221 808 2286 iudicabat
837 2231 868 2282 et
898 2221 1051 2301 quantillo
1081 2221 1266 2284 discrimine
1295 2243 1313 2286 a
1342 2227 1431 2287 suavi
1458 2235 1485 2286 et

305 2328 405 2389 iocoso
429 2328 499 2388 lusu
522 2325 628 2388 distet.
675 2335 706 2388 et
727 2333 941 2406 perrexerunt
962 2325 1031 2416 viri
1053 2325 1209 2404 ingeniosi
1238 2337 1269 2389 et
1291 2329 1486 2390 Mercuriales

306 2429 418 2492 ludere
441 2441 472 2491 et
493 2438 613 2492 struem
637 2429 722 2490 illam
737 2446 941 2508 exaggerare.
988 2427 1139 2491 nimirum
1163 2430 1260 2492 multo
1282 2429 1378 2493 hodie
1398 2450 1483 2512 quam

306 2533 380 2594 olim
403 2533 493 2594 latior
514 2541 600 2614 patet
623 2551 752 2612 campus
782 2532 815 2592 in
838 2548 900 2610 quo
924 2540 956 2592 et
977 2531 1064 2592 vires
1086 2533 1223 2612 quisque
1250 2553 1323 2596 suas
1346 2543 1484 2595 exerceat

306 2645 337 2698 et
365 2635 504 2698 ludendo
534 2633 628 2697 ducat
656 2635 807 2696 sollicitae
837 2632 975 2696 iucunda
1003 2633 1118 2695 oblivia
1146 2636 1242 2698 vitae.
1289 2637 1364 2698 olim
1394 2637 1484 2717 prisci

305 2740 351 2800 illi
375 2741 518 2801 homines
541 2747 573 2800 et
595 2747 702 2798 mente
723 2736 879 2798 tardiores
894 2746 1040 2799 veterum
1063 2737 1181 2818 scripta
1195 2747 1364 2819 antequam
1382 2759 1486 2801 emen·
1583 2783 1584 2804 r

305 2841 382 2904 dare
415 2850 606 2924 temptarent
634 2840 820 2920 intellegere
849 2841 941 2901 anxio
971 2839 1108 2920 quodam
1138 2850 1169 2901 et
1199 2839 1357 2903 inliberali
1389 2841 1484 2904 studio

304 2944 546 3007 adlaborabant:
581 2963 667 3005 nunc
689 2942 779 3004 multi
808 2961 826 3004 a
849 2943 994 3003 Terentio
1017 2942 1200 3013 didicerunt
1227 2941 1330 3005 iacere
1352 2945 1483 3025 aliquem

305 3068 395 3129 posse
419 3045 633 3126 intellegendo
655 3055 690 3108 ut
712 3045 792 3107 nibil
815 3046 987 3125 intellegat,
1014 3045 1150 3127 ideoque
1173 3045 1337 3108 sordidum
1361 3047 1436 3109 illud
1453 3066 1483 3107 ac

304 3153 517 3232 periculosum
541 3148 748 3229 intellegendi
771 3147 911 3210 studium
941 3149 1121 3211 cautissime
1151 3148 1293 3210 devitant
1324 3160 1355 3211 et
1385 3151 1483 3212 tutiori

305 3272 339 3316 sc
368 3263 463 3334 atque
495 3253 669 3334 gloriosiori
703 3250 894 3314 emendandi
930 3253 1055 3332 negotio
1084 3262 1163 3314 totos
1191 3251 1332 3314 tradunt.
1387 3271 1482 3332 neque

305 3357 407 3438 palma
430 3354 630 3438 desperanda
654 3363 702 3416 est
724 3363 778 3417 aut
800 3353 856 3416 diu
873 3353 1081 3434 expectanda.
1128 3373 1200 3416 nam
1224 3375 1346 3417 summo
1369 3355 1482 3417 littera-

306 3479 376 3522 rum
399 3460 609 3522 emolumento
631 3459 820 3520 emittuntur
841 3459 931 3519 statis
953 3457 1150 3539 temporibus
1172 3457 1246 3518 libri
1262 3457 1381 3539 quibus
1396 3455 1482 3539 quid-

305 3561 384 3642 quid
419 3581 571 3624 novarnm
601 3563 783 3641 opinionum
813 3561 966 3640 proximis
1000 3559 1164 3623 mensibus
1190 3560 1327 3624 adolevit
1363 3560 1481 3623 miranti

237 3693 239 3700 >
305 3665 502 3728 eruditorum
524 3664 639 3745 populo
662 3665 858 3745 proponitur.
905 3681 984 3742 quos
1006 3662 1105 3726 libros
1119 3665 1174 3744 qui
1191 3662 1292 3726 edunt
1313 3675 1378 3726 tarn
1394 3663 1480 3726 alieni

304 3779 379 3830 sunt
401 3787 419 3829 a
442 3769 525 3830 tristi
541 3769 625 3828 omni
647 3768 828 3844 severitate,
853 3774 918 3827 tam
940 3765 1100 3846 aequabili
1123 3766 1320 3846 indulgentia
1342 3767 1383 3830 ab
1404 3766 1479 3828 omni

305 3869 430 3933 delectu
447 3869 593 3932 habendo
609 3868 780 3947 abstinent,
796 3879 830 3931 nt
846 3869 949 3930 nullos
961 3868 1043 3931 dona
1059 3868 1199 3931 ferentes
1211 3870 1332 3932 Danaos
1346 3871 1478 3941 timeant,

305 3973 363 4036 sed
392 3992 501 4035 omnes
530 3970 640 4035 eadem
668 3970 895 4053 adprobatione
917 3970 1084 4034 admittant
1113 3981 1144 4035 et
1167 3973 1229 4034 iam
1251 3974 1358 4054 quivis
1379 3972 1479 4035 adule

305 4077 479 4154 seentulus,
511 4077 538 4136 si
561 4074 651 4137 modo
674 4075 750 4136 velit
778 4085 809 4136 et
838 4093 943 4136 morae
973 4076 1151 4156 periculum
1180 4074 1288 4156 fugiat,
1326 4096 1367 4137 ex
1388 4077 1478 4158 prima

305 4178 380 4240 libri
403 4179 536 4241 alicuius
565 4179 698 4239 lectione
728 4177 865 4240 fructum
889 4196 953 4239 non
975 4178 1067 4241 modo
1090 4179 1202 4258 capiat,
1235 4178 1293 4241 sed
1322 4197 1393 4242 cum
1421 4197 1479 4240 om·

306 4281 401 4343 nibus
435 4281 612 4344 liberaliter
647 4282 856 4342 communicet
892 4291 923 4342 et
952 4299 987 4342 se
1016 4299 1143 4362 quoque
1178 4281 1378 4362 principibus
1412 4298 1478 4362 per-

306 4386 439 4446 mixtum
476 4383 646 4465 adgnoscat
673 4383 814 4444 Achivis.
869 4403 974 4464 neque
992 4384 1185 4457 ¹mirandum
1213 4395 1275 4446 est·
1297 4386 1355 4448 hac
1384 4393 1476 4446 nostra

305 4497 406 4550 aetate
430 4486 681 4550 emendationem
701 4488 876 4549 carminum
899 4487 1101 4566 Graecorum,
1127 4489 1317 4568 tragicorum
1341 4488 1474 4557 maxime,
1574 4564 1577 4581 Ι
