3186 5108
311 364 382 440 176
607 381 696 446 ianm
718 399 882 446 arcrronnr
904 399 1092 462 asservaret,
1105 381 1198 444 osso.

307 568 482 632 novembris
510 569 572 654 (sic)
601 578 748 655 repetente
779 571 879 634 inclito
901 573 1043 654 principe
1064 567 1197 634 Andreae
1224 571 1288 655 (sic)
1318 571 1404 634 Griti.
1447 572 1489 631 in-

284 673 443 755 tscriptio
458 677 639 737 testamenti
663 659 743 736 heco
761 684 820 754 est,
846 677 889 738 n.
909 675 1045 738 Grunnii
1061 663 1244 738 Odrococtne
1262 675 1391 756 porceiti
1409 681 1488 736 testo-

307 782 451 838 mentum.
498 795 581 839 enno
604 795 706 840 rrnxmr
736 779 768 840 in
791 775 1021 858 Argentinensi
1049 778 1176 840 loannis
1199 777 1404 842 Knobiouchii
1430 777 1489 838 ciii-
1574 827 1575 832 ,

308 881 378 942 cina
403 881 568 963 inpressas
585 890 634 943 est
648 880 787 944 Otomnri
804 881 989 964 Nnchtigeiii
1013 881 1064 945 vel
1088 891 1123 945 ut
1144 881 1208 943 dici
1231 881 1343 944 meluit
1366 882 1489 944 Luscinii

309 982 437 1047 libellus
459 985 518 1048 hec
541 984 748 1067 inscriptione
772 985 954 1067 insignitus,
988 987 1148 1048 Grunnius
1171 984 1306 1067 sophista
1327 987 1391 1047 sivo
1415 985 1492 1067 peto·

307 1104 364 1170 pne
387 1086 539 1152 hnmanae
561 1089 715 1164 miseriae,
743 1089 893 1152 Ottomnri
914 1089 1050 1152 Luscinii
1064 1086 1225 1172 Arpentini
1246 1089 1347 1152 Inrec.
1372 1107 1427 1170 qoto
1447 1089 1493 1150 do-

308 1198 393 1254 cetur
421 1193 525 1256 utrius
557 1199 675 1255 natura
707 1191 750 1254 ud
777 1194 921 1256 uirtutem
950 1199 978 1255 et
1002 1191 1177 1274 felicitatem
1209 1195 1340 1274 propius
1369 1193 1490 1272 accedat,

308 1292 456 1372 hominis,
495 1315 537 1358 un
565 1293 650 1357 bruti
674 1295 851 1358 animantis.
901 1297 944 1358 M.
973 1297 1108 1358 Grunnii
1131 1296 1301 1359 Gorocottne
1332 1297 1493 1360 Testamen-

309 1405 382 1460 tnm.
430 1396 516 1462 unde
547 1398 677 1480 porcelli
709 1407 934 1461 testamentum
956 1400 1115 1480 acceperit
1138 1400 1305 1462 Luscinius
1328 1418 1391 1462 non
1413 1399 1491 1478 dicit,

310 1503 472 1583 inscripsit
496 1501 546 1564 his
568 1500 688 1580 verbis,
721 1503 762 1566 Μ.
785 1503 920 1564 Grunnii
942 1501 1113 1565 corocottae
1131 1501 1261 1583 porcelli
1281 1510 1490 1582 testamentum,

308 1606 396 1668 cuius
418 1605 553 1668 meminit
574 1605 667 1668 diuus
689 1605 892 1685 Hieronymus
918 1606 949 1667 in
972 1605 1144 1668 duodecimo
1166 1609 1451 1670 commentariorum
1470 1609 1495 1667 in

309 1710 449 1788 Esaiam,
483 1709 522 1770 iis
544 1707 663 1790 quidem
686 1706 799 1770 verbis.
851 1710 1071 1771 Testamentum
1095 1710 1231 1772 Grunnii
1240 1755 1350 1773 ......
1383 1711 1496 1774 connin-

307 1814 459 1876 nantium.
509 1813 544 1874 Et
567 1813 717 1874 Erasmus
746 1811 905 1876 itoterodo.
939 1812 1056 1875 saecuti
1082 1811 1174 1874 intus
1203 1811 1340 1876 delicium
1365 1816 1495 1876 nomma-

309 1917 363 1979 tim
391 1913 428 1978 de
456 1915 508 1978 itto
537 1913 644 1977 scribit
671 1916 704 1976 in
726 1916 844 1979 Morino
872 1933 948 1978 sitne
972 1914 1176 1998 praefatione.
1231 1915 1289 1979 sed
1319 1917 1352 1979 in
1381 1916 1495 1982 edendo

310 2016 368 2080 hoc
396 2027 587 2081 testamento
609 2018 775 2082 Luscinius
806 2016 868 2080 tide
893 2029 1038 2082 versatus
1060 2029 1109 2081 est
1138 2029 1201 2082 tem
1231 2038 1294 2082 non
1325 2023 1446 2102 integre
1466 2029 1495 2082 ut

309 2139 327 2183 n
350 2140 384 2183 se
407 2122 581 2202 excogitate
603 2121 741 2204 plurime
764 2121 959 2202 inpudenter
979 2120 1171 2186 admisceret
1191 2132 1288 2204 etque
1311 2122 1392 2186 odeo
1407 2126 1495 2186 Fren-

310 2225 506 2286 ciscenorum
525 2224 870 2306 Gerthusionommque
893 2227 1190 2289 commemoratione
1213 2227 1334 2292 iecetns
1356 2247 1426 2290 esse
1446 2247 1495 2290 cn-

309 2337 412 2410 pcret.
464 2327 562 2390 bilem
600 2327 658 2390 hoc
688 2328 785 2390 movit
812 2328 920 2390 loanni
947 2327 1131 2392 Alexandro
1157 2331 1359 2412 Bressiceno,
1396 2351 1414 2394 n
1441 2351 1495 2412 quo

309 2449 393 2494 anno
409 2449 519 2494 mxxix
533 2430 674 2494 Viennae
697 2429 749 2492 hic
764 2430 849 2494 liber
869 2431 975 2496 editus
991 2442 1050 2513 est,
1080 2431 1313 2496 neocosmum
1335 2437 1493 2517 symmicto.

311 2533 427 2612 metius
456 2533 574 2596 adicem
602 2541 675 2596 sunt
705 2534 890 2620 Pythoporae
920 2535 1056 2618 syonbota
1077 2555 1162 2600 xvrrr.
1208 2539 1246 2600 Et
1275 2541 1345 2620 ipsa
1373 2557 1496 2622 proun-

209 2623 213 2634 ’
310 2636 416 2720 cintia,
441 2637 586 2702 nunnus
609 2657 630 2700 n
648 2638 758 2720 paucis
778 2639 1009 2720 cninmduerso,
1035 2647 1258 2704 recensentem
1279 2659 1323 2703 en
1345 2641 1497 2706 icndtirio

312 2741 507 2806 caunense
538 2739 712 2823 Piitosopio
743 2761 869 2825 praeco,
908 2743 1007 2806 tntina
1036 2743 1123 2826 facto
1152 2743 1245 2808 simut
1277 2753 1305 2808 et
1328 2746 1493 2828 suplicata.

310 2848 426 2908 Ioanne
447 2841 629 2908 diemondro
650 2846 840 2909 Brassicono
868 2847 1072 2911 iureconeutto
1100 2853 1217 2910 mttere.
1272 2848 1390 2911 iterum
1420 2847 1497 2911 edita

310 2959 386 3012 sunt
409 2950 488 3012 hoec
510 2947 753 3012 Proverbiorum
776 2951 940 3031 symmicto
960 2950 1087 3012 Parisiis
1109 2969 1193 3012 anno
1209 2968 1342 3031 rroxxxn,
1367 2951 1424 3016 sed
1445 2968 1496 3013 nos

310 3051 557 3116 vindobonense
579 3061 702 3115 tentum
720 3052 884 3134 exemplar
906 3053 1045 3116 nancisci
1068 3054 1241 3135 potuimus.
1282 3056 1390 3136 itaque
1412 3057 1497 3118 Bres-

310 3157 438 3220 sioenus
464 3176 497 3239 p.
520 3156 560 3218 30
591 3165 759 3238 postquem
795 3157 829 3218 in
856 3156 917 3218 alin
953 3176 1047 3220 oense
1075 3159 1257 3240 Hieronymi
1286 3157 1395 3222 verbis
1422 3177 1496 3240 quse

310 3277 408 3342 supro
430 3259 661 3341 adscripsimus
683 3278 760 3323 usus
783 3268 843 3339 est,
869 3261 911 3322 ite
934 3261 1049 3342 pergit,
1082 3263 1223 3342 puniam
1246 3270 1348 3326 antem
1368 3263 1422 3327 noc
1442 3263 1497 3326 ioco

311 3371 455 3444 tanquam
478 3363 566 3426 otrnd
588 3369 709 3446 epentes
732 3365 902 3426 testamenti
923 3365 1059 3427 Gounmi
1078 3366 1207 3447 parenti
1225 3370 1404 3430 mentionem
1428 3365 1499 3448 feei-

310 3485 391 3544 mns,
415 3465 602 3529 admonitum
625 3467 765 3530 volumus
787 3468 930 3548 optimnm
952 3485 1087 3549 quenmu
1109 3468 1260 3546 intorem,
1289 3487 1329 3531 ne
1348 3477 1432 3552 putet
1450 3467 1498 3528 ios

310 3588 376 3633 esse
396 3563 519 3655 γνήσιον
541 3568 633 3632 tanim
654 3571 741 3652 potui
761 3577 980 3650 testamentum,
1006 3572 1085 3652 qnod
1106 3571 1231 3652 qnidam
1253 3575 1346 3636 onnes
1368 3573 1498 3656 sapeno-

310 3672 398 3737 ribus
418 3675 519 3738 nescio
541 3671 650 3755 pastos
672 3673 822 3737 admontis
845 3675 1042 3755 ineptissimis
1071 3677 1192 3757 ineptiis
1216 3675 1419 3759 depravamus
1440 3676 1498 3738 edi-

311 3777 374 3856 dit,·
397 3777 472 3842 mini
490 3783 570 3840 certe
592 3795 652 3840 non
672 3777 772 3859 ptocet
793 3775 847 3840 icc
868 3775 1021 3840 nominum
1035 3797 1142 3861 psum,
1167 3779 1246 3861 qnod
1267 3779 1360 3844 rebus
1376 3779 1498 3861 mannis

311 3881 429 3962 atapiid
447 3900 507 3962 pro
528 3899 588 3944 sun
610 3878 734 3944 libidine
756 3880 830 3944 sciet
851 3879 995 3960 adiicere,
1028 3901 1096 3944 cnm
1117 3883 1190 3946 ittae
1214 3901 1395 3967 pemmnam
1416 3901 1497 3947 nean

310 3985 444 4066 yrntiam
474 4001 608 4066 prorsus
638 3986 794 4064 amittunt,
834 3984 936 4065 siquid
963 3993 1019 4048 out
1046 3984 1204 4049 addideris
1231 3995 1287 4050 mat
1314 3987 1496 4053 detrameris.

309 4085 440 4168 proinde
461 4107 516 4152 nos
537 4087 591 4150 icc
613 4095 821 4152 testamentum
844 4089 961 4172 epi-epu
979 4087 1135 4170 festivum,
1159 4099 1193 4153 ut
1213 4109 1235 4152 a
1256 4100 1367 4170 matre,
1390 4092 1444 4154 noc
1459 4095 1499 4150 est

312 4189 351 4252 ab
373 4193 584 4272 antiquissimo
606 4191 781 4273 ememptnri
802 4193 974 4276 Repentino
996 4191 1229 4276 descripsimus,
1262 4197 1342 4260 citrn
1361 4193 1496 4278 [ratden

312 4293 549 4378 inmatpobimns.
598 4315 637 4358 ex
660 4297 841 4375 Magantino
865 4296 963 4376 igitur
986 4295 1068 4358 libro
1094 4281 1177 4380 (nem
1206 4298 1313 4362 italice
1343 4298 1497 4380 exemple-

314 4399 360 4460 ric
383 4417 446 4460 non
469 4397 599 4462 videtur
620 4399 756 4482 novisse)
784 4408 1007 4461 testamentum
1031 4399 1110 4462 iliud
1133 4400 1234 4464 edidit
1259 4425 1290 4485 p.
1309 4404 1364 4484 st,
1399 4401 1498 4466 addito

313 4501 404 4565 tituto
427 4501 484 4562 hoc
507 4501 682 4582 magnifico,
713 4504 756 4565 Μ.
776 4503 912 4565 Grunnii
934 4503 1106 4566 Omocottoe
1131 4506 1259 4586 porcelli
1284 4514 1495 4575 testamentum
