3186 5108
327 363 398 436 138
620 383 709 443 lnnsx
732 399 898 444 naorronrs
920 399 1099 444 remmam
1123 381 1217 441 rste.

323 569 454 630 circesi
484 569 611 632 decreto
639 571 794 652 scriptum
823 581 908 634 esset
938 570 1105 649 inlibris,
1137 569 1410 651 adquiescendum
1437 589 1501 632 sane

323 681 408 734 esset
429 669 543 753 (neque
567 674 652 736 enim
674 693 887 755 pernegamus
911 675 1055 755 intellegi
1078 691 1171 756 posse
1186 671 1376 736 vocabulum
1398 675 1422 736 si
1443 692 1500 735 om-

323 776 399 836 nino
420 775 461 836 ad
477 776 699 839 Palaestrionis
721 777 924 840 calliditatem
949 775 1112 860 referturl:
1138 795 1225 839 nune
1246 787 1364 854 autem,
1388 793 1455 838 cnm
1475 777 1501 837 in

322 877 414 940 libris
429 881 583 960 scriptum
599 882 640 943 sit
655 879 842 944 vocabulum
858 882 974 943 litteris
989 883 1066 944 satis
1081 880 1247 960 dissimile,
1273 881 1421 942 reicimns
1434 877 1503 942 illud

324 991 355 1043 et
376 982 481 1063 aptius
503 1001 539 1044 ac
566 984 699 1046 facetius
722 985 916 1065 quaerimus.
963 983 1157 1048 attendimus
1180 994 1285 1047 autem
1309 982 1388 1045 illud
1411 985 1501 1064 ipsum

323 1084 408 1166 quod
437 1096 528 1148 antea
560 1087 895 1168 commemoravimus,
934 1088 1179 1150 Palaestrionem
1211 1106 1229 1149 a
1264 1087 1503 1167 Periplecemeno

324 1190 414 1271 quasi
437 1210 455 1253 e
476 1209 585 1252 somno
614 1191 714 1252 semel
744 1193 924 1272 iterumque
945 1209 983 1254 ao
1004 1191 1099 1254 tertio
1121 1191 1264 1252 exultari.
1313 1191 1387 1272 hinc
1408 1198 1504 1270 parata

324 1313 393 1356 esse
422 1292 552 1356 videtur
581 1294 730 1356 versiculi
761 1295 951 1358 emendatio.
998 1294 1101 1356 adstat
1130 1293 1299 1355 Palaestrio
1322 1293 1412 1374 quasi
1441 1289 1507 1353 dor-

324 1397 426 1458 miens
448 1415 485 1460 ec
507 1399 679 1460 somnians.
726 1408 846 1461 stantes
869 1409 974 1462 autem
1006 1399 1178 1480 plerosque
1196 1413 1300 1477 equos
1321 1394 1460 1458 dormire
1480 1405 1507 1456 et

323 1509 433 1563 notum
463 1511 512 1564 est
540 1509 572 1562 et
598 1519 616 1562 a
645 1501 811 1564 veteribus
840 1505 943 1564 iocose
965 1509 1255 1563 commemoratum.
1299 1498 1402 1562 'Plauti
1431 1500 1508 1560 enim

325 1605 402 1666 haec
423 1614 498 1669 sunt
521 1606 554 1666 in
569 1605 782 1666 Menaechmis
803 1625 835 1665 v.
855 1607 930 1686 395,
955 1612 1035 1668 certo
1057 1603 1130 1667 iaec
1151 1605 1309 1666 melaino
1330 1604 1395 1664 ritu
1408 1603 1510 1663 mulier

324 1715 432 1771 astons
447 1709 587 1771 somniat.
624 1709 732 1788 itaque
748 1709 855 1770 lllilitis
869 1705 1064 1771 versiculum
1080 1709 1145 1770 leni
1161 1707 1334 1769 mutatione
1351 1706 1395 1767 ita
1409 1723 1510 1768 emen·

325 1809 448 1891 damus,

454 1915 509 1978 titt
529 1914 613 1978 dico:
637 1915 700 1994 edo,
726 1917 871 1993 conteris,
895 1933 943 1977 me
963 1915 1086 1978 deusne
1110 1921 1137 1976 te
1158 1912 1305 1994 adloquii?

324 2037 375 2102 epo
398 2020 563 2082 traiectum
588 2020 620 2080 in
642 2018 695 2081 elio
716 2029 841 2081 mutare
861 2037 957 2100 quam
980 2017 1091 2080 delere
1113 2016 1295 2091 maluimus,
1319 2033 1393 2078 cum
1417 2017 1510 2078 inter-

326 2123 417 2184 ieotio
434 2122 485 2184 hio
506 2123 669 2203 aptissima
691 2133 794 2184 esset:
818 2141 1012 2204 quamquam
1034 2139 1098 2184 non
1116 2121 1252 2183 multum
1267 2118 1511 2201 repugnabimus

325 2225 427 2306 siquis
449 2223 554 2288 deleto
577 2227 763 2306 pronomine
786 2227 951 2306 scripserit
974 2224 1029 2287 tibi
1048 2223 1125 2301 dieo,
1150 2225 1296 2286 oenum.
1335 2223 1415 2285 baeu
1435 2238 1512 2284 cem-

326 2330 456 2390 mentati
479 2347 606 2391 eremus
628 2348 700 2391 oum
723 2330 803 2390 mira
825 2329 878 2390 illa
902 2329 1102 2409 respeximus
1125 2345 1208 2408 quae
1230 2325 1424 2389 bitsehelius
1439 2329 1513 2388 Tur-

325 2431 445 2494 nebum
468 2430 654 2494 Lambinum
677 2433 755 2494 alios
784 2432 953 2514 protulisse
980 2429 1118 2492 addidit.
1165 2439 1198 2492 et
1224 2438 1301 2492 sunt
1322 2445 1399 2492 sane
1422 2429 1510 2490 mira:

326 2533 384 2598 sed
407 2535 507 2615 magis
534 2536 630 2597 etiarn
660 2537 776 2598 mirum
804 2535 864 2596 boc
893 2544 956 2614 est,
988 2532 1075 2616 quod
1098 2535 1194 2597 simul
1223 2533 1447 2614 cognovimus,
1477 2531 1512 2593 de

326 2639 490 2702 emeterio
517 2639 578 2700 iam
601 2640 815 2701 Boxbomium
845 2649 876 2701 et
898 2638 1085 2700 Salmasinm
1113 2638 1288 2718 cogitasse,
1320 2655 1384 2698 non
1408 2638 1514 2698 imme-

327 2761 431 2804 mores
459 2741 528 2804 illos
555 2742 705 2804 versiculi
728 2742 769 2804 de
792 2743 1018 2821 Menaechmis,
1050 2757 1244 2822 quamquam
1273 2741 1307 2800 in
1329 2737 1514 2802 emendandi

326 2855 441 2908 conatu
456 2846 535 2926 lapsi
551 2857 638 2925 sunt,
656 2847 929 2928 certissimaeque,
947 2855 983 2908 ut
998 2855 1158 2926 putamus,
1175 2841 1407 2905 emendationis
1422 2842 1515 2922 signi-

328 2947 504 3012 ficationem
526 2959 666 3031 spretam
688 2969 759 3012 esse
781 2967 858 3032 prae
879 2948 1033 3011 uocabulo
1054 2948 1162 3010 inutili
1183 2957 1280 3028 atque
1302 2945 1441 3009 inficeto.

414 3052 477 3134 Sed
500 3056 628 3117 omnino
650 3054 777 3134 saepius
796 3071 891 3132 quam
907 3051 1006 3114 velles
1028 3060 1135 3132 spreta
1157 3059 1236 3132 sunt
1254 3051 1400 3130 priorum
1423 3049 1516 3111 inter·

328 3165 454 3236 pretum
479 3157 625 3235 inventa,
659 3159 773 3237 partim
796 3153 1010 3236 probabiliora
1033 3155 1080 3216 eis
1103 3172 1185 3235 quae
1214 3171 1321 3234 nuper
1349 3153 1515 3233 excogitata

328 3270 420 3338 sunt,
453 3262 567 3342 partim
598 3259 789 3322 necessaria.
836 3267 964 3321 utamur
979 3259 1139 3338 exemplo
1168 3257 1237 3319 eius
1264 3256 1416 3337 colloquii
1438 3251 1517 3336 quod

329 3362 498 3426 Palaestrio
527 3383 598 3426 nrm
629 3364 783 3426 Lucrione
812 3360 919 3424 babet.
968 3361 1013 3424 ibi
1044 3362 1212 3423 Palaestrio
1239 3377 1272 3420 v.
1291 3360 1354 3420 sto
1377 3379 1422 3420 ss.
1447 3359 1518 3419 baec

329 3454 427 3543 dieil,¹

459 3568 522 3646 «Μ,

459 3692 501 3734 oo
523 3693 666 3756 umquem
685 3675 837 3755 prompsit
858 3671 1006 3734 antehae?
1028 3670 1187 3752 responde,
1212 3669 1323 3732 scelus.

459 3785 548 3859 atqie
568 3785 604 3840 ut
625 3786 657 3840 tu
679 3779 758 3839 scire
777 3778 887 3858 possis.
915 3775 996 3838 ediec
1019 3773 1082 3853 triti,

458 3882 488 3943 si
505 3881 592 3963 soleo
613 3881 693 3943 dieas
716 3880 801 3943 uotio
824 3877 1053 3941 minoratae.

330 3987 371 4047 ita
394 3985 603 4066 depravatum
625 3983 815 4046 vocabulum
844 3984 997 4062 scriptum
1021 3989 1070 4043 cst
1092 3979 1125 4041 in
1149 3977 1241 4040 libris
1264 3979 1460 4054 Camerarii,
1491 3978 1518 4037 in

329 4089 433 4150 Vrsini
464 4087 545 4149 libro
573 4089 669 4149 nocio.
716 4105 798 4166 quae
829 4086 1023 4166 grammatici
1054 4093 1090 4146 ut
1113 4081 1265 4145 mendum
1294 4082 1446 4144 tollerent
1469 4099 1519 4142 es·

328 4191 523 4271 crepitarent,
557 4210 666 4253 eorum
695 4190 756 4252 alia
779 4187 1013 4270 probabilitatis
1035 4187 1142 4270 specie
1173 4194 1299 4260 carent,
1332 4185 1429 4266 quale
1452 4183 1520 4247 loris

329 4295 501 4357 Camerarii
524 4303 588 4371 est,
620 4304 676 4355 aut
697 4295 799 4370 ocius,
831 4294 864 4354 in
887 4291 973 4373 quod
995 4292 1092 4354 italus
1114 4291 1220 4352 nescio
1244 4289 1317 4369 quis
1346 4297 1379 4350 et
1402 4287 1520 4369 lipsius

330 4397 521 4476 inciderunt,
547 4407 582 4462 ut
605 4407 764 4459 taceamus
779 4396 927 4478 Pyladem
951 4396 1014 4458 ium
1032 4394 1114 4477 succo
1137 4393 1314 4474 scripsisse,
1340 4391 1402 4454 alia
1420 4393 1518 4471 inepta

328 4512 419 4580 sunt,
451 4501 549 4565 veluti
574 4501 719 4562 Palmerii
742 4502 838 4576 cocio,
868 4501 930 4561 alia
953 4497 1094 4578 deniquo
1117 4497 1225 4578 inepta
1247 4497 1369 4576 pariter
1389 4505 1520 4576 atqnea
