3268 5108
418 411 507 472 lunrx
529 429 696 474 trcrrorvu
718 429 896 474 arsrrvam
921 411 1014 472 ⁴855.
1263 399 1310 468 75

126 601 213 661 latina
236 619 276 662 vu
301 601 374 680 ill,
400 601 455 682 qni
479 599 560 662 dixit
582 593 777 686 eoptpeteee
800 593 916 684 Τηθύος
939 600 982 673 εἰς
1003 599 1136 685 uipera:
1163 600 1220 663 sed
1240 600 1312 663 Cal-

126 703 287 766 limachum
317 703 466 766 similiter
495 705 633 768 locutum
663 723 734 767 esse
764 703 930 786 probabile
960 714 1009 767 est
1037 713 1169 786 propter
1198 704 1310 767 Catulli

126 827 229 869 versus
258 809 292 869 in
321 807 422 888 elegia
446 805 664 886 Callimachia,
696 808 749 871 sed
776 826 958 890 quamquam
989 826 1036 870 me
1063 815 1146 871 nocte
1170 816 1313 889 premunt

125 911 244 994 vestigio
258 911 375 989 divum,
403 911 475 972 Luae
496 918 597 974 ouum
619 928 715 974 conoe
734 911 835 993 Tethyi
854 911 997 975 restituit
1037 929 1109 974 nam
1126 911 1231 992 paullo
1253 912 1313 973 ali-

125 1023 170 1075 ter
195 1013 419 1096 explicandum
451 1023 498 1075 est
527 1013 613 1095 quod
636 1014 847 1078 Callimachus
877 1015 909 1076 in
939 1015 1056 1096 hymno
1079 1015 1203 1077 Deliaco
1230 1013 1328 1076 dixit.

128 1115 164 1198 (v.
184 1120 221 1178 te
244 1117 319 1200 ss),
350 1110 429 1181 ἀλλά
457 1113 486 1182 ol
514 1111 551 1181 od
580 1113 742 1202 νεμεσητὸν
764 1115 809 1181 tvl
835 1111 974 1204 epeia-get
1001 1116 1144 1203 λέγεσθαι
1161 1110 1314 1184 “Omnem

121 1211 261 1285 Ὠκεανόν
284 1243 317 1285 τε
346 1215 397 1284 uol
425 1220 456 1294 ἐς
478 1217 622 1306 Τιτηνίδα
644 1217 745 1306 Τηθὺν
769 1219 868 1307 Νῆσει
895 1217 1095 1293 ἄελλίζενται.
1145 1241 1313 1304 possumus

123 1325 179 1386 alia
200 1323 335 1398 addere,
361 1324 418 1387 sed
442 1326 474 1388 iu
498 1327 581 1388 dam
606 1325 806 1389 redeundum
829 1336 889 1388 ost.

202 1429 313 1510 ltaque
329 1429 497 1491 Catulliani
521 1429 607 1491 illins
629 1431 784 1510 poematis
807 1427 932 1492 laudem
957 1428 1026 1492 istis
1047 1448 1128 1510 quas
1148 1430 1313 1510 tetigimus

123 1531 342 1614 similibusque
357 1531 613 1594 cavillationibus
629 1533 764 1596 inminui
785 1551 954 1614 negamus:
981 1533 1218 1596 inminueretnr
1232 1551 1313 1613 quo-

121 1625 189 1698 dem
205 1634 300 1698 modo
314 1645 428 1717 poetae
451 1637 529 1714 laus,
555 1636 582 1698 si
606 1645 692 1698 reete
708 1637 880 1699 ldcrlrelius
902 1637 934 1699 in
957 1637 1140 1718 prolusione
1159 1635 1313 1718 quamde

121 1739 221 1802 Ovidii
244 1737 337 1801 lhide
359 1739 488 1820 scripsit
509 1759 542 1821 p.
561 1739 624 1800 360
640 1749 795 1802 statueret
810 1758 937 1802 carmen
961 1739 1040 1802 illud
1063 1759 1081 1801 a
1097 1741 1219 1802 Catullo
1236 1742 1313 1802 satis

120 1839 261 1906 accurate
286 1841 438 1906 eGraeoo
461 1861 649 1906 conversum
665 1863 746 1906 esse.
789 1861 900 1906 verum
924 1851 957 1906 et
975 1844 1033 1906 hoc
1047 1853 1169 1906 temere
1184 1844 1312 1924 scripsit

125 1945 235 2028 (neque
259 1947 346 2008 enim
369 1945 544 2028 probabilis
565 1948 847 2028 argumentationis
869 1947 982 2010 umbra
1004 1946 1146 2029 adparet)
1167 1957 1200 2009 et
1221 1965 1312 2009 erra-

120 2051 162 2111 vit
183 2069 255 2112 cnm
280 2051 339 2112 hoo
368 2067 478 2130 poema
508 2069 571 2112 uon
594 2051 754 2131 integrum
784 2069 930 2131 carmen,
962 2049 1020 2114 sed
1043 2059 1166 2131 partem
1189 2059 1311 2113 tanturn

120 2153 266 2234 longioris
290 2155 442 2216 carminis
471 2171 542 2216 esse
570 2152 631 2216 sibi
661 2152 884 2235 persuaderet.
931 2172 1004 2215 narn
1032 2151 1117 2234 quod
1147 2153 1224 2216 dicit
1253 2153 1311 2216 hoe

119 2275 241 2318 carmen
258 2256 427 2320 manifesta
450 2257 680 2321 coniunctionis
702 2277 773 2320 cum
797 2257 869 2320 aliis
884 2255 1001 2320 indicia
1023 2255 1064 2319 ab
1088 2257 1218 2320 exordio
1239 2277 1311 2320 ser-

121 2379 202 2440 vare,
227 2380 245 2422 a
263 2361 397 2423 veritate
414 2378 545 2442 prorsus
559 2360 722 2423 abhorret.
762 2358 985 2442 adgnoscimus
1000 2361 1085 2422 enim
1108 2357 1309 2423 manilestum

118 2466 267 2544 poematis
291 2463 437 2541 initium,
468 2483 539 2527 enm
569 2465 750 2547 magnificos
780 2465 850 2526 illos
871 2481 985 2527 versus
1009 2465 1161 2546 legimus,
1195 2463 1310 2527 Pelium

117 2567 264 2650 mondum
285 2573 455 2650 prophetoe
477 2569 589 2630 vertr'ce
607 2569 701 2649 pinus
731 2569 883 2630 Dicuntur
905 2567 1038 2651 lt'put'doe
1066 2565 1199 2650 Neptuni
1219 2587 1311 2630 nosse

116 2689 170 2751 per
190 2671 293 2733 nudos
319 2669 464 2734 Phasidos
486 2671 528 2734 od
547 2669 658 2752 [luctus
681 2679 708 2734 et
726 2673 802 2752 fiaes
825 2667 956 2734 Aeeteos.
997 2672 1121 2734 nullum
1144 2682 1193 2734 est
1210 2673 1311 2734 vesti-

118 2775 199 2855 gium
224 2773 311 2856 quod
342 2774 398 2836 hos
420 2793 535 2840 versus
562 2793 633 2837 cum
662 2774 723 2836 alio
746 2774 886 2837 camnine
913 2773 986 2836 olim
1010 2775 1187 2838 cohaesisse
1209 2777 1310 2856 signi-

119 2879 202 2940 hrct:
237 2879 332 2940 immo
356 2897 397 2940 ne
427 2879 529 2958 potuit
552 2875 681 2959 quidem
711 2879 882 2959 quicquam
904 2877 1113 2958 antecedere,
1144 2877 1206 2940 nisi
1229 2878 1309 2942 torte

117 2981 242 3062 aliquod
267 2979 446 3044 exordium.
494 2999 606 3044 verum
629 2981 771 3044 Catullus
801 2999 930 3044 carmen
953 2981 1039 3044 nullo
1062 2979 1193 3044 exordio
1214 2999 1309 3062 prae-

118 3088 256 3166 paravit,
287 3083 346 3148 sed
375 3083 416 3146 ah
446 3083 513 3166 ipsa
535 3085 718 3148 narratione
741 3086 878 3166 incepit,
911 3103 952 3147 ne
983 3087 1015 3146 in
1039 3084 1097 3148 hac
1120 3082 1250 3166 quidem
1275 3105 1309 3146 re

116 3187 154 3250 ab
175 3187 467 3252 Alexandrinorum
489 3198 654 3271 poetarum
684 3189 860 3251 imitatione
883 3189 1022 3268 alienus,
1055 3207 1150 3269 quem
1178 3187 1218 3250 ad
1241 3208 1309 3250 mo-

116 3290 189 3354 dum
213 3293 247 3354 in
271 3291 392 3355 medias
415 3309 467 3352 res
489 3292 640 3354 lectorem
667 3293 795 3374 rapiunt
816 3293 1002 3356 Theocritus
1024 3291 1211 3370 Heraclisci,
1245 3294 1309 3354 Μο-

116 3395 208 3458 schus
231 3395 378 3476 Europae
401 3403 433 3457 et
455 3397 599 3476 Megarae
625 3395 736 3458 initiis.
784 3415 847 3459 non
870 3395 977 3458 minus
998 3406 1104 3460 autom
1127 3413 1222 3477 quam
1247 3393 1309 3456 ini-

117 3499 192 3560 tium
223 3499 375 3561 carminis
405 3497 476 3560 finis
506 3499 575 3561 eius
603 3497 791 3562 manifestus
819 3509 868 3562 est
897 3500 928 3562 in
959 3500 1132 3580 praeclaris
1159 3497 1309 3561 versibus

115 3601 232 3682 quibus
254 3603 395 3664 narratio
423 3603 564 3682 graviter
591 3621 629 3664 ac
649 3604 843 3665 sententiose
871 3602 1057 3666 absolvitur.
1105 3613 1210 3666 tamen
1233 3620 1309 3683 pro-

116 3705 216 3767 lixiori
240 3705 385 3786 carmini,
411 3723 475 3768 uon
490 3705 571 3769 huic‘
589 3707 715 3788 epyllio,
741 3707 913 3770 convenire
931 3708 976 3770 ait
991 3706 1162 3770 llerhelins
1178 3723 1307 3769 versum

116 3807 201 3872 illum
231 3807 290 3892 (hl)
318 3829 381 3890 quo
409 3817 501 3892 poeta
530 3809 645 3872 heroes
666 3807 865 3891 adloquitur,
898 3829 951 3874 ves
979 3830 1031 3895 epo
1058 3827 1148 3892 saepe
1169 3829 1232 3872 meo
1255 3825 1308 3872 vos

115 3913 251 3974 corruiue
263 3911 447 3995 amputate.
472 3911 530 3976 sed
542 3913 624 3976 hanc
638 3913 788 3976 carminis
799 3923 923 3995 partem
940 3933 1002 3978 non
1020 3915 1136 3978 rectius
1152 3913 1309 3976 intellexit

116 4031 208 4094 quam
232 4015 409 4098 Madvigius
437 4018 471 4078 in
494 4016 651 4080 adnotatis
679 4015 719 4079 ad
743 4017 904 4080 Ciceronis
934 4017 975 4081 de
1005 4017 1123 4082 linibus
1152 4015 1307 4080 honorum

117 4119 315 4183 etmalorum
331 4119 448 4183 librum
471 4138 490 4181 r
511 4138 544 4201 p.
563 4117 623 4181 733
642 4137 711 4182 eom
736 4119 928 4184 emendavit.
968 4121 1119 4204 leguntur
1135 4121 1167 4183 in
1191 4120 1308 4184 nostris

117 4219 206 4285 libris
229 4222 337 4303 haece,

244 4327 373 4390 connis
396 4333 495 4408 optate
517 4327 687 4390 saeclorum
710 4335 840 4410 tempore
861 4329 929 4392 uoti

243 4429 357 4507 herou,
382 4431 507 4510 ιαιυειε,
532 4431 622 4493 datm
643 4449 749 4514 penus,
774 4451 791 4494 o
813 4429 892 4494 bueo
913 4438 1021 4512 mota,

245 4549 296 4596 aas
318 4551 371 4618 epo
393 4551 482 4618 coepe
504 4553 567 4598 meo
590 4553 644 4599 vos
666 4535 803 4598 mantiae
824 4533 1007 4620 coupeiinbo,
