3268 5108
317 367 363 440 18
431 383 527 443 Sacra
551 399 766 446 vrmmrrarrs
789 397 977 444 tirrannus
999 381 1177 444 Fumarium
1199 379 1383 444 Gustum.

314 589 385 634 rum
408 570 559 651 indolem,
585 590 720 653 quorum
743 570 884 634 Graecus
906 589 1010 634 sermo
1033 571 1190 651 elegantia
1212 579 1309 650 atque
1332 567 1506 638 mobilitate

225 726 232 742 .
313 675 412 738 veluti
444 675 595 754 iuvenili,
632 677 760 738 Latinus
788 674 876 736 virili
905 673 1019 737 robore
1050 684 1082 737 et
1114 693 1178 754 qua
1204 683 1333 740 utentes
1361 674 1509 753 astringit

312 789 458 842 accurate
482 777 640 860 cogitandi
672 777 878 858 dilucideque
902 776 1030 840 dicendi
1052 778 1241 842 necessitate
1265 777 1409 856 excellit,
1442 787 1509 841 tum

312 892 444 964 propter
476 883 640 963 praeclara
673 881 866 944 Graecarum
900 881 1146 961 Latinarumque
1181 881 1360 944 litterarum
1394 899 1509 947 monu-

313 995 437 1066 menta,
471 1005 552 1066 quae
584 983 670 1067 quod
698 994 786 1048 tanto
812 1003 947 1046 numero
968 993 1154 1048 conservata
1181 994 1256 1050 sunt
1276 982 1507 1048 secundissima

313 1090 441 1170 generis
470 1090 600 1153 humani
630 1090 755 1153 lortuna
785 1086 901 1151 laetum
930 1107 1001 1150 esse
1029 1086 1236 1152 arbitramur.
1282 1107 1389 1168 neque
1421 1087 1508 1148 enim

287 1194 377 1258 aulla
406 1212 441 1255 re
470 1193 586 1256 melius
614 1195 777 1255 minoreve
808 1190 938 1257 errandi
966 1191 1109 1272 periculo
1130 1179 1235 1258 auimi'
1258 1189 1509 1273 pulchritudinis
1625 1185 1628 1266 J

311 1315 408 1360 sensu
430 1305 526 1376 atque
548 1297 712 1358 intellectu
735 1294 924 1360 imbuuntur
945 1313 1041 1375 quam
1068 1296 1414 1376 praestantissimorum
1437 1294 1509 1356 illo-

312 1419 384 1461 rum
406 1400 637 1480 exemplarium
659 1399 934 1480 contemplatione,
960 1417 1065 1479 neque
1088 1419 1129 1462 ne
1151 1400 1335 1480 opinionum
1354 1399 1508 1462 varietate

312 1511 344 1567 et
366 1501 575 1566 mutabilitate
597 1513 807 1582 veterumque
831 1510 863 1565 et
885 1521 1038 1564 novarum
1062 1521 1170 1566 rerum
1193 1501 1419 1584 discrepantia,
1445 1519 1509 1581 qua
1625 1537 1626 1546 κ

310 1615 416 1668 nostra
433 1607 632 1688 potissimum
647 1617 735 1670 aetas
756 1605 904 1685 agitatur,
929 1605 1080 1668 lallantur
1094 1615 1127 1668 et
1142 1604 1373 1670 conturbentur
1389 1605 1509 1669 rectius

310 1711 417 1772 caveri
441 1719 544 1791 potest
566 1729 662 1790 quam
678 1709 893 1776 demonstrata
917 1709 970 1776 illa
991 1711 1148 1772 sermonis
1170 1711 1288 1773 artium
1309 1727 1433 1772 morum
1457 1709 1509 1770 in-

310 1813 557 1895 stitutorumque
579 1815 721 1879 omnium
751 1815 834 1875 inter
862 1833 898 1876 se
925 1811 1136 1884 similitudine
1165 1823 1262 1894 atque
1284 1812 1509 1876 convenientia

310 1935 373 1996 qua
396 1919 514 1998 optima
536 1917 737 1998 antiquitatis
751 1926 893 1998 tempora
916 1915 1152 1993 excelluerunt3
1179 1915 1321 1998 denique
1335 1926 1371 1983 ut
1386 1916 1441 1978 illa
1464 1917 1511 1980 ait

309 2018 372 2081 sibi
394 2021 542 2101 antiquas
565 2039 617 2084 res
639 2022 782 2085 narranti
803 2021 972 2101 antiquum
993 2019 1062 2080 fieri
1084 2021 1237 2100 animum,
1264 2023 1306 2084 ita
1329 2019 1509 2085 curandum

310 2132 416 2187 estut
444 2124 595 2187 iuvenum
625 2123 750 2186 liberali
780 2123 979 2188 institutione
1010 2121 1263 2190 erudiendorum
1285 2125 1382 2188 animi
1405 2123 1510 2188 Gree-

309 2245 417 2288 earum
433 2227 681 2308 Latinarumque
704 2227 881 2293 litterarum
905 2225 1021 2292 studiis
1042 2228 1166 2306 antiqui
1186 2227 1274 2307 liant,
1300 2225 1333 2288 id
1356 2236 1405 2288 est
1427 2228 1510 2290 sim-

308 2330 419 2410 plices,
447 2328 555 2411 lortcs,
581 2349 643 2394 non
668 2330 839 2396 commodis
860 2341 957 2410 atque
979 2329 1173 2394 utilitatibus
1195 2332 1300 2394 omnia
1323 2331 1506 2408 metientes,

309 2432 366 2494 sed
389 2434 544 2514 pleraque
566 2434 731 2499 honestate
755 2443 786 2495 et
809 2432 1061 2515 pulchritudine.
1109 2453 1222 2496 verum
1245 2453 1286 2497 ne
1309 2435 1432 2513 longior
1453 2433 1511 2499 fiat

309 2537 419 2616 oratio,
444 2534 485 2598 ab
508 2537 558 2602 his
581 2538 708 2616 littaris,
735 2555 815 2617 quas
836 2557 899 2600 non
922 2536 1117 2602 deserendas
1140 2557 1246 2618 neque
1268 2536 1511 2604 labefactandas

309 2638 366 2702 sed
388 2641 564 2721 superioris
594 2641 706 2705 aetatis
734 2641 879 2722 exemplo
902 2650 1033 2706 strenue
1062 2639 1212 2704 tutandas
1242 2660 1312 2706 esse
1341 2641 1512 2702 existima-

309 2763 396 2823 mus,
427 2742 629 2823 pergendum
658 2742 751 2806 nobis
773 2755 822 2824 est
843 2743 885 2806 ad
912 2742 1002 2806 aliud
1024 2742 1240 2808 doctrinarum
1270 2763 1387 2824 genus,
1421 2744 1512 2825 quod

308 2856 431 2911 tantum
454 2846 545 2910 abest
566 2858 602 2908 ut
626 2845 746 2913 inuidia
770 2845 863 2910 hodia
893 2857 1058 2928 prematur·
1084 2857 1120 2916 ut
1143 2849 1310 2928 multiplici
1335 2867 1431 2927 quam
1453 2867 1505 2912 eo

308 2949 448 3013 tidienae
470 2953 555 3014 vitae
578 2951 671 3014 affert
699 2950 835 3016 utilitate
866 2961 897 3012 et
927 2953 1043 3031 partim
1073 2952 1168 3014 etiam
1199 2951 1279 3015 lucri
1308 2971 1365 3032 spe
1395 2952 1512 3032 plures

311 3055 343 3115 iu
366 3053 437 3116 dies
459 3054 593 3134 alliciat,
626 3055 829 3120 inventorum
859 3052 1065 3117 multitudine
1087 3064 1119 3116 et
1141 3051 1318 3119 subtilitate
1341 3054 1512 3123 doctorum

309 3155 572 3239 indoctorumque
595 3156 838 3223 admirationem
861 3167 1001 3237 moveat,
1034 3177 1157 3224 summo
1185 3161 1228 3223 sit
1257 3159 1289 3222 in
1314 3158 1433 3221 honore
1457 3163 1513 3222 vi-

309 3259 488 3342 deaturque
511 3264 596 3329 iuter
611 3261 731 3325 saeculi
752 3261 853 3323 nostri
868 3259 974 3322 studia
997 3260 1174 3324 obtinuisse
1191 3262 1417 3343 principatum.
1452 3264 1513 3325 vix

308 3383 388 3446 opus
411 3374 459 3426 est
480 3374 517 3428 ut
538 3364 693 3430 addamus
722 3362 763 3426 de
792 3367 838 3429 eis
860 3363 1015 3431 doctrinis
1037 3363 1160 3445 aliquid
1190 3383 1247 3426 nos
1270 3363 1411 3429 dictums
1435 3385 1513 3432 esse

309 3487 389 3548 quas
411 3468 614 3550 physicarum
638 3469 765 3532 nomine
788 3467 1063 3548 comprehendere
1094 3487 1272 3548 possumus.
1321 3487 1403 3548 quae
1429 3467 1513 3532 doo-

309 3573 412 3633 triuae
442 3570 528 3652 quod
549 3581 652 3637 aetate
676 3581 782 3636 nostra
806 3581 908 3636 tantos
935 3581 1067 3653 tamque
1088 3569 1294 3636 admirabiles
1322 3571 1514 3638 habuerunt

309 3693 498 3756 progressus
525 3685 560 3737 ut
589 3694 666 3738 sane
695 3673 867 3739 videantur
895 3672 1278 3756 prioribus,temporihus
1299 3674 1393 3756 longe
1413 3688 1515 3740 ante·-

310 3777 438 3857 cellere,
464 3780 524 3841 etsi
546 3779 653 3858 aliqua
677 3797 717 3839 ex
740 3787 829 3859 parte
852 3789 986 3859 propter
1008 3779 1109 3860 ipsam
1138 3777 1225 3840 illam
1248 3795 1344 3858 quam
1367 3798 1515 3846 cemme-

306 3882 503 3943 moravimus
524 3881 670 3948 utilitatis
693 3880 874 3944 hominibus
896 3873 1050 3962 gratiosae
1066 3879 1374 3944 commendationem
1391 3881 1515 3950 iactum

311 3993 371 4062 est,
396 3984 568 4064 praecipua
590 3993 696 4049 tamen
720 4001 815 4047 causa
838 3983 914 4047 inde
936 3984 1112 4065 repetenda
1132 3993 1180 4048 est
1201 3983 1288 4064 quod
1310 3987 1516 4054 naturalium
1632 3971 1633 4054 i

311 4105 420 4152 rerum
442 4085 762 4167 pervestigandarum
786 4087 864 4148 ratio
887 4087 1038 4168 prudenti
1061 4088 1224 4150 hominum
1247 4086 1416 4158 doctorum
1432 4111 1517 4156 eon-

311 4191 382 4256 silio
405 4199 436 4250 et
459 4192 665 4252 consensione
687 4189 729 4251 ab
751 4189 903 4269 opinandi
927 4191 1172 4271 intemperantia
1193 4189 1411 4272 omnibusque
1440 4206 1517 4260 stu-
1632 4225 1633 4230 1

311 4294 438 4356 diorum
453 4290 650 4356 anfractibus
672 4301 704 4354 et
727 4290 935 4356 deverticulis
957 4294 990 4356 iu
1015 4303 1133 4358 rectam
1147 4294 1232 4356 viam
1249 4303 1347 4374 atque
1370 4295 1414 4359 ad
1439 4317 1519 4365 oer-

312 4407 376 4462 tam
407 4396 700 4478 experimentorum
735 4395 830 4458 fidem
860 4407 1005 4462 revocata
1034 4407 1093 4460 est.
1140 4390 1213 4460 nam
1242 4397 1351 4476 priore
1388 4405 1518 4474 saeculi

313 4501 414 4566 nostri
436 4509 579 4580 tempore
602 4499 679 4564 haee
701 4498 893 4562 naturalium
916 4519 1025 4562 rerum
1047 4494 1152 4564 studia¹
1175 4497 1261 4565 haud
1283 4518 1362 4564 sane
1393 4503 1521 4573 leviter
