3204 5104
376 381 378 384 Ι
427 423 516 484 lunsx
538 441 705 484 nnorrouvu
727 441 905 486 ιιειιιιιιιι
928 424 1021 484 tuos.
1245 407 1322 482 385

115 611 303 691 exemplari
326 611 445 692 legitur
466 613 678 694 superatisque
695 628 755 692 per
777 612 904 674 6666666
925 620 1042 676 uacus
1058 613 1270 693 similiterque
1287 615 1321 675 in

115 712 277 776 Vaticano
306 713 387 778 libro
416 716 626 796 superatisque
651 732 711 795 per
739 715 850 776 cuictio
872 722 1016 778 stractus.
1063 715 1150 778 unde
1173 735 1237 778 non
1258 736 1324 797 pu-

115 815 244 879 tandus
269 827 318 880 est
339 815 490 880 Gelenius
513 826 599 880 recte
621 817 787 897 scripsisse
810 820 1029 900 suspectisque,
1055 813 1112 880 sed
1136 819 1194 881 boc
1216 820 1324 900 potius

114 919 294 982 Ammiano
329 919 561 999 retribuemus,
601 937 791 991 srsmrrsous
824 939 883 1002 per
916 921 1001 983 avios
1034 929 1152 984 tractos
1185 921 1317 984 insidiis.

115 1041 196 1084 nam
222 1023 269 1084 ita
291 1024 386 1084 etiam
401 1023 478 1085 alias
500 1022 652 1103 loquitur.
691 1041 741 1083 ιιι
756 1021 775 1082 7
792 1023 810 1082 6
826 1031 861 1085 ut
874 1023 994 1086 inediae
1009 1025 1183 1106 dispelleret
1196 1033 1319 1102 metum,

115 1143 200 1206 quoe
220 1143 284 1207 per
306 1127 417 1190 multos
440 1125 634 1208 difficilesque
662 1143 774 1187 cerasos
803 1125 912 1207 adfore
941 1128 1003 1188 iem
1024 1126 1219 1208 sperabatur.
1272 1145 1321 1189 ιιι

120 1229 159 1288 69
192 1231 213 1288 9
246 1227 289 1291 66
317 1227 477 1291 tolerando
504 1228 552 1290 oet
580 1228 759 1309 depellendo
786 1246 863 1310 quoe
891 1237 1069 1311 sperantur.
1121 1248 1211 1298 ιιιιιι
1236 1230 1249 1289 l
1279 1231 1320 1292 26

114 1333 262 1413 eaeulque
290 1331 470 1408 mittendus,
502 1339 536 1393 ut
563 1329 764 1413 sperabatur,
793 1333 895 1413 patris
923 1333 1047 1415 inpulsu
1073 1335 1253 1414 provocavit
1279 1331 1321 1395 od

111 1436 308 1516 principem.
354 1455 410 1498 ιιι
425 1435 478 1495 53
504 1441 734 1514 eipscopum
758 1437 873 1496 terrori
894 1437 1009 1498 coactis
1031 1443 1099 1498 erat
1119 1437 1192 1498 elom
1210 1453 1321 1518 spere-

114 1536 217 1600 batur
240 1544 277 1600 ut
297 1556 368 1600 ocer
391 1545 421 1600 et
440 1537 596 1599 eebemeos
619 1555 694 1598 moae
714 1536 829 1599 iudices
851 1537 998 1600 damnari
1019 1539 1173 1601 iussurus.

211 1641 251 1702 ln
274 1641 402 1722 egregia
424 1659 547 1702 morum
571 1639 745 1701 Constantii
767 1639 981 1721 descriptione
1000 1659 1049 1702 ιιι
1074 1643 1148 1702 666
1173 1642 1321 1704 666616-

114 1753 264 1824 guntur,
296 1762 399 1806 somno
420 1749 575 1806 conmotus
598 1743 710 1825 corpu
732 1761 800 1804 mem
822 1743 855 1806 id
873 1751 1012 1824 posceret
1039 1751 1154 1825 tempus
1177 1751 1206 1806 et
1226 1748 1317 1822 ratio,

109 1865 240 1928 perque
268 1849 370 1928 spotia
399 1848 480 1908 ottae
508 1845 686 1928 teupissiruo
708 1845 848 1926 inpendio
871 1852 990 1922 costus,
1022 1853 1058 1909 ut
1077 1865 1131 1909 nec
1153 1865 1239 1908 more
1261 1848 1321 1910 mi-

112 1952 223 2013 nistro
248 1949 354 2011 salem
377 1950 546 2030 suspiciose
563 1955 649 2010 66666
669 1955 771 2028 posset
784 1947 952 2032 redorpui:
975 1949 1054 2030 qood
1068 1949 1183 2010 crimea
1201 1951 1322 2012 etiamsi

113 2073 182 2116 riou
216 2053 335 2114 ervenit
361 2052 556 2135 noctipetas,
584 2053 671 2134 fieyit
699 2052 731 2112 io
758 2069 948 2112 summorum
977 2053 1099 2114 licentia
1126 2061 1317 2134 potestatum.

114 2143 320 2235 oon'spiront
348 2157 382 2216 in
410 2155 464 2216 bis
490 2153 564 2216 libri
588 2172 667 2234 quos
689 2155 850 2232 novimus,
883 2163 914 2216 et
943 2163 1049 2216 tamen
1072 2173 1158 2216 more
1180 2157 1360 2219 ministrem

113 2261 273 2339 ineptum
303 2268 361 2320 est.
415 2258 517 2319 sensit
546 2257 604 2318 hoc
633 2255 902 2336 Lindenbrogius:
936 2256 994 2318 sed
1023 2276 1094 2320 cum
1124 2257 1321 2320 confidenter

112 2361 344 2443 pronuntiavit
367 2359 574 2422 scribendum
598 2378 668 2421 esse
691 2367 726 2421 ut
739 2377 793 2420 uec
808 2377 915 2420 amore
929 2361 1086 2422 ministros
1107 2363 1214 2442 posuit
1235 2361 1320 2442 quod

112 2484 186 2527 non
212 2464 320 2524 minus
343 2472 391 2525 est
413 2463 568 2542 ineptum.
616 2463 731 2524 similia
754 2461 817 2522 illis
839 2481 894 2522 xxv
919 2463 935 2522 i
957 2463 974 2522 3
1000 2462 1041 2525 de
1063 2463 1183 2526 huiano
1205 2463 1322 2526 dicun-

112 2579 191 2630 tur:
229 2583 321 2646 ᾳιιαιιι
349 2564 446 2628 labem
475 2567 506 2626 iu
535 2565 638 2628 adulto
667 2563 775 2626 robore
797 2565 961 2626 reumatis
983 2567 1027 2628 ito
1048 2574 1135 2628 ceute
1157 2569 1267 2629 uitauit
1286 2575 1321 2629 ut

114 2774 235 2836 cistris
264 2771 477 2846 innueretur,
508 2778 543 2832 ut
570 2789 660 2852 saepe
688 2771 841 2853 66666696.
894 2770 951 2833 sed
980 2773 1131 2834 citerioris
1160 2775 1242 2834 vitae
1268 2773 1320 2835 vel

114 2875 232 2938 simile
255 2873 377 2954 aliquid
399 2893 463 2936 non
485 2884 589 2955 potest
611 2874 710 2936 latere
741 2873 775 2934 in
798 2873 856 2934 isto
879 2891 976 2934 orere.
1023 2883 1144 2936 certam
1166 2873 1320 2936 emenda-

112 2982 246 3042 tionem
261 2995 325 3038 non
340 2978 502 3057 potuimus
516 2977 677 3057 reperire,
703 2973 761 3038 sed
784 2975 869 3038 baud
884 2975 1024 3038 absurde
1040 2985 1147 3039 temen
1163 2979 1205 3040 ita
1221 2977 1319 3040 scribi

112 3099 217 3164 posse
234 3089 393 3160 putamus,
418 3087 454 3142 ut
465 3098 521 3140 nec
534 3098 635 3141 ιιιιο
650 3080 789 3142 ministro
805 3080 912 3142 saltem
925 3081 1095 3161 suspicione
1117 3088 1203 3143 leues
1218 3090 1321 3162 posset

112 3183 287 3265 redorpui.
333 3192 396 3244 tam
425 3192 545 3244 castum
576 3181 674 3246 inisse
704 3181 782 3244 dicit
805 3181 1022 3244 Constantium
1051 3193 1150 3246 utne
1173 3183 1320 3246 minister

112 3284 259 3368 quidem
281 3285 351 3346 eius
372 3285 473 3363 ullus,
499 3285 705 3364 quantumvis
727 3293 810 3346 66666
826 3284 957 3346 mordax
979 3294 1011 3347 66
1025 3285 1218 3366 maledicus,
1243 3285 1320 3348 libi-

113 3389 211 3452 dinis
234 3387 370 3449 alieuius
391 3387 605 3468 suspicionem
627 3405 754 3450 movere
769 3385 920 3449 auderet:
947 3387 1050 3450 solent
1072 3391 1157 3450 enim
1180 3391 1318 3452 ministri

113 3505 154 3556 ut
179 3491 335 3553 iniuriam
358 3490 553 3552 ulciscantur
574 3490 654 3551 tales
678 3508 821 3552 rumores
838 3487 1027 3571 dispergere
1042 3490 1249 3573 crediturque
1272 3493 1320 3554 eis

112 3603 236 3676 utpote
260 3593 423 3656 interioris
444 3611 572 3654 erorum
595 3593 679 3654 vitae
702 3593 853 3655 consciis:
887 3592 945 3655 sed
968 3593 1143 3656 Constantii
1165 3595 1319 3677 pudicitia

112 3709 186 3762 tam
208 3705 285 3758 nota
309 3705 375 3758 erat
397 3705 434 3758 ut
455 3713 496 3756 ne
512 3695 669 3776 malignus
684 3695 814 3776 quidem
839 3697 1008 3776 quisquam
1028 3698 1175 3760 minister
1196 3699 1317 3760 crimen

113 3799 306 3878 contingere
330 3799 492 3878 cogitaret.
539 3806 576 3859 ut
597 3807 670 3860 ante
686 3797 847 3894 sedorpui
872 3798 1029 3861 excidisse
1053 3809 1227 3863 statuamus
1249 3799 1319 3862 libi-

113 3905 204 3966 dissis
228 3920 292 3963 non
313 3899 444 3963 videtur
472 3917 551 3981 opus
573 3918 660 3963 esse:
693 3919 767 3962 nam
795 3902 917 3964 etiamsi
939 3902 1021 3963 nibil
1044 3902 1208 3965 eiusmodi.
1222 3921 1318 3984 proe-

114 4006 219 4070 cessit
243 4021 306 4065 non
330 4002 500 4064 obscurum
523 4012 571 4064 est
593 4002 672 4084 quod
693 4005 818 4066 crimea.

208 4105 304 4169 Libro
326 4123 386 4167 ιιιι
410 4107 428 4167 9
454 4106 488 4166 ll
523 4104 675 4168 scribitur
700 4105 799 4168 ‘ebbe'
829 4109 926 4188 iuquit
959 4109 1140 4190 ‘periculoso
1167 4109 1319 4191 porritori

113 4211 234 4297 pedum
262 4211 396 4292 tepmioa
423 4207 497 4270 dari
520 4226 683 4289 purpureo
708 4208 750 4271 od
771 4209 989 4273 adversarium
1006 4209 1215 4292 persereodce’
1258 4211 1317 4274 sed

112 4315 273 4402 pmeicori
287 4311 439 4375 Gelenius
461 4320 658 4376 commentus
680 4329 750 4374 esse
773 4311 916 4374 videtur:
944 4315 975 4374 in
992 4313 1183 4377 Aeoursiano
1205 4332 1317 4376 exem-

112 4419 201 4502 plari
232 4417 352 4496 legitur
379 4416 514 4498 patritie.
561 4433 633 4476 cum
661 4425 768 4477 autem
790 4416 959 4480 Vaticanus
989 4416 1074 4479 liber
1096 4416 1213 4479 babeat
1240 4435 1317 4499 pcr-

114 4529 206 4599 ruto,
245 4515 454 4582 scribendum
488 4527 536 4579 est
565 4518 737 4598 periculoso
772 4537 916 4583 censano.
975 4519 1015 4583 ad
1049 4519 1168 4603 garruli
1198 4537 1314 4582 nomen

166 4636 290 4690 nauptii
305 4634 417 4689 opuscula
434 4633 464 4676 11.
1072 4642 1105 4693 25
