3186 5108
371 422 463 484 ιιωιιι
485 441 652 486 taurionis
676 441 855 486 ιιοτινιινιι
874 422 968 483 4859.
1197 405 1268 482 155

84 633 111 693 p.
128 613 199 674 726.
255 615 378 674 utimur
410 623 517 677 eutem
551 615 665 694 partim
700 614 800 696 capiis
833 613 1017 694 Spauhemii
1052 614 1085 674 in
1119 612 1197 676 dies.
1229 611 1271 675 de

83 726 193 796 praest.
218 725 251 778 et
273 735 334 780 usu
357 719 502 780 narniam.
521 735 573 780 νιιι
597 739 629 799 p.
649 719 710 780 tet
727 737 770 780 ss.
810 719 917 798 itaque
937 726 974 780 ut
989 717 1098 779 Cicero
1116 718 1158 778 ita
1175 717 1270 780 etiam

82 819 182 882 Livius
204 839 298 882 ιιιιν
314 821 355 882 st
378 819 648 902 Agamemnonem
677 837 777 904 repom
798 839 905 904 rapiam
932 820 1026 883 dixit.
1073 829 1140 883 tum
1170 839 1188 882 a
1211 822 1271 882 Se-

79 943 150 985 neca
178 922 298 986 dicitur
319 921 378 1004 Ag.
403 941 435 985 v.
454 927 496 985 39
525 943 587 986 rem
615 925 667 986 illa
694 943 818 1007 reptem,
849 924 957 986 damur
979 921 1185 1008 Apamemaoa
1212 923 1271 986 dit·

79 1047 151 1088 οιιοι.
199 1026 315 1108 quidni
334 1027 481 1090 dicatur‘l
517 1047 601 1108 nam,
628 1037 663 1091 ut
678 1025 789 1090 verbis
811 1011 937 1090 utamur
960 1028 1058 1108 ignoti
1080 1035 1191 1108 poetae
1215 1027 1271 1107 qui

78 1131 224 1195 Ovidium
248 1132 389 1194 imitatus
413 1141 471 1210 est,
498 1149 550 1212 ep.
569 1149 622 1194 νιιι
639 1131 691 1210 ιδ,
721 1132 895 1195 Tantalides
916 1149 1018 1194 omnes
1041 1132 1199 1212 ipsamque
1220 1149 1272 1192 re-

77 1235 157 1318 pebat
180 1231 347 1297 Achillem:
378 1235 435 1297 llic
456 1253 533 1316 pars
556 1237 692 1312 militiae,
725 1235 796 1296 dum
816 1243 884 1298 erat
914 1234 965 1297 ille
994 1234 1116 1296 ιιαουαι.
1164 1253 1271 1314 neque

77 1339 163 1401 aliter
197 1337 425 1418 explicandum
454 1347 503 1401 eet
539 1338 625 1420 quod
653 1337 695 1402 ah
718 1338 844 1400 Horatio
867 1338 985 1419 epti
1017 1337 1077 1398 ⁴07
1100 1336 1269 1400 stoicorum

78 1443 200 1523 sapiens
223 1459 286 1503 rem
307 1461 413 1524 reptem
436 1441 565 1520 dicitur,
590 1452 645 1506 aut
667 1441 752 1522 quod
774 1438 891 1504 Atreus
913 1442 1054 1503 Senecae
1077 1441 1109 1501 in
1132 1441 1269 1522 Thyeste

78 1565 104 1606 v.
122 1547 185 1608 ιιι
210 1545 290 1608 haec
312 1544 464 1625 loquitur,
493 1567 509 1608 ο
531 1563 578 1608 me
600 1545 740 1608 caelitum
763 1545 1006 1608 eccelsissimam
1027 1546 1196 1626 llepampue
1218 1562 1271 1605 re-

77 1667 156 1730 para:
190 1656 260 1710 uota
288 1648 467 1712 transcendi
494 1667 571 1711 tneo.
623 1650 745 1730 pariter
775 1647 887 1710 Strabo
916 1657 1082 1730 postquam
1112 1647 1193 1710 libro
1216 1665 1270 1710 ιιιι

78 1753 138 1814 αι
162 1749 340 1822 δυναστείας
364 1753 479 1814 Priami
502 1751 619 1815 dicioni
642 1749 803 1814 subiectas
826 1753 1027 1814 enumeravit
1042 1750 1160 1814 deinde
1184 1771 1212 1812 ο.
1228 1753 1269 1812 32

79 1857 209 1936 repetito
232 1873 343 1917 eorum
366 1873 449 1936 quae
473 1855 539 1917 illio
560 1853 686 1918 dixerat
709 1856 861 1917 memoria
883 1853 1024 1935 adpellat
1047 1873 1120 1917 eunt
1142 1853 1271 1939 βασιλέα

78 1956 236 2041 βασιλέων,
264 1957 370 2022 idest
395 1977 554 2022 summurn
585 1975 694 2040 regem
725 1959 861 2039 aliisque
885 1957 1016 2038 regibus
1035 1960 1267 2042 imperantem.

78 2081 177 2144 neque
206 2063 269 2125 alia
301 2064 422 2124 ratione
444 2061 530 2144 apud
552 2061 744 2144 Aeschylum
763 2061 924 2144 supplices
946 2061 1207 2143 pastinantes
1230 2063 1267 2124 il.

79 2167 176 2228 lovem
211 2167 262 2228 his
292 2165 401 2230 verbis
435 2167 601 2244 invocant,
637 2156 711 2236 ἄναξ
740 2159 889 2243 ἀνάκτων,
928 2159 1072 2250 μακάρων
1099 2158 1271 2250 μακάρτατε

78 2266 126 2331 και
145 2268 256 2334 τελέων
278 2265 464 2332 τελειότατον
487 2261 613 2353 κράτος,
637 2259 722 2354 ὄλβιε
744 2265 818 2345 Zeis,
842 2267 1046 2349 eundemque
1071 2269 1271 2333 adsentimur

79 2373 231 2436 Guilelmo
246 2372 408 2435 Dindoriio
431 2375 597 2436 Persarum
621 2373 716 2434 choro
738 2391 769 2432 v.
789 2373 851 2434 668
874 2369 1021 2434 umbram
1043 2372 1130 2434 Darii
1154 2371 1196 2435 ab
1219 2373 1270 2434 in-

78 2476 150 2539 ieris
178 2478 322 2539 evocanti
352 2478 433 2539 haec
460 2475 631 2554 tribuisse,
670 2473 800 2538 δέσποτα
834 2471 990 2554 δεσποτᾶν,
1021 2469 1148 2561 φάνηθι.
1196 2493 1269 2537 narn

79 2579 160 2660 quod
182 2579 382 2644 Godoiredus
405 2581 606 2642 hermannus
628 2581 753 2661 putavit
774 2577 968 2642 servandum
992 2597 1063 2642 csse
1085 2579 1172 2661 quod
1194 2579 1268 2642 libri

79 2683 192 2746 hahent
215 2682 345 2748 δέσποτα
369 2679 532 2761 δεσπότου,
570 2685 690 2764 quippe
720 2701 802 2764 quac
831 2684 873 2744 sit
901 2683 1035 2746 formula
1065 2681 1106 2746 ad
1135 2684 1270 2746 orientis

79 2788 261 2868 populorum
285 2788 450 2868 ingenium
469 2785 671 2865 conformata,
697 2803 760 2867 qua
782 2795 938 2866 augeatur
961 2805 1012 2848 res
1034 2797 1067 2848 et
1088 2787 1147 2848 hcc
1168 2788 1270 2867 signi-

79 2891 197 2969 ficetur,
229 2913 245 2953 o
268 2893 322 2973 ραι
341 2891 478 2953 mamiow
500 2898 529 2952 et
550 2891 708 2953 verissime
729 2885 869 2952 dominas
892 2907 935 2969 es,
964 2907 1027 2951 nou
1049 2889 1180 2953 videtur
1201 2892 1270 2952 sin-

79 2995 192 3074 gularis
227 2995 368 3076 genetivi
406 2993 510 3055 simile
547 2993 683 3074 reperiri
716 2992 910 3073 exemplum.
973 3010 1036 3055 non
1068 3003 1152 3055 recte
1182 2994 1269 3055 enirn

80 3099 300 3180 conparaveris
323 3107 432 3160 notum
459 3096 539 3160 illud
555 3089 704 3168 Ἑλλάδος
721 3090 834 3168 Ἑλλὰς
852 3091 978 3180 Ἀδῆναι
1007 3097 1040 3156 in
1063 3106 1174 3159 vetere
1198 3099 1270 3178 epi-

81 3212 247 3282 grammate
270 3201 360 3264 anth.
380 3201 442 3264 Pal.
461 3220 503 3263 ιιι
520 3202 572 3262 ιδ.
612 3200 786 3282 quodcum
804 3199 884 3262 nihil
903 3198 991 3262 aliud
1012 3188 1059 3262 ιιι1
1076 3217 1172 3280 quatu
1188 3178 1295 3262 'urbes

81 3307 111 3366 ia
131 3308 210 3368 ormi
232 3307 366 3368 Graecia
389 3305 505 3367 Graeco
533 3306 651 3367 αοαιικο
680 3305 862 3387 dipnt'ssima
888 3305 1012 3385 soloque
1040 3321 1117 3366 vera
1141 3303 1272 3366 Graecia

80 3417 106 3470 et
132 3411 265 3492 ναιιριιασ
289 3409 437 3472 Graeciae
465 3409 508 3471 ita
534 3416 699 3491 praestans
727 3416 762 3470 at
783 3409 839 3470 ilia
867 3409 974 3470 ceteris
1000 3413 1141 3488 praestat
1168 3414 1271 3469 terrae

82 3513 258 3594 repleamus,
278 3512 426 3594 adparet
454 3512 481 3574 si
516 3512 610 3573 simili
642 3511 789 3574 dictionis
823 3511 922 3592 figura
951 3508 1143 3592 Aeschylum
1176 3529 1269 3573 usum

82 3635 148 3677 esse
169 3625 337 3698 putamus,
370 3626 475 3678 tamen
500 3615 645 3680 δεσποτᾶν
668 3615 786 3698 plurali
808 3616 957 3694 genetivo
979 3633 1060 3695 opus
1082 3631 1166 3675 esse.
1212 3613 1270 3676 sed

81 3718 212 3799 videtur,
238 3718 439 3798 uidissime,
466 3717 596 3783 δέσποτα
619 3720 764 3783 δεσποτᾶν
787 3737 851 3780 nou
873 3717 967 3780 aliter
983 3737 1054 3779 esse
1077 3716 1271 3797 intellegen-

80 3821 153 3885 dum
178 3833 275 3905 atque
304 3823 357 3886 illa
385 3841 468 3904 quac
497 3831 590 3884 antea
620 3823 794 3887 attulimus.
842 3821 941 3884 nihilo
972 3821 1078 3884 miuus
1107 3839 1170 3882 non
1200 3821 1270 3884 sine

81 3927 211 4006 quadarn
232 3927 366 3989 orientis
388 3927 578 4008 populorum
602 3927 774 3988 imitatione
790 3924 981 4006 Aeschylum
1004 3934 1036 3987 et
1059 3925 1110 3986 hic
1132 3924 1270 3986 locutum

81 4047 150 4092 esee
170 4031 332 4094 credimus
354 4039 386 4092 et
407 4027 511 4110 paullo
534 4038 616 4110 post,
642 4031 668 4092 si
692 4028 774 4091 dixit
795 4049 826 4090 v.
847 4029 908 4090 titt
932 4047 996 4090 nou
1019 4023 1151 4091 δυνάστα
1174 4022 1270 4090 δυνά-

81 4153 137 4194 στα
159 4133 213 4196 sed
237 4126 551 4209 condominantem,
584 4151 666 4213 quae
689 4131 844 4194 Dindcrfii
873 4130 958 4194 haud
986 4149 1062 4194 sane
1091 4131 1270 4196 necessaria

81 4237 182 4316 opinio
204 4248 262 4301 est.
303 4237 428 4300 Persico
451 4237 537 4299 euim
559 4236 711 4299 orationis
733 4235 836 4299 colore
860 4237 971 4298 Persas
994 4235 1080 4315 loqui
1104 4234 1190 4297 lecit.
1227 4236 1269 4296 ita

82 4339 274 4404 Onesicritus
296 4359 313 4402 a
330 4339 538 4404 Strabonem
561 4358 593 4421 p.
612 4338 673 4400 730
691 4347 953 4402 commemoratus
977 4339 1009 4399 in
1027 4337 1099 4420 Cyri
1123 4337 1270 4420 sepulcro

82 4441 166 4522 qued
192 4443 375 4526 Pasargadis
403 4445 463 4508 luit
492 4443 635 4507 narravit
661 4461 732 4505 esse
760 4439 934 4526 διάγραμμα
949 4434 1129 4524 Ἑλληνικὸν
1154 4437 1270 4526 Περσι-

82 4543 147 4617 κοῖς
174 4545 396 4635 κεχαραγμένον
418 4542 602 4632 γράμμασιν,
628 4537 756 4609 “δνιιάδ’
789 4539 852 4630 lyci
881 4542 984 4629 κεῖμαι
1006 4539 1107 4630 Κδμνς
1129 4538 1270 4629 βασιλεὺς
