3186 5108
397 381 485 442 lrosr
508 399 674 444 ssorrom
698 401 882 446 ιιιιιιιιιιιιιι
904 384 997 444 l86l.
1223 368 1292 441 197

100 570 174 634 alios
199 569 327 634 codices
349 569 484 634 Vrbinas
512 583 543 634 et
567 591 649 635 unus
672 572 999 654 Cantabrigiensium,
1032 572 1134 636 bonus
1156 584 1293 656 uterque

100 673 201 753 liber,
227 685 296 736 turn
320 673 517 738 Erlurtensis
539 677 700 755 llerlrelii,
726 687 758 738 et
780 677 849 758 ipse
873 675 1058 740 melioribus
1079 676 1295 741 adnumeran-

100 775 178 856 dus,
211 777 350 857 habent,
381 785 414 842 ιιι
435 797 497 860 prro
525 787 594 842 erat
620 788 649 842 et
676 781 780 856 tellus,
812 798 916 860 aquo
946 798 1009 842 non
1036 781 1171 844 multum
1200 781 1297 844 distat

98 889 190 964 capue
213 870 289 944 παι
312 887 340 944 et
361 883 461 962 ιιιιιιι,
487 881 572 964 quod
595 884 628 944 in
650 883 721 946 aliis
744 902 806 945 non
829 883 926 946 nullis
949 892 1008 945 est.
1048 893 1144 964 atque
1166 892 1202 946 ιιι
1222 885 1321 946 olima

98 985 144 1047 hio
171 986 254 1066 legit
276 986 460 1067 Porphyric,
485 988 540 1069 qui
563 985 603 1049 ad
627 987 745 1048 Horatii
768 985 848 1049 illud
875 986 982 1067 (earm.
1000 1005 1034 1049 ιιι
1058 989 1075 1048 ι
1101 987 1150 1071 29)
1176 996 1296 1050 etauct-

96 1108 148 1172 poe
183 1107 302 1152 ιιιιοιιιιι
330 1107 383 1152 ooo
411 1086 606 1154 macheco
627 1089 813 1171 adscripsit,
849 1091 1018 1173 ‘utcumque
1040 1110 1126 1154 nnnc
1148 1110 1205 1172 pro
1227 1092 1296 1155 chi-

96 1211 228 1276 oumpue
249 1193 368 1274 accipe.
415 1201 449 1254 ut
470 1194 557 1255 enim
578 1203 705 1256 veteres
732 1213 795 1256 non
825 1213 999 1276 numquam
1026 1213 1085 1276 pro
1107 1195 1198 1260 locali
1221 1215 1297 1276 par-

97 1297 197 1360 ticula
227 1296 406 1378 ponebant,
438 1306 474 1358 ut
496 1296 655 1376 Vergilius
684 1299 716 1360 in
746 1299 884 1360 eccesia
913 1305 947 1360 ιιι
971 1297 1052 1379 sorte
1082 1299 1215 1362 accensis
1239 1319 1296 1380 pro

98 1398 147 1462 oti
172 1401 274 1462 caesis
303 1408 334 1462 et
357 1399 491 1462 Ovidius
520 1419 597 1482 quaa
620 1401 732 1484 resupit
760 1401 848 1464 tellus
879 1402 941 1464 illio
969 1409 1003 1464 ct
1027 1409 1138 1482 pontus
1168 1410 1196 1464 et
1217 1404 1295 1464 aar!

97 1504 137 1564 ita
163 1503 247 1564 haec
269 1503 385 1584 scripta
408 1513 483 1566 sunt
507 1505 539 1566 in
561 1503 669 1566 codice
692 1506 887 1566 llcnacensi:
914 1505 1058 1586 ineptum
1082 1513 1146 1582 est,
1172 1524 1243 1567 oum
1263 1514 1297 1568 ot

96 1604 220 1669 alieubi
246 1607 278 1668 in
301 1607 359 1668 hoo
382 1627 517 1670 versuo
542 1608 755 1689 Porphyrione
779 1609 896 1669 lectum
920 1627 990 1670 esse
1013 1606 1180 1688 adpareat,
1211 1609 1297 1689 quod

96 1709 127 1772 in
158 1707 360 1772 Fabricianis
387 1710 523 1790 aliisque
551 1710 788 1792 exemplaribus
815 1711 969 1791 scriptum
998 1722 1063 1790 est,
1095 1729 1213 1793 qaoque
1237 1713 1299 1794 suit

95 1813 189 1876 tetro
215 1813 278 1874 illio
299 1821 328 1876 et
345 1820 457 1894 poetro
479 1821 508 1875 et
528 1833 602 1876 aer:
625 1833 818 1896 quamquam
834 1816 929 1877 etiam
945 1818 1163 1878 Monacensem
1177 1814 1296 1877 librum

94 1915 312 1999 depravatum
334 1935 404 1980 esse
419 1914 616 1980 docebimus.
655 1918 711 1998 qui
727 1936 808 1998 quae
831 1917 966 1998 praebet
989 1921 1015 1980 si
1039 1920 1188 1981 correctis
1209 1921 1297 2000 prio-

95 2019 192 2084 ribus
222 2018 348 2083 duobus
374 2019 484 2083 verbis
513 2022 556 2084 ita
585 2020 772 2099 scribimus,
802 2039 921 2104 quoque
946 2022 1010 2104 scit
1037 2021 1141 2098 tellus,
1173 2021 1235 2084 illio
1264 2031 1298 2084 ut

94 2131 213 2205 pontus
238 2131 268 2185 et
295 2142 368 2200 aar,
409 2123 487 2186 illud
519 2126 622 2206 ipsum
652 2124 807 2188 habemus
837 2124 922 2206 quod
951 2125 1123 2189 Merkelius
1152 2125 1294 2206 protulit,

95 2247 194 2305 suae,
222 2236 258 2290 ut
279 2227 338 2306 ait,
364 2229 564 2291 coniecturae
586 2229 688 2291 locum
713 2227 841 2290 iaciens.
888 2229 946 2291 sed
969 2247 1074 2310 neque
1097 2227 1232 2291 Ovidius
1254 2230 1297 2290 ita

95 2331 232 2412 scripsit
255 2329 411 2412 (ineptum
435 2341 483 2393 est
507 2333 590 2393 enim
615 2332 647 2392 in
672 2332 730 2394 hao
751 2333 903 2394 orationis
918 2332 1017 2394 lorma
1038 2341 1072 2394 ut
1093 2340 1214 2415 perthas,
1240 2352 1297 2413 pro

95 2453 163 2514 quo
180 2433 237 2496 ille
252 2435 380 2496 omnino
396 2442 423 2496 et
435 2442 547 2516 pontus
562 2437 752 2516 scripsisset,
774 2434 860 2515 quod
875 2436 1170 2518 metamorphoseon
1186 2455 1297 2498 exem-

96 2539 203 2620 plaria
219 2535 366 2620 habent),
391 2556 496 2618 neque
513 2539 684 2620 Porphyrio
709 2540 750 2600 ita
772 2539 925 2619 scriptum
942 2539 1033 2620 legit:
1060 2559 1133 2602 nam
1156 2542 1182 2601 si
1199 2541 1297 2620 legis-

95 2651 162 2720 set,
188 2659 253 2702 nou
275 2649 418 2721 putasset
441 2642 570 2704 localem
594 2661 665 2704 esse
687 2642 894 2723 particulam,
919 2641 1005 2722 quod
1028 2653 1141 2724 putare
1164 2644 1297 2705 stultum

97 2754 182 2807 erat.
232 2745 339 2825 itaque
363 2745 535 2826 Porphyrio
565 2752 597 2806 ut
627 2746 660 2807 in
688 2745 747 2808 alia
771 2747 920 2808 versiculi
949 2754 1039 2826 parte
1068 2747 1222 2826 scriptum
1247 2749 1297 2807 in-

98 2848 192 2912 venit
226 2847 275 2930 (et
304 2847 442 2911 vidimus
471 2848 531 2910 alio
562 2848 627 2909 looo
657 2849 794 2928 positum
824 2867 894 2910 esse
924 2849 956 2909 in
987 2847 1078 2910 bonis
1108 2867 1171 2910 non
1200 2849 1298 2912 nullis

97 2949 365 3033 exemplaribus),
390 2950 550 3014 adnotatio
572 2962 678 3014 autem
702 2951 771 3014 eius
786 2950 957 3032 depravata
981 2963 1028 3012 est
1049 2969 1067 3012 a
1091 2951 1222 3013 librario
1242 2953 1297 3033 qui

100 3055 185 3118 male
215 3055 370 3136 scripturn
401 3055 693 3136 metamorphoseon
724 3055 889 3135 exenrplar
916 3055 1096 3116 consuleret
1124 3065 1178 3117 aut
1207 3055 1297 3118 ouius

102 3159 276 3221 memoriae
301 3159 483 3220 notissimus
505 3157 700 3236 versiculus,
726 3157 783 3221 sed
806 3156 887 3219 male
910 3157 1066 3238 scriptus,
1100 3158 1294 3222 inhaereret.

101 3262 178 3326 latet
200 3269 307 3324 autem
330 3263 363 3323 in
378 3260 484 3324 Ovidii
509 3262 647 3324 carmine
665 3261 776 3324 vitium
793 3259 877 3341 quod
901 3261 1054 3322 miramur
1076 3279 1182 3342 neque
1199 3263 1297 3324 llein·

101 3367 185 3430 sium
216 3365 413 3427 intellexisse
443 3383 547 3446 neque
577 3383 653 3426 vero
682 3364 878 3442 Bentleium,
911 3365 965 3444 qui
997 3362 1083 3426 idem
1111 3365 1225 3425 vitium
1256 3383 1296 3426 ex

102 3469 179 3532 artis
201 3470 373 3532 amatoriae
390 3467 470 3530 libro
488 3469 586 3531 altero
608 3467 652 3549 (vs
667 3467 738 3550 ιιι)
760 3468 887 3548 egregia
911 3466 1132 3530 emendatione
1155 3467 1294 3530 sustulit.

103 3572 238 3654 legimus
260 3569 304 3634 ibi
329 3573 417 3650 haee,

229 3676 336 3757 primo
353 3675 416 3757 soit
437 3693 543 3736 rectam
564 3674 692 3756 confuso
713 3677 780 3738 stoa
802 3676 909 3738 ordine
930 3675 1021 3738 amieo

311 3797 432 3860 cneque
453 3785 521 3840 erat
539 3779 637 3861 socies
659 3779 763 3840 sidero
785 3787 873 3842 terro
891 3779 1016 3860 fretum.

234 3901 308 3944 oaooe
329 3883 448 3944 coelom
470 3883 632 3962 inpositum
654 3883 758 3958 terras,
784 3882 893 3945 homos
916 3901 1045 3965 oeptmre
1067 3885 1204 3957 cinctost,

312 3987 400 4067 ioque
423 4003 496 4048 suos
516 3993 623 4066 portes
645 3987 735 4048 cessit
756 3987 847 4048 icone
869 3987 969 4048 choos.

103 4111 218 4154 verum
241 4107 346 4170 neque
363 4088 468 4151 Ovidii
492 4088 682 4168 elegantiam
699 4087 797 4152 rolert
812 4089 933 4170 duplex
956 4091 989 4151 in
1012 4108 1075 4151 una
1095 4099 1180 4151 terra
1196 4089 1298 4170 signi-

104 4191 228 4258 ficanda
250 4191 439 4255 vocabulum
467 4189 623 4272 (summus
645 4193 730 4254 enim
754 4190 882 4254 dicendi
905 4190 1021 4254 artilex
1046 4192 1077 4252 in
1101 4191 1159 4254 hao
1181 4193 1297 4255 oratio-

103 4299 154 4360 nis
183 4295 284 4360 lorme
314 4295 399 4358 idem
421 4294 610 4357 vocabulum
638 4295 816 4378 iterasset),
848 4313 954 4375 neque
982 4292 1136 4358 credibile
1165 4307 1214 4358 est
1236 4297 1297 4358 tria

104 4409 229 4464 tantum
251 4417 323 4462 euru
347 4417 606 4462 commemorasse
629 4399 796 4461 elementa.
836 4408 930 4478 atque
954 4396 1032 4458 haec
1054 4415 1146 4462 eausa
1163 4398 1221 4462 luit
1240 4418 1297 4461 cur

104 4503 267 4568 Bentleitu
293 4503 459 4584 scripsisse
487 4521 561 4566 eum
590 4501 786 4564 existimaret
815 4519 889 4564 moro
917 4500 1035 4562 coelom
1062 4503 1224 4584 inpositam
1244 4521 1295 4565 ιιι
