3186 5108
300 310 370 383 144
590 324 681 388 lnnrx
703 309 868 386 omrronvu
889 340 1076 386 ειειιιικινι
1093 324 1187 386 ists.

295 523 406 576 narret
433 513 550 576 Dianae
580 515 729 594 quotiens
757 533 774 574 a
804 522 922 575 venatu
951 509 992 574 ad
1013 512 1119 573 lovem
1147 510 1257 574 redeat
1286 509 1407 572 obviarn
1434 512 1473 572 ire

297 617 505 697 Mercurium,
531 627 567 678 ut
589 637 676 680 arma
698 617 847 696 accipiat,
880 625 912 676 et
933 616 1008 677 olim
1030 613 1161 695 quidem
1183 611 1379 696 Apollinem,
1403 633 1477 676 nunc

297 721 476 802 Herculem,
501 731 537 782 ut
557 730 662 784 sumet
683 723 806 800 siquam
830 719 982 800 pinguem
1006 718 1105 780 ieram
1128 717 1188 780 den
1209 717 1345 782 adierat.

701 818 768 886 θεοί
790 817 818 884 δ’
845 818 894 886 ἐπί
915 815 1023 894 πάντες
1044 819 1152 908 ἐκείνιμ

425 917 573 1012 όλληκτον
596 920 738 1012 γελόωσι,
763 919 893 1009 μάλιστα
915 923 949 990 δὲ
970 920 1102 1011 πενθερὴ
1127 918 1215 1010 uitri,

424 1035 533 1116 ταῦρον
555 1023 599 1096 ὅτ’
626 1031 661 1094 ἐκ
684 1027 802 1116 δίφροιο
825 1025 910 1113 μάλα
932 1028 1027 1115 μέγαν
1049 1021 1070 1113 ἢ
1092 1020 1109 1093 ό
1131 1051 1167 1114 γε
1187 1025 1342 1120 χλούνην

425 1131 538 1219 κάπρον
561 1128 742 1199 όπισθιδίοιο
764 1131 852 1220 φέροι
873 1128 965 1206 ποδός
987 1127 1183 1218 ἀσπαίροντα.

385 1289 389 1298 ,
425 1237 581 1325 κερδαλίιρ
605 1231 693 1323 μύθφ
715 1260 761 1314 σε,
785 1231 857 1322 θεή,
882 1233 966 1321 μάλα
987 1235 1066 1323 τῷδε
1087 1232 1235 1315 πινύσκει,

418 1335 540 1428 mititte
562 1336 674 1413 κακούς
695 1337 745 1404 ἐπί
767 1339 877 1427 θῆρας,
900 1337 951 1404 ἵνα
974 1337 1080 1424 θνητοί
1101 1363 1135 1404 σε
1157 1333 1270 1425 βοηθόν
1350 1405 1354 1416 ,

426 1440 468 1519 ὡς
490 1443 544 1530 ἐμὲ
565 1439 787 1530 κικλήσκιυσιν·
810 1441 849 1508 ἔα
869 1438 982 1530 πρόκας
1003 1439 1060 1529 ἠδὲ
1083 1439 1220 1527 λαγωούς

425 1539 519 1635 ούρεα
541 1545 726 1636 βόσκεσθαι·
749 1545 779 1612 τί
801 1546 834 1611 δέ
856 1571 906 1612 κεν
929 1541 1038 1634 πρόκες
1059 1541 1115 1631 ἠδὲ
1138 1543 1252 1632 λαγωοί

427 1651 557 1739 peiorum
584 1649 653 1724 σύες
675 1649 763 1737 ἔργα,
787 1647 856 1724 σύες
878 1645 957 1738 φυτὰ
979 1648 1184 1735 λυμαίνονται.

424 1753 477 1821 καί
499 1751 568 1841 βόες
590 1749 776 1842 ἀνθρώποισι
798 1750 891 1818 κακὸν
914 1753 1010 1839 μέγα·
1035 1748 1117 1840 βάλλ’
1144 1750 1194 1818 ἐπί
1216 1748 1267 1818 καί
1288 1749 1389 1824 τούς.”

427 1851 469 1932 ὣς
489 1857 605 1936 ἔνεπεν,
628 1855 752 1945 ταχινὸς
774 1855 807 1922 δὲ
830 1856 924 1943 μίγαν
946 1855 1015 1945 περί
1037 1859 1120 1945 θῆρα
1140 1857 1271 1922 πονεῖτο.

425 1959 463 2029 ού
482 1958 539 2050 γὰρ
562 1954 579 2026 ό
601 1986 637 2048 γε
659 1961 779 2049 Φρυγίῃ
800 1985 856 2050 περ
880 1956 929 2026 ὕπ’
956 1955 1047 2049 όφρύϊ
1068 1962 1140 2047 γυῖα
1162 1958 1292 2032 θειυθείς

425 2061 556 2131 παύσατ’
584 2061 769 2152 όιδιγφαγίης.

297 2166 345 2237 ὑπ’
380 2164 471 2258 όφρύϊ
492 2171 670 2232 lieinekius
695 2169 824 2252 scripsit
845 2170 928 2232 annl.
952 2169 1044 2232 Alex.
1070 2189 1101 2251 p.
1122 2171 1202 2250 429,
1236 2189 1308 2231 cum
1331 2169 1483 2248 legeretur

297 2287 389 2338 antea
412 2269 468 2338 ὑπὸ
492 2269 575 2360 δρυῒ,
608 2273 818 2337 Ruhnkenius
839 2283 945 2337 autem
969 2271 1104 2359 Φρυγίης
1125 2295 1180 2358 περ
1203 2267 1251 2336 ἐπ’
1278 2266 1389 2358 ὀφρύσι
1409 2272 1483 2333 scri·

298 2378 439 2442 bendum
462 2387 620 2459 putasset:
654 2387 687 2440 et
708 2387 871 2457 praestare
893 2375 1024 2439 videtur
1046 2371 1093 2440 ἐπ’
1126 2371 1226 2463 ὀφρύϊ.
1273 2375 1332 2438 sed
1353 2376 1396 2439 ad
1417 2395 1484 2438 vcr-

297 2493 372 2546 sum'
391 2483 447 2563 qui
478 2483 590 2543 tertius
619 2489 667 2542 est
696 2500 714 2543 a
743 2479 806 2543 fine
829 2479 1040 2544 Boissonadus
1062 2481 1141 2543 haec
1162 2479 1349 2561 adscripsit,
1385 2479 1485 2541 ‘boves

298 2587 461 2648 silvestres
495 2585 700 2666 intellegunt;
739 2583 797 2646 sed
823 2603 863 2646 an
893 2576 962 2669 βόες
996 2583 1118 2665 absque
1150 2584 1289 2665 epitheto
1319 2586 1361 2646 ita
1394 2585 1483 2666 possit

298 2690 398 2771 accipi
430 2687 520 2752 valde
549 2687 671 2750 dubito.
720 2688 824 2750 forsan
855 2688 934 2760 θῶες
957 2686 1116 2772 θνητοῖσι]
1162 2685 1219 2750 sed
1241 2688 1324 2750 bano
1346 2689 1485 2751 mutatio-

299 2813 371 2854 nem
395 2803 427 2855 et
448 2793 582 2855 licenter
604 2790 673 2854 fieri
697 2801 728 2854 et
751 2791 865 2855 malam
887 2811 958 2854 esse
980 2790 1125 2874 adparet.
1165 2811 1271 2873 neque
1295 2793 1380 2856 euim
1403 2793 1486 2854 thoes

273 2898 351 2959 thio
373 2894 638 2958 commemorandi
668 2904 774 2974 erant,
807 2915 938 2974 verum,
970 2895 1079 2976 siquid
1101 2897 1229 2957 omnino
1252 2884 1344 2959 esset¹
1366 2907 1485 2958 mutan-

299 3000 391 3080 dum,
424 3009 609 3082 putaremus
633 2999 818 3078 Herculem,
848 3000 918 3080 apri
941 2999 1139 3080 Erymanthii
1163 3009 1195 3060 et
1223 3001 1324 3062 lconis
1347 2999 1485 3062 Nemeaei

301 3103 554 3181 interfectorem,
585 3103 673 3184 apris
700 3101 820 3164 addere
850 3102 959 3165 leones
989 3113 1021 3164 ct
1047 3101 1262 3166 scriberemus
1291 3122 1355 3164 non
1384 3120 1487 3182 magno

299 3208 424 3288 negotio
452 3201 504 3268 καί
533 3203 596 3277 λίες
618 3198 805 3291 ἀνθρώποισι
831 3200 924 3269 κακὸν
949 3204 1038 3289 μέγα.
1085 3206 1169 3269 dixit
1198 3205 1238 3270 de
1262 3207 1321 3270 boo
1343 3205 1486 3270 vocabulo

300 3311 476 3372 licinekius
505 3311 536 3370 in
566 3293 718 3372 analectis
746 3309 971 3372 Alexandrinis
993 3331 1025 3392 p.
1045 3313 1097 3372 63.
1144 3329 1162 3372 a
1192 3329 1255 3391 quo
1284 3310 1317 3371 in
1346 3307 1487 3372 versiculi

300 3413 512 3495 Euphorionis
540 3413 761 3476 emendatione
791 3413 1009 3476 dissentimus.
1056 3433 1129 3476 uam
1158 3431 1230 3474 cum
1260 3411 1488 3474 Choeroboseus

299 3527 335 3578 ut
357 3513 418 3587 λίες
441 3516 532 3578 brevi
562 3517 668 3597 priore
692 3515 812 3598 syllaba
842 3515 961 3579 dictum
985 3514 1183 3578 demonstret
1208 3517 1287 3578 haec
1309 3515 1431 3579 adierat
1452 3533 1486 3578 ex

300 3619 513 3700 Euphorionis
535 3620 711 3700 Mopsopia,
737 3619 766 3682 oi
788 3613 816 3682 δ’
843 3614 1001 3683 ἐπιθύουσι
1022 3617 1084 3703 βῶν
1100 3616 1174 3697 λίες,
1199 3621 1376 3682 licinekius
1391 3639 1427 3684 eo
1446 3620 1486 3680 sic

301 3723 368 3785 lere
385 3721 585 3785 emendando
601 3741 670 3785 esse
687 3733 808 3803 censet,
835 3723 863 3786 ol
880 3718 906 3784 θ’
934 3716 1107 3787 ἑπιθύοοσιν
1131 3719 1233 3808 βουσίν
1256 3721 1329 3795 λίες.
1369 3724 1488 3786 videtur

301 3827 406 3906 potius
420 3825 627 3890 scribendum
643 3846 713 3888 esse
729 3823 789 3890 οἷοι
804 3820 961 3890 ἐπιθύουσι
979 3827 1058 3912 βοῶν
1075 3824 1147 3898 λίες.
1181 3845 1253 3888 nem
1269 3821 1404 3891 ἐπιθύειν
1420 3845 1487 3909 prc-

302 3929 395 3992 ducta
418 3931 518 3992 altera
540 3928 659 4011 syllaba
682 3929 745 3993 dici
769 3931 859 4009 solet,
889 3951 961 3993 oum
985 3931 1131 4012 genetivo
1153 3941 1259 3993 autem
1283 3949 1359 3994 casu
1381 3942 1416 3994 ut
1436 3932 1486 3992 hoc

301 4033 436 4096 verbum
460 4035 664 4113 coniungeret
681 4035 840 4115 Euplrorio
862 4032 1020 4096 adductus
1042 4053 1113 4096 esse
1129 4033 1258 4096 videtur
1272 4035 1407 4097 aliorum
1421 4051 1487 4095 ver-

301 4135 415 4198 borum
436 4135 657 4216 similitudine,
683 4138 795 4216 veluti,
820 4157 861 4200 ne
884 4138 977 4218 plura
995 4137 1205 4220 proferamus,
1232 4139 1388 4200 Homerici
1411 4137 1486 4198 illius

303 4237 344 4324 μή
367 4262 410 4311 τις
433 4242 483 4302 νῦν
506 4232 621 4325 ἐνάρων
644 4237 878 4325 ἐπιβαλλόμενος
901 4235 1077 4325 μετόπισθεν
1102 4239 1244 4324 μιμνέτω.
1287 4241 1344 4304 sed
1368 4244 1400 4303 in
1423 4240 1486 4302 Cal-

302 4342 448 4404 limacbio
471 4343 627 4406 versiculo
649 4343 743 4424 plane
772 4344 850 4406 nibil
875 4344 1061 4408 mutandum
1085 4355 1131 4405 est
1160 4363 1266 4426 neque
1289 4356 1392 4425 potest
1415 4346 1486 4404 ller-

302 4447 407 4524 ποίεε,
440 4447 530 4507 cuius
553 4447 752 4508 voracitatem
777 4449 870 4509 etiam
895 4450 978 4510 inter·
1000 4449 1077 4508 deos
1099 4458 1255 4509 servatam
1279 4459 1370 4530 poete
1394 4449 1485 4508 iocose
