3204 5104
333 371 406 444 372
629 388 717 448 lanai
741 405 907 448 ιιιιτιοιιιι
928 405 1107 448 nascimur!
1125 386 1218 447 ⁴858.

332 576 510 657 perfecerat
531 595 611 656 opus
632 585 844 638 conmemorat
867 585 898 637 et
920 575 1038 638 deiude
1061 575 1139 638 haec
1160 573 1266 653 addit,
1294 572 1452 656 {disquiro
1471 571 1506 632 ob

332 679 365 741 id
387 679 520 759 angulos
541 697 651 740 omnes
673 679 706 740 in
722 677 905 756 Germania,
930 687 966 740 ut
988 679 1105 760 possim
1128 679 1272 759 reperire
1289 695 1341 738 res
1357 674 1503 758 perditas:

330 781 416 863 quod
444 791 480 844 ut
510 791 542 844 et
571 792 605 844 tu
634 782 968 844 laciastvehementer
995 791 1091 862 atque
1121 782 1215 845 enixe
1245 790 1319 862 peto
1340 790 1436 860 atque
1455 777 1506 840 ob

329 895 438 947 testor.
485 884 579 947 credo
607 885 712 947 adhuc
740 883 864 947 latitare
886 883 1002 946 alicubi
1026 885 1058 946 in
1082 885 1190 947 ilheno
1211 881 1413 946 Ammianum
1434 883 1507 944 llar-

329 988 478 1050 cellinum
508 988 679 1068 integrum.
726 987 870 1068 disquire
900 986 1072 1068 diligenter
1097 997 1128 1050 et
1150 988 1208 1051 tu.'
1253 985 1372 1049 deinde
1394 985 1445 1048 die
1464 1004 1506 1046 nr

329 1090 481 1153 kalendas
495 1091 657 1153 lanuarias
678 1091 755 1152 anni
778 1109 857 1151 unm
871 1089 1017 1153 Andreas
1031 1091 1171 1154 Alciatus
1184 1088 1348 1152 Avenione
1363 1087 1405 1152 ad
1418 1091 1506 1150 Fran-

329 1195 447 1256 ciscum
471 1193 601 1256 Calvum
624 1194 748 1256 litteras
770 1195 856 1256 misit
879 1213 960 1275 quae
982 1195 1132 1274 leguntur
1154 1194 1187 1256 in
1205 1190 1423 1256 Gudianarum
1444 1191 1506 1271 epi-

303 1297 483 1370 gstularum
499 1296 617 1378 sylloge
640 1298 853 1360 alturmauuo
876 1297 972 1359 edita.
1019 1296 1131 1359 scribit
1154 1297 1187 1358 in
1209 1285 1262 1357 eis'
1286 1296 1401 1359 litteris
1422 1315 1453 1376 p.
1469 1293 1504 1354 85

331 1401 490 1461 ‘ceterum
520 1418 579 1461 nec
608 1398 688 1463 illud
708 1419 726 1461 a
749 1408 780 1462 te
802 1399 1121 1480 praetermittendum
1144 1409 1193 1461 est
1220 1409 1272 1478 ut,
1301 1399 1328 1460 si
1352 1399 1385 1460 iu
1408 1395 1503 1459 reditu

328 1503 360 1564 in
384 1503 519 1582 patriam
541 1511 595 1564 tuo
610 1521 671 1582 per
684 1499 850 1564 Aemiliam
866 1503 950 1564 viam
966 1503 1027 1564 iter
1049 1500 1181 1580 leceris,
1207 1501 1360 1564 Gesenam
1375 1499 1506 1563 divertas

328 1605 533 1686 excutiasque
549 1603 616 1666 divi
631 1607 788 1667 Francisci
811 1623 892 1685 quae
917 1604 962 1666 ibi
984 1614 1070 1667 extat
1084 1602 1319 1666 bibliothecam.
1359 1603 1504 1686 quaedam

327 1709 412 1768 enim
441 1708 572 1787 antiqua
604 1727 641 1770 eo
670 1708 703 1768 iu
733 1707 798 1770 loco
830 1727 901 1770 esse
932 1705 1014 1770 lama
1043 1716 1092 1769 est
1120 1717 1295 1788 exteraque
1325 1707 1503 1788 praesertim

326 1807 527 1872 Ammianum
543 1809 758 1872 Marcellinum
782 1811 953 1890 integrum.
1001 1829 1076 1872 cura
1099 1828 1216 1890 quaeso
1239 1810 1298 1871 hoc
1319 1808 1503 1891 diligenter.¹

326 1930 409 1974 anno
443 1912 583 1994 denique
611 1929 744 1974 anxxxur
777 1931 850 1992 spes
884 1913 935 1975 illa
967 1911 1167 1994 reciperandi
1197 1913 1313 1994 integri
1339 1913 1444 1994 operis
1470 1930 1503 1972 cx

326 2024 417 2095 parte
448 2016 568 2096 inpleta
597 2025 656 2078 est.
703 2013 804 2076 edidit
832 2016 918 2078 euim
940 2013 1100 2096 Augustae
1122 2014 1356 2078 vindelicorum
1379 2015 1505 2078 llariau·

326 2118 416 2198 gelus
430 2116 600 2182 Acoursius
614 2117 815 2180 Ammianum
831 2118 1046 2180 Marcellinum
1065 2116 1191 2180 mendis
1205 2120 1350 2199 quinque
1372 2117 1502 2194 milibus,

325 2231 361 2283 ut
382 2222 434 2283 vel
456 2223 526 2302 ipse
549 2221 601 2283 vel
616 2222 764 2284 Silvanus
778 2220 904 2300 Otmar,
930 2223 986 2302 qui
1004 2229 1150 2302 sumptus
1165 2219 1257 2300 iecit,
1283 2221 1389 2284 minus
1403 2221 1502 2282 latine

326 2321 420 2403 dicit,
445 2333 615 2404 purgatum
641 2333 673 2386 et
694 2321 787 2385 libris
809 2324 952 2405 quinque
974 2333 1102 2386 auctum
1123 2323 1244 2386 ultimis
1265 2342 1352 2385 nunc
1374 2325 1502 2406 primum

324 2443 399 2488 ase
423 2427 573 2488 inventis.
620 2424 760 2506 perlecta
788 2436 864 2488 sunt
886 2427 1079 2508 exemplaria
1102 2443 1211 2488 mense
1233 2427 1321 2488 llaio.
1369 2423 1502 2488 eiusdem

324 2527 400 2589 anni
423 2527 569 2591 kalendis
591 2528 680 2591 luliis
695 2529 905 2610 Hieronymus
927 2527 1101 2592 Frobenius
1122 2529 1262 2592 Basileae
1285 2527 1502 2610 praelationem

324 2631 452 2712 scripsit
474 2649 570 2712 quam
592 2629 716 2694 addidit
737 2633 827 2694 novis
849 2630 1004 2694 librorum
1018 2630 1176 2694 Ammiani
1199 2630 1451 2713 exemplaribus,
1474 2630 1501 2690 in

325 2731 443 2814 quibus
465 2733 671 2796 conficiendis
692 2752 788 2814 opera
810 2753 844 2796 se
866 2753 959 2797 usum
982 2753 1053 2796 esse
1076 2733 1154 2796 dicit
1176 2733 1371 2816 sigismundi
1389 2731 1501 2795 Gelenii

324 2837 542 2918 scriptumque
573 2837 735 2916 exemplar
764 2837 1001 2918 suppeditatum
1030 2836 1092 2899 sibi
1124 2857 1194 2900 esse
1223 2836 1264 2899 ab
1285 2836 1400 2900 abbate
1421 2836 1501 2897 ilirs-
1587 2919 1588 2922 Ἴ

325 2937 472 3002 leidensi.
519 2958 560 3001 ex
583 2957 620 3000 eo
643 2940 818 3020 exemplari
835 2939 1051 3002 Hersieldensi
1074 2949 1277 3002 accesserunt
1298 2938 1373 3002 libri
1395 2937 1500 3001 iudea

324 3041 473 3103 vicesimo
501 3043 636 3122 septimo
666 3051 824 3121 quattuor.
878 3052 948 3123 post
975 3042 1122 3105 ultimum
1156 3043 1241 3105 enim
1274 3043 1403 3125 capituli
1433 3039 1499 3102 noni

322 3143 398 3206 libri
420 3143 572 3206 tricesimi
587 3143 722 3206 verbum
738 3143 912 3208 Frobenius
926 3145 979 3206 vel
995 3144 1147 3207 Gelenius
1169 3144 1340 3227 adscripsit
1364 3144 1499 3222 ‘Reliqua

323 3246 356 3308 in
385 3246 556 3328 archetypo
582 3245 827 3308 desiderantur.¹
873 3246 989 3310 desunt
1015 3248 1162 3310 ultimum
1184 3247 1260 3309 libri
1283 3247 1432 3310 tricesimi
1452 3263 1499 3306 ca-
1586 3261 1587 3335 ι

322 3349 458 3429 pitulum
481 3358 513 3410 et
534 3358 618 3411 totus
639 3346 723 3409 liber
744 3349 867 3428 primus
889 3358 920 3412 et
941 3351 1131 3412 tricesimus.
1177 3359 1303 3432 postea,
1327 3359 1374 3412 ιοι
1394 3347 1498 3410 biblio-

322 3452 423 3512 thecis
446 3451 617 3532 diligenter
639 3451 840 3531 perlustratis
867 3461 973 3534 totque
996 3454 1200 3534 antiquarum
1222 3453 1398 3516 litterarum
1419 3451 1498 3513 lactis

322 3553 561 3634 emolumentis,
592 3553 672 3615 nihil
702 3553 743 3616 ad
765 3554 965 3636 undeviginti
989 3556 1057 3617 illos
1078 3553 1237 3618 Ammiani
1260 3556 1359 3618 libros
1379 3554 1496 3618 accessit

322 3673 531 3737 oaremusque
561 3655 654 3718 libris
680 3655 843 3737 prioribus
864 3657 1029 3738 undecim,
1062 3657 1181 3740 quihus
1203 3658 1380 3740 absumptis
1401 3673 1495 3720 remm

322 3767 482 3838 gestarum
505 3759 656 3821 memoria
679 3759 830 3822 damnum
852 3761 928 3823 lecit
948 3761 1187 3842 gravissimum,
1220 3759 1306 3842 quod
1329 3763 1412 3825 nulla
1431 3776 1495 3840 spes

322 3880 393 3922 esse
415 3859 544 3923 videtur
572 3861 639 3923 lore
660 3871 697 3925 ιιι
718 3862 889 3944 aliquando
910 3865 1076 3928 sarciatur.
1124 3883 1231 3945 neque
1254 3867 1355 3946 magis
1376 3880 1494 3946 sperare

322 3962 398 4025 dum
427 3974 475 4026 est
504 3962 570 4026 lore
598 3975 635 4026 ut
656 3965 857 4046 undeviginti
884 3965 1039 4030 librorum
1062 3967 1258 4048 exemplaria
1280 3970 1329 4030 eis
1351 3985 1427 4048 quae
1445 3965 1493 4026 ha·

321 4063 435 4127 bemus
465 4066 682 4130 emendatiora
709 4078 805 4149 atque
834 4072 1006 4151 integriora
1039 4069 1252 4152 reperiantur.
1307 4089 1410 4152 neque
1435 4067 1491 4148 spei
1584 4065 1585 4149 l

321 4168 454 4231 alicuius
470 4167 656 4232 excitandae
675 4189 768 4233 causa
783 4190 1052 4236 conmemoramus
1074 4171 1159 4253 quod
1182 4175 1245 4236 iam
1267 4193 1377 4238 sumus
1397 4187 1492 4235 narra-

321 4272 402 4349 turi,
428 4270 484 4333 sed
508 4291 548 4334 ne
572 4281 811 4354 praetereamus
833 4273 919 4355 quod
940 4275 981 4338 ad
1003 4276 1166 4338 historiam
1183 4276 1339 4339 librorum
1354 4269 1489 4338 Ammiani

321 4373 472 4455 pertinet.
519 4373 560 4435 ad
583 4374 661 4437 haec
681 4374 781 4437 verba
804 4396 852 4438 rvr
878 4378 915 4438 to
941 4378 971 4458 l,
996 4386 1031 4440 ut
1051 4379 1145 4462 ipitur
1167 4380 1263 4441 molta
1284 4397 1413 4462 quceqrse
1431 4391 1490 4438 coa·

322 4482 442 4556 sumpto
471 4483 544 4539 sont
571 4479 603 4539 ia
626 4486 798 4558 apparatu,
831 4489 901 4560 post
923 4499 1004 4561 quae
1027 4480 1149 4561 aliquid
1171 4481 1284 4546 deesse
1308 4479 1488 4545 manilestnm
