3240 5094
423 429 510 489 lunas
534 446 698 490 tscrronru
721 447 899 492 ιτετιιιιινιι
926 427 1019 489 1873.
1243 415 1318 490 469

125 616 182 682 ubi
206 619 378 680 mirificum
407 617 488 680 illud
517 611 662 682 όιλκεοίδιι
689 619 769 680 nihil
796 617 926 681 iortasse
948 618 1036 682 aliud
1060 619 1204 684 recondit
1227 639 1322 702 quam

126 714 291 806 ἀλλήλοις,
324 731 359 786 ut
388 715 461 807 πρός
484 715 634 806 ἀλλήλους
657 731 705 785 est
728 724 761 784 in
784 723 855 785 aliis
876 721 969 784 libris
992 731 1024 784 et
1047 724 1080 784 in
1109 724 1217 804 priore
1243 716 1322 788 ὓπο-

126 825 224 890 cloec.
272 835 338 889 tum
369 825 410 890 ad
438 826 542 908 ipsum
566 825 646 888 illud
667 817 738 890 ‘o'oov
762 822 845 909 αἶγες
867 820 931 910 ἐμίν
955 823 1041 912 φίλαι
1063 826 1142 888 baec
1163 826 1323 909 adscripta

125 939 219 1008 sunt,
246 928 379 993 ἐνταῦθα
402 925 501 1015 σαφὴς
524 923 648 1001 αἰπόλος
669 919 707 1013 ἧν
735 921 787 1011 (ὢν
802 929 946 1008 Ahrens,
971 937 1075 1012 potest
1092 919 1129 1013 ἦν
1146 930 1241 992 etiam
1264 929 1323 994 de-

125 1033 197 1115 leri)
230 1026 246 1095 b
271 1027 403 1111 Βάττος,
433 1022 468 1096 br
496 1029 575 1106 εἰκός
597 1036 650 1118 τῆς
668 1028 883 1118 Ἀμαρυλλίδος
905 1033 994 1119 ἐρᾶν,
1026 1028 1077 1096 καί
1106 1028 1141 1097 ori
1164 1026 1323 1120 Θεόκριτος

129 1131 302 1221 (Θεόκριτον
325 1135 401 1198 libri
423 1156 486 1198 non
509 1136 615 1218 nulli),
641 1147 673 1199 et
687 1147 796 1218 postea
819 1127 913 1210 οότοις
937 1129 972 1200 ἂν
996 1135 1121 1221 νοηθείη
1144 1133 1195 1203 καί
1217 1132 1233 1202 ό
1255 1161 1322 1200 κιο-

125 1233 232 1324 pricos
259 1235 332 1325 πρὸς
363 1233 474 1322 αὐτήν,
505 1231 552 1303 ότι
579 1232 633 1322 (ότι
663 1235 697 1303 ol
719 1239 854 1323 Ahrens)
882 1236 972 1326 φησίν
1004 1233 1020 1304 ό
1044 1234 1201 1326 Θεόκριτος
1231 1246 1322 1304 “xm-

124 1337 235 1428 μάοδοι
256 1339 323 1408 ποτί
344 1337 640 1428 τὰνἈμαμολλίδα.”
680 1344 800 1406 scilicet
816 1342 947 1406 luerunt
965 1346 1019 1426 qui
1036 1339 1197 1429 κωμαστὴν
1220 1344 1322 1426 idyllii

124 1449 214 1510 tert-ii
244 1448 349 1529 ipsum
372 1448 574 1510 Theocritum
597 1467 667 1511 esse
691 1449 928 1527 existimarent,
961 1449 1107 1511 Munatus
1129 1457 1232 1528 certe,
1266 1450 1321 1529 qui

123 1549 212 1632 quod
237 1549 355 1614 dicitur
377 1570 408 1611 v.
434 1553 453 1612 8
482 1540 503 1634 ἧ
528 1544 565 1635 ῥά
594 1548 628 1634 γέ
650 1572 697 1613 τοι
719 1545 805 1634 σιμὸς
827 1548 1054 1636 καταφαίνομαι
1075 1545 1201 1634 ἐγγύθεν
1224 1547 1320 1634 εἰμεν,

122 1673 161 1716 eo
187 1653 385 1718 Simichiden
415 1654 586 1734 significari
616 1653 764 1717 credidit.
818 1652 989 1719 absurdam
1018 1655 1200 1737 opinionem
1230 1655 1322 1716 reicit

122 1750 269 1829 ὑπόθεσις
300 1757 418 1840 idyllii,
455 1751 640 1841 ἰπικωμάζει
671 1757 704 1821 δέ
733 1781 776 1828 τις
801 1752 995 1843 Ἀμαμολλίδι
1022 1761 1074 1822 τοῦ
1105 1751 1250 1842 όνόματος
1280 1751 1321 1841 μή

121 1858 324 1944 δηλουμένοιι.
377 1855 509 1926 εἰκάσειε
540 1856 567 1924 δ’
602 1851 638 1926 dv
667 1884 711 1934 τις
740 1855 789 1925 τόν
819 1855 1048 1944 ἐπικωμάζοντα
1078 1855 1192 1926 Βάττον
1223 1857 1318 1924 εἷναι·

120 1968 229 2028 τοῦτον
252 1959 310 2050 γάρ
334 1962 457 2030 αἰπόλον
480 1955 553 2028 ὄντα
582 1960 622 2028 δι’
649 1963 754 2050 ἑτέρου
782 1965 823 2044 (in
846 1964 907 2027 alio
931 1965 1048 2046 idyllio)
1075 1963 1156 2028 ποιεῖ
1170 1964 1321 2048 προσδια-

122 2061 287 2152 λεγόμενον
311 2062 471 2153 Κοφόδοινι
499 2062 550 2132 καί
579 2062 628 2132 τόν
657 2064 757 2153 ἔρωτα
783 2058 818 2131 όν
846 2065 919 2153 ἔσχε
945 2062 1019 2154 πρός
1047 2063 1100 2152 τὴν
1118 2063 1322 2154 Ἀμαμυλλίδα

121 2168 322 2256 ἐμφαίνοντα.
368 2166 402 2235 τό
426 2168 478 2254 μὲν
500 2166 559 2256 γάρ
580 2173 632 2234 τοῦ
653 2160 786 2255 ποιητοῦΙ
808 2165 966 2256 πρόσωπον
998 2166 1052 2235 oria
1082 2164 1117 2236 άν
1141 2167 1207 2254 εἴη,
1239 2165 1280 2243 ὡς
1303 2165 1344 2234 ‘ot

123 2267 287 2346 Μοόνατός
310 2296 401 2359 φησιν
424 2274 459 2338 ἰκ
480 2275 533 2339 τοῦ
562 2273 659 2358 λέγειν
682 2269 731 2340 τὸν
762 2269 992 2358 ἐπονομάζοντα
1016 2264 1060 2360 “l
1085 2269 1123 2360 boi
1144 2255 1178 2360 γῖ
1200 2298 1247 2340 τοι
1269 2298 1321 2338 οι-

122 2373 212 2464 μός.”
257 2379 410 2443 πλανᾶται
439 2376 473 2442 δὲ
501 2373 552 2442 καί
580 2373 647 2464 πεφί
674 2371 741 2449 τοός
771 2371 909 2463 χρόνους.
957 2379 1043 2460 quod
1072 2379 1112 2441 de
1143 2391 1321 2462 temporum

122 2484 248 2546 ratione
272 2481 390 2544 dicitur
412 2501 474 2564 quo
496 2483 657 2564 pertineat
679 2481 773 2544 hodie
797 2501 859 2544 nou
883 2483 1115 2563 intellegimus,
1147 2483 1209 2546 nisi
1240 2483 1320 2546 sorte

120 2590 271 2650 hlunatus
294 2586 495 2648 Theocritum
519 2587 614 2650 etiam
638 2584 699 2648 suh
721 2587 803 2647 Batti
826 2587 881 2667 qui
905 2588 939 2647 in
963 2597 1075 2667 quarto
1099 2585 1207 2668 idyllio
1225 2583 1321 2647 Ama-

121 2689 274 2774 ryllidem
299 2687 396 2750 dellet
425 2708 561 2770 persona
589 2690 687 2751 latere
710 2689 850 2772 putavit:
883 2699 1137 2752 conmemoratur
1158 2699 1264 2752 autem
1287 2690 1320 2750 in

121 2815 160 2856 eo
176 2793 320 2855 carmine
335 2792 423 2872 uilo,
451 2792 647 2854 Crotoniates
662 2793 733 2871 ille,
759 2802 795 2854 ut
816 2810 880 2854 non
895 2791 1026 2856 videtur
1048 2811 1140 2874 posse
1164 2791 1316 2870 dubitari,

119 2898 179 2980 qui
203 2896 367 2976 hogonem
396 2895 436 2958 ad
465 2905 627 2958 certamen
650 2895 850 2978 Olympicum
878 2915 984 2977 nuper
1005 2915 1113 2958 secum
1135 2894 1317 2975 abduxerit,

33 2995 36 3002 ’
119 3019 231 3081 neque
254 2999 335 3080 fugit
357 2999 541 3061 scholiastes
563 3000 709 3062 Milouem
732 3000 896 3062 Theocrito
923 2999 1042 3080 aliquot
1064 3000 1199 3062 saeculis
1221 2999 1319 3062 luisse

120 3103 356 3184 antiquiorem:
389 3101 430 3164 de
462 3121 524 3183 qua
555 3121 589 3166 re
620 3102 739 3164 dictum
770 3112 818 3164 est
847 3102 880 3164 iu
909 3102 1010 3164 altera
1039 3104 1145 3183 quarti
1169 3103 1319 3164 carminis

119 3201 279 3273 ὑποθέσει.
327 3204 468 3286 denique
494 3204 536 3268 ad
559 3206 686 3268 initium
709 3205 811 3288 idyllii
835 3206 921 3268 tertii
944 3213 1036 3268 vetus
1059 3205 1218 3286 interpres
1240 3205 1319 3266 hacc

118 3309 312 3391 adscripsit,
344 3303 378 3373 τὸ
399 3302 558 3394 πρόσωπον
581 3301 637 3372 οόκ
659 3306 722 3372 ἔστι
744 3302 873 3395 φανερόν
896 3301 929 3372 τὸ
951 3307 1051 3392 λέγον.
1099 3304 1129 3371 οἳ
1151 3307 1203 3392 μέν
1227 3330 1318 3393 φασιν

120 3406 214 3480 αὐτὸν
237 3407 286 3476 τὸν
310 3407 468 3498 Θεόκριτον
492 3410 571 3479 είναι
593 3407 699 3478 διὰτὸ
722 3407 807 3496 σιμὸν
823 3409 1084 3498 καταφαίνεσθαι,
1109 3409 1186 3476 αἰδὲ
1203 3405 1318 3476 Βάττον

123 3519 248 3600 (inepte
280 3509 389 3602 βάττοο
416 3511 479 3582 aibr
508 3516 591 3580 liber
613 3516 866 3600 Ambrosianus),
900 3509 1023 3580 αἰπόλον
1049 3509 1134 3592 τινά,
1165 3507 1198 3579 ὃν
1222 3515 1319 3602 ἐντῷ

118 3617 239 3706 Αίγιονι
261 3614 376 3704 εἰσάγει
397 3621 449 3705 τῆς
463 3614 676 3707 Ἀμαφολλίδος
698 3620 832 3706 ἐρῶντα·
858 3614 988 3704 ἀπρεπὲς
1009 3613 1067 3705 γάρ
1087 3613 1244 3704 Θεόκριτον
1266 3621 1319 3703 τῆς

117 3717 242 3810 ἀγμώιις
270 3723 301 3806 (l.
328 3716 460 3808 όγμείας)
487 3724 576 3811 ἐρᾶν,
606 3717 681 3788 ὥστε
709 3719 761 3788 καί
790 3724 822 3787 ἐν
852 3717 937 3808 ἀγρῷ
966 3717 1092 3808 διάγειν.
1137 3725 1319 3804 caprarium

118 3827 225 3910 idyuii
256 3828 343 3890 tertii
364 3829 490 3890 Battum
520 3847 590 3891 esse
620 3829 725 3909 quarti
750 3826 949 3908 eandemque
977 3827 1145 3907 utriusque
1169 3827 1319 3889 carminis

118 3930 351 4013 Amaryllidem
367 3929 498 3994 fortasse
518 3933 641 4013 putavit
664 3933 759 3994 etiam
774 3929 997 3992 Artemidorus
1012 3931 1236 4011 grammaticus
1251 3931 1319 3992 sive

119 4035 301 4118 quisalius
324 4034 403 4097 haec
425 4033 488 4097 duo
512 4034 620 4116 idyllia
643 4034 755 4098 ordine
771 4035 945 4098 coniunxit.
986 4043 1019 4095 et
1041 4041 1089 4095 est
1112 4033 1191 4096 haec
1213 4034 1319 4114 opinio

119 4139 223 4202 multo
252 4147 338 4200 certe
361 4139 467 4202 minus
498 4140 605 4220 inepta
636 4157 731 4220 quam
756 4138 842 4200 illius
863 4137 985 4200 somnia
1008 4139 1063 4218 qui
1086 4146 1194 4200 nostra
1215 4145 1318 4200 aetate

121 4246 156 4306 in
173 4244 263 4304 Batto
278 4242 436 4305 Theocriti
453 4241 678 4305 Callimachum
701 4251 826 4322 poetam
842 4240 1037 4322 adgnoscere
1060 4239 1122 4302 sibi
1145 4241 1233 4302 visus
1256 4249 1315 4303 est.

120 4364 181 4408 nos
203 4354 308 4408 autem
331 4346 436 4407 omnia
466 4345 519 4406 illa
541 4345 659 4406 scholia
681 4354 803 4407 tautum
826 4355 995 4434 propterqa
1018 4345 1181 4407 attulimus
1203 4352 1238 4406 ut
1261 4343 1319 4405 ad-

120 4457 252 4530 pareret
274 4439 345 4512 όοον
369 4443 453 4532 αἶγες
475 4442 539 4532 ἐμίν
563 4445 651 4532 φίλαι
678 4449 711 4510 in
735 4446 843 4528 idyllio
867 4457 980 4529 quarto
1002 4447 1119 4510 lectum
1143 4465 1212 4510 esse
1235 4456 1319 4509 tem-

121 4571 201 4636 pore
224 4553 406 4634 antiquiore
429 4569 525 4632 quam
548 4569 611 4632 quo
634 4561 813 4614 nostrorum
836 4551 1067 4632 exemplarium
1097 4551 1319 4632 antiquissima
