3268 5108
400 373 488 435 laon
511 390 677 435 trcrronrr
699 391 878 435 assrrram
904 372 997 435 l855.
1245 359 1292 429 Π

115 556 158 624 καλ
178 552 269 646 ἄλλης
285 554 411 646 μνήσομ’
436 555 542 644 ἀοιδῆς
566 572 597 624 et
620 555 713 647 οὒτολρ
728 557 807 646 ἐμὸν
823 555 922 645 ὑμέων
943 585 977 627 τε
991 557 1044 626 sal
1058 553 1153 645 ἄλλης
1169 556 1293 646 μνήσομ’

114 659 226 750 ἀοιδῆς,
261 664 318 728 sed
354 667 471 727 imitata
504 676 573 727 erat
602 666 686 727 illam
720 676 866 728 veterum
901 665 1089 746 hymnorum
1124 665 1294 727 clausulam

114 771 196 830 etiam
218 770 324 849 poesis
339 767 567 830 Alexandrina.
607 788 679 831 nam
695 771 880 832 Theocritus
899 768 1109 832 laudationem
1126 769 1294 830 Ptolemaei

115 872 156 932 his
176 870 321 934 versibus
344 871 521 951 concludit,
554 871 661 958 χοῖρε,
693 861 766 942 ἄναξ
791 869 970 956 Πτολεμαῖε.
1018 870 1102 936 etta
1125 866 1220 955 δ’ἐηώ
1243 868 1295 934 loa

113 969 156 1036 rol
168 964 265 1038 ἄλλων
283 969 448 1060 Μνάσομαι
465 968 611 1059 ἡμιθέων,
637 973 732 1040 δοκέω
748 969 772 1038 δ’
784 972 854 1048 ἔπος
869 969 924 1040 οὐκ
939 969 1108 1060 ἀπόβλητον
1124 973 1303 1058 Φθέηξομοι’

113 1077 288 1162 ἑπομένοις·
315 1073 423 1164 ἀρετάν
446 1102 481 1164 γε
504 1075 557 1162 μὲν
580 1078 616 1142 ἐκ
637 1073 707 1150 Διὸς
729 1078 813 1150 ἕξεις.
826 1081 851 1162 *l

188 1183 320 1244 Carmen
346 1185 444 1262 igitur
467 1182 546 1244 illud
563 1182 677 1246 Catulli
701 1191 732 1244 et
756 1185 914 1262 integrum
937 1201 1048 1264 poema
1071 1201 1140 1246 esse
1163 1191 1295 1244 conten-

112 1284 207 1348 dimus
228 1296 260 1348 et
282 1305 346 1348 non
370 1304 557 1349 conversum
582 1305 621 1348 ex
638 1285 767 1362 Graeco,
792 1285 849 1348 sed
867 1283 982 1348 lactura
1006 1287 1180 1348 imitatione
1205 1287 1295 1367 epyl-

114 1389 213 1450 liomm
235 1387 538 1452 Alexandrinorum.
586 1409 658 1451 nam
688 1409 759 1452 cum
782 1400 873 1450 antea
897 1390 1043 1471 plerique
1074 1389 1154 1470 epici
1184 1399 1295 1469 poetae

113 1493 202 1553 latini
235 1494 373 1556 maxime
407 1494 616 1556 Romanarum
652 1512 759 1556 rerum
792 1493 922 1555 annales
954 1494 1157 1574 scripsissent
1191 1511 1294 1573 neque

111 1593 335 1660 Alexandrinae
365 1597 470 1678 poesis
498 1595 678 1659 adcuratior
708 1597 839 1659 imitatio
871 1597 902 1659 in
931 1615 990 1658 usu
1020 1595 1149 1674 luisset,
1182 1596 1294 1659 Catulli

111 1709 202 1762 aetate
225 1720 261 1762 ea
291 1699 471 1762 increbruit
493 1701 727 1781 conpluresque
753 1709 864 1781 poetae
885 1697 1176 1762 Alexandrinorum
1199 1701 1295 1762 ratio-

112 1821 176 1864 uem
197 1813 292 1884 atque
319 1803 582 1866 consuetudinem
613 1803 738 1886 epplliis
769 1813 1008 1884 expresserunt.
1056 1803 1173 1883 veluti,
1205 1804 1294 1865 utin

112 1905 214 1966 Catulli
236 1907 347 1969 amicis
369 1926 427 1970 nos
449 1908 677 1986 contineamus,
702 1907 831 1969 llelvius
848 1906 949 1969 Cinna
965 1907 1131 1988 Smyrnam
1154 1907 1292 1987 scripsit,

112 2027 229 2070 carmon
252 2028 315 2070 non
338 2008 527 2073 admodum
552 2011 690 2091 longum,
716 2011 854 2073 Licinius
870 2010 985 2073 Calvus
1008 2011 1050 2089 lo,
1068 2029 1151 2090 quac
1174 2019 1205 2072 et
1228 2011 1295 2090 ipsa

111 2130 166 2173 uno
196 2112 275 2174 libro
298 2114 516 2195 conprehensa
546 2113 643 2178 luisse
667 2112 805 2177 videtur.
853 2124 901 2178 est
929 2123 1034 2176 autem
1060 2122 1159 2176 totum
1184 2113 1296 2176 Catulli

111 2233 229 2277 carmen
257 2218 405 2298 exemplo
432 2217 668 2280 Alexandrinae
698 2219 802 2298 poesis
832 2216 959 2281 lactum.
1008 2235 1080 2280 uam
1111 2228 1146 2279 ut
1175 2225 1294 2278 vestem

111 2321 267 2382 artificiose
302 2323 417 2402 pictam
452 2320 650 2384 describeret
687 2331 850 2403 permotus
888 2321 1019 2384 fortasse
1057 2330 1105 2382 est
1137 2318 1294 2402 Apollonii

112 2421 214 2485 Rhodii
237 2424 318 2486 libro
340 2426 454 2506 primo,
481 2426 512 2486 in
530 2443 592 2504 quo
615 2425 734 2505 pictum
759 2423 875 2487 lasonis
899 2422 1158 2505 paludamentum
1174 2422 1297 2488 descri-

112 2523 207 2589 bitur:
244 2529 364 2590 certius
394 2539 442 2591 est
475 2520 679 2610 ex'pressisse
709 2547 783 2596 eurn
812 2526 1100 2591 Alexandrinorum
1130 2537 1333 2610 poetarumtt

111 2631 266 2714 exemplar
287 2633 438 2694 orationis
459 2631 557 2694 lorma
572 2651 788 2712 versuumque
811 2632 954 2694 numeris
976 2642 1008 2694 et
1032 2633 1099 2713 ipsa
1114 2633 1210 2694 totius
1225 2651 1296 2694 oar-

111 2734 198 2798 minis
226 2736 450 2816 conpositione.
504 2736 621 2798 etenim
652 2735 737 2815 quod
767 2736 905 2816 partium
941 2736 1009 2798 cius
1037 2735 1294 2818 aequabilitatem

112 2835 247 2901 videmus
269 2857 332 2900 non
357 2859 427 2902 esse
451 2858 697 2921 usquequaque
719 2839 916 2918 concinnam,
942 2838 1026 2919 quod
1050 2850 1140 2920 poeta
1164 2840 1197 2900 in
1220 2859 1296 2902 nar-

112 2941 223 3004 ratione
246 2941 337 3004 modo
360 2953 560 3005 conmoratur
587 2952 618 3005 et
641 2962 743 3024 paene
766 2941 920 3004 verbosus
942 2953 1007 3020 cst,
1040 2942 1130 3005 modo
1153 2942 1295 3006 breviter

111 3063 172 3104 eam
195 3045 426 3128 conprehendit
449 3056 480 3108 et
502 3047 542 3108 ad
564 3047 625 3108 alia
648 3055 812 3128 properat,
843 3045 928 3126 quod
951 3045 1121 3126 aliquando
1144 3046 1295 3127 degredi·

110 3157 157 3208 tur
184 3167 202 3210 a
224 3151 405 3212 narratione
427 3161 522 3232 atquc
546 3149 586 3212 ad
616 3171 685 3213 eam
714 3148 814 3228 redit,
845 3150 878 3210 ni
909 3151 1024 3212 mirum
1053 3150 1181 3230 penitus
1203 3153 1293 3231 quasi

111 3249 206 3314 hausit
221 3251 508 3318 Alexandrinorum
532 3265 695 3336 poetarum
720 3255 895 3334 ingenium,
921 3273 1000 3334 quos
1015 3253 1096 3316 hauc
1118 3255 1293 3316 carminum

112 3355 361 3438 inaequalitatem
385 3376 448 3419 non
467 3356 625 3420 devitasse
648 3356 706 3420 sed
728 3356 834 3420 studio
849 3356 986 3438 quodam
1009 3365 1202 3420 consectatos
1225 3378 1294 3420 esse

111 3477 176 3520 oum
197 3461 267 3523 aliis
290 3461 418 3524 indiciis
440 3463 671 3542 cognoscimus,
702 3471 769 3523 tum
792 3460 973 3524 Callimachi
997 3461 1105 3542 hymni
1130 3458 1296 3524 manifesto

111 3563 284 3628 ostendunt.
331 3565 481 3628 orationis
503 3565 754 3644 Alexandrinae,
788 3584 828 3627 na
851 3564 940 3626 multi
964 3565 1081 3643 simus,
1114 3565 1294 3644 exemplum

112 3663 321 3732 demonstrare
344 3669 490 3732 volumus
512 3688 623 3731 unum.
670 3686 743 3730 nam
766 3687 847 3748 quae
870 3668 1005 3749 legimus
1027 3686 1058 3728 ν.
1077 3667 1139 3729 238
1155 3687 1197 3730 ss.
1222 3667 1296 3730 lraec

111 3771 251 3834 mandato
273 3775 366 3855 prais
389 3773 540 3836 cantanti
566 3779 662 3834 mmte
684 3779 829 3835 tenentem
855 3770 965 3834 Theseo
987 3789 1041 3833 ceu
1059 3771 1170 3852 pulsae
1191 3779 1296 3834 vento-

114 3891 176 3934 rum
195 3875 317 3956 domine
338 3875 432 3939 notes
454 3873 580 3938 derum
602 3876 806 3939 clarimontis
829 3876 944 3956 liquere
965 3893 1119 3955 cacumen,
1145 3895 1181 3937 ea
1201 3877 1295 3938 talem

113 3980 255 4042 orationis
276 3979 408 4042 formam
431 3981 595 4042 continent
617 3978 742 4061 qualem
758 3979 858 4042 Latini
881 3989 992 4061 poetae
1014 3978 1055 4040 ah
1070 3977 1296 4041 Alexandrinis

117 4097 313 4112 ¹⁸¹—-

193 4169 218 4230 'l
245 4166 388 4234 [daopttcs
408 4173 436 4220 to
461 4171 555 4220 scholia
579 4169 733 4220 carantana
754 4173 893 4233 postquam
916 4171 950 4218 od
973 4169 1046 4219 salve
1069 4175 1110 4220 ter
1133 4172 1314 4220 martiatum

116 4251 192 4304 seruit
210 4259 362 4307 occtoritote
375 4258 420 4318 (od
438 4257 501 4306 dea.
518 4261 589 4315 rao)
605 4269 670 4306 crus
687 4261 724 4306 eat
743 4258 780 4305 lto
795 4258 931 4318 perrexit:
951 4255 1109 4320 Peerlkamp
1129 4255 1198 4319 virg.
1219 4255 1294 4306 bd!

115 4351 133 4386 s.
149 4343 194 4389 λον
213 4343 303 4391 otono
314 4347 429 4393 matram
449 4343 587 4406 Prupcates
605 4343 710 4404 sclretc,
729 4345 824 4393 iterum
840 4343 944 4403 salceta,
965 4343 1107 4391 honarum:
1126 4341 1292 4400 hiemabat,

114 4423 174 4475 uber
190 4429 281 4477 iterum
299 4429 341 4481 boi
366 4427 429 4479 dom
448 4428 546 4479 dritten
565 4429 680 4480 salceta?
702 4427 801 4480 auders
825 4427 875 4478 das
898 4427 1055 4490 dreinrnllge
1073 4427 1183 4490 pendete
1201 4427 1227 4477 ln
1245 4426 1295 4476 der

116 4507 187 4560 Ciris.
223 4513 307 4564 Catnll
326 4513 435 4566 schrieh
454 4518 522 4566 rtwa
541 4515 637 4566 sulcate
654 4517 756 4573 iterum,
776 4515 872 4564 salceta
887 4511 1032 4580 precante]
