3186 5108
343 385 430 444 lenm
453 395 620 446 coornent
643 393 823 447 restrum
849 381 943 447 tete.
1171 357 1252 440 lll'lv

64 582 126 634 sunt
147 570 270 652 prehari
295 583 443 654 possunt:
470 583 619 655 pulensus
634 575 807 636 Varronem
830 575 997 656 scripsisse
1020 570 1245 638 corrosorum

63 674 131 757 pou
149 676 245 738 emito
265 676 307 738 sit
328 687 462 739 surreio.
511 675 624 758 quodsi
647 677 690 740 ita
712 679 856 759 scnpstt,
881 687 945 740 non
968 677 1064 739 nimis
1086 677 1164 742 scite
1186 687 1241 739 vtt-

63 777 152 840 rahuli
174 775 329 859 originem
353 777 515 842 delinivit:
548 779 603 842 sed
635 789 756 844 constat
779 797 852 843 eum
874 783 909 842 in
931 781 1116 862 etymologia
1148 789 1244 862 saepe

63 883 194 944 similiter
215 896 376 963 peccasse.
424 883 570 946 savillurn
593 893 711 963 autern,
737 882 823 966 quod
847 898 886 946 ex
910 882 1012 945 lerina
1032 901 1126 945 cesso
1150 881 1244 948 melle

61 1005 108 1045 oro
128 983 336 1061 miscebatur,
365 985 421 1050 ubi
447 993 627 1067 percoctum
652 998 720 1050 erot
742 987 837 1049 molle
859 985 1064 1068 unguebatur
1084 995 1244 1068 papaver-

62 1107 114 1169 quo
131 1089 329 1169 iniriahatur,
354 1100 390 1152 ut
414 1111 431 1153 e
448 1091 574 1153 Catonis
597 1091 644 1153 rei
661 1091 799 1154 rusticae
822 1091 925 1172 capite
940 1102 1061 1152 trxxrru
1075 1089 1241 1167 discimus,

62 1202 106 1253 out
125 1211 141 1254 a
163 1195 256 1255 suoi
276 1193 397 1273 pariter
418 1203 515 1275 atquc
537 1196 658 1257 socium
674 1193 794 1258 dictum
818 1203 866 1258 cst
888 1203 943 1256 aut
958 1191 1089 1254 fortusse
1112 1191 1153 1253 ah
1176 1193 1245 1274 ipso

62 1297 151 1374 sorio,
183 1311 279 1377 worn
310 1295 351 1359 ad
381 1296 509 1360 modum
531 1297 631 1360 nostri
663 1300 800 1379 pistores
829 1297 976 1360 dulciarii
1000 1295 1088 1358 hosio
1109 1295 1241 1360 leoiuut.

62 1400 128 1459 serii
159 1399 370 1481 sariandique
400 1400 511 1463 verbis
540 1402 736 1482 antiquiores
764 1409 878 1482 poetae
915 1409 947 1462 et
980 1400 1152 1480 scriptores
1180 1417 1243 1464 uon

62 1503 154 1565 uinus
176 1505 224 1566 usi
248 1513 324 1566 sunt
347 1521 442 1585 quem
466 1503 575 1567 verbis
597 1504 694 1567 osculi
719 1513 751 1565 ct
772 1501 947 1567 osculandi.
991 1504 1101 1584 itaque
1123 1503 1246 1565 savium

61 1605 132 1686 apud
149 1607 292 1668 Plautum
315 1625 412 1688 saepe
435 1607 562 1689 legitur,
588 1615 820 1689 praetereaque
842 1607 874 1668 iu
891 1605 1081 1670 hocchidum
1097 1605 1245 1670 versibus

64 1709 113 1769 tte
136 1719 165 1771 et
189 1709 249 1771 ⁴2⁰
274 1709 485 1773 aGodoiredo
503 1713 683 1774 Hermanno
706 1712 927 1773 suavisoviutto
941 1709 1075 1792 pulchre
1100 1709 1244 1772 restituta

61 1821 100 1872 est
126 1812 277 1894 idemque
303 1813 507 1888 vocobulum,
539 1814 625 1896 quod
654 1816 686 1876 in
709 1813 874 1876 Bacchisln
902 1813 998 1894 plane
1019 1801 1269 1874 ne'oosson'unet

62 1925 114 1994 oo,
143 1916 335 1979 niceratus
365 1917 514 1980 rosdon
542 1920 650 1980 versut
680 1918 720 1978 eu
753 1901 955 1980 reddentem
984 1930 1054 1977 esso
1084 1913 1166 1978 vion
1187 1913 1244 1980 ott

62 2017 122 2078 libri
143 2021 266 2100 paritor
288 2029 385 2101 atque
407 2021 471 2082 illio
487 2020 607 2084 hebent
630 2023 712 2084 mous
735 2020 826 2084 lodus
849 2037 947 2082 sermo
970 2019 1078 2081 mocio
1099 2019 1241 2082 sernum.

62 2119 140 2184 finxit
160 2123 258 2204 igitur
274 2121 402 2186 Plautus
419 2124 478 2186 hoc
493 2123 680 2188 vocabulum
704 2133 757 2186 eut
779 2123 902 2204 accepit
924 2131 1018 2184 antea
1034 2121 1141 2184 lictum
1158 2122 1244 2185 eius-

61 2223 121 2286 dem
149 2228 237 2288 vocis
266 2227 359 2308 quasi
389 2229 614 2309 geminatione.
661 2245 724 2290 nou
747 2223 1018 2290 dissimille'sunt
1039 2219 1243 2312 χελιχεκώνη,

62 2337 89 2388 ut
102 2329 263 2392 lieltherus
283 2332 413 2413 scripsit
435 2333 468 2394 in
484 2331 618 2413 puellari
643 2331 763 2393 cantico
786 2349 803 2391 a
819 2329 944 2392 Polluce
963 2333 1031 2390 'tun
1049 2328 1242 2410 turannio,

62 2441 117 2492 tum
138 2431 358 2515 Aristophanis
380 2431 460 2499 illud
481 2428 694 2520 neronivnpoe
717 2435 750 2496 in
773 2433 885 2514 Vespis
906 2451 939 2494 v.
958 2433 1020 2494 tos
1045 2441 1077 2494 et
1100 2434 1132 2494 in
1155 2434 1245 2514 Lysi-

62 2541 143 2598 strata
164 2557 197 2598 v.
215 2537 297 2600 350:
323 2555 397 2600 uam
420 2541 467 2602 sio
490 2541 607 2602 rectius
629 2537 726 2600 scribi
742 2535 872 2599 videtur
886 2550 981 2617 qnam
996 2529 1080 2622 πόνῳ
1100 2530 1244 2621 πονηρός,

60 2649 218 2722 censetque
242 2640 328 2703 idam
343 2643 501 2724 Berghius
523 2643 555 2704 iu
571 2643 674 2724 poetis
697 2641 873 2723 lyricis2p.
888 2641 981 2702 totu.
1015 2641 1131 2704 similia
1150 2657 1245 2721 porro

62 2742 185 2819 quodem
208 2744 301 2806 modo
323 2755 398 2808 mut
420 2746 567 2808 Doricum
592 2735 737 2816 αὔταοτος
766 2753 799 2822 et
821 2745 1021 2807 Theotisutm
1044 2745 1191 2826 selpsclpo
1213 2753 1246 2806 et

61 2845 135 2922 (prod
163 2847 353 2912 lleinmarus
377 2851 592 2912 Zuiternensis
620 2847 703 2910 dixit
725 2863 756 2930 p.
779 2844 855 2909 ttti
876 2861 920 2909 nu
948 2851 1000 2910 νῶι
1027 2849 1088 2911 wie
1108 2849 1172 2910 wir
1192 2847 1245 2910 dis

63 2948 207 3012 uiltwilde
228 2950 350 3034 petriolo
364 2951 521 3028 mnenon,
546 2952 608 3014 dor
631 2970 666 3014 ea
689 2951 752 3015 sich
768 2951 834 3014 othl
847 2969 906 3013 von
928 2961 987 3014 uns
1010 2950 1103 3015 zuche
1125 2953 1157 3014 ct
1172 2951 1246 3011 l’hi-

62 3049 126 3130 lippi
143 3055 254 3117 Zeseni
278 3053 506 3138 schlapschlttpc
527 3056 562 3117 in
580 3056 725 3117 Simsooc
748 3073 781 3137 p.
801 3055 875 3116 tta.
914 3070 1083 3136 possumus
1105 3054 1165 3117 alla
1187 3053 1246 3116 ad-

62 3151 146 3234 dere,
176 3157 234 3220 sed
265 3159 297 3219 in
321 3159 405 3220 viam
428 3157 628 3222 redeundum
653 3168 711 3220 est.
758 3159 880 3221 saurim
903 3159 1001 3240 igitur
1022 3157 1104 3222 dixit
1125 3157 1246 3221 Statius

63 3257 206 3324 coootttos
240 3263 272 3322 iu
309 3262 410 3325 Plocio
449 3261 613 3343 (versibus
641 3261 726 3343 apud
756 3259 967 3325 ltibheclrium
997 3261 1057 3323 tto
1092 3272 1125 3324 et
1156 3261 1242 3344 llil),

62 3361 260 3427 Terentianus
282 3365 401 3428 Thraso
426 3367 457 3427 in
480 3365 634 3428 Eunucho
658 3383 691 3426 ru
715 3365 734 3428 2
758 3365 777 3428 2
801 3364 953 3427 Thaidem
984 3365 1027 3428 itu
1049 3364 1243 3446 adloquitur,

62 3466 180 3530 ortae
207 3487 291 3545 meo,
324 3468 424 3533 Murro
454 3469 591 3546 socium,
625 3469 697 3550 quid
726 3471 853 3552 opiter?
881 3467 1034 3531 dixerunt
1061 3469 1188 3532 seviore
1210 3469 1242 3530 t.

64 3567 237 3652 Pomponius
259 3571 294 3634 in
310 3571 427 3634 llunda
446 3571 488 3654 (v.
507 3573 547 3634 Sl
565 3569 687 3654 tiron),
714 3573 830 3635 Novius
853 3573 886 3634 in
903 3571 1094 3646 Quaestione
1116 3569 1155 3652 (v.
1175 3571 1242 3652 83).

63 3668 168 3736 deinde
184 3675 328 3739 Getullus
343 3678 434 3739 scoto
449 3675 545 3739 habet
561 3695 657 3738 uum
674 3677 705 3756 8,
732 3693 851 3738 oxxunr
869 3676 899 3755 l,
920 3675 1072 3739 saviolum
1087 3687 1245 3736 usurum

65 3773 152 3856 ill,
183 3781 307 3842 sociari
327 3797 391 3842 utu
415 3782 453 3860 e,
484 3796 576 3842 xxxxv
602 3781 653 3842 lh.
701 3797 741 3842 en
764 3781 920 3842 Sisennae
943 3779 1134 3842 htilesierum
1162 3775 1245 3839 libro

64 3893 109 3938 un
123 3879 282 3946 Char-isius
305 3901 337 3964 p.
359 3881 419 3945 titt
436 3881 516 3946 haec
537 3882 653 3963 adlert,
678 3885 742 3947 nisi
762 3883 929 3947 omnious
944 3879 1110 3945 recidisset
1126 3882 1246 3963 ‘pronti

64 3979 200 4046 domurn
227 3985 336 4049 ‘tanti'
364 3987 461 4070 inpulit
484 3987 664 4069 otompios;
695 3987 787 4050 simul
808 3986 862 4050 lroc
884 3983 986 4049 dicens
1008 3986 1129 4048 savium
1151 3983 1242 4062 dedit,

64 4090 92 4143 ut
110 4089 216 4154 concor
245 4088 427 4154 subsoourct
454 4093 563 4174 prmnti
586 4091 679 4173 preti.
725 4099 792 4152 tnm
815 4091 855 4152 n.
880 4089 1001 4152 Tullius
1025 4087 1134 4151 Cicero
1155 4089 1245 4150 Bruti

64 4203 123 4267 rep.
142 4191 177 4253 tt
195 4191 234 4255 dc
257 4195 292 4254 t.
310 4193 407 4256 Biuto
430 4193 611 4270 haecdicit,
636 4195 691 4276 ptri
710 4191 747 4255 dc
761 4199 859 4255 matre
881 4191 1035 4255 suvioodo
1057 4209 1099 4253 occ
1122 4191 1246 4254 oraculo

64 4285 199 4369 Apollinis
221 4303 284 4358 tom
306 4303 393 4359 mute
415 4305 580 4381 orputopue
601 4299 769 4376 noscere,
795 4298 828 4358 in
852 4309 915 4376 qua
937 4295 1117 4358 narratione
1140 4295 1247 4358 Livius

67 4391 132 4454 rto
159 4399 255 4462 osculi
284 4399 436 4463 vocabolo
462 4401 573 4464 utitur.
621 4399 679 4462 sed
708 4399 794 4462 idem
826 4397 935 4460 Cicero
966 4399 998 4460 in
1029 4399 1175 4479 epistulis
1206 4397 1246 4460 ud

65 4491 189 4561 Atticum
213 4518 259 4564 xu
285 4501 318 4562 tl
348 4503 426 4565 hoco
447 4505 592 4585 scripsit,
619 4499 743 4583 Atticos,
770 4503 921 4586 proriam,
948 4502 1027 4585 prod
1049 4502 1192 4582 optrinum
1214 4501 1246 4562 in
