3268 5108
320 379 369 454 84
617 391 706 457 laorx
729 409 894 458 nrcrrorrr
918 409 1096 456 immrirrr
1115 389 1208 452 taso.

302 602 415 666 *quam
445 594 568 665 partem
590 584 686 646 buius
709 581 783 646 libri
813 593 846 646 et
876 585 1017 665 integros
1045 580 1126 645 duos
1155 588 1327 662 sequentes
1355 589 1391 643 ut
1420 586 1507 640 erent

321 689 353 749 in
376 707 413 748 eo
435 687 611 769 exemplari
634 686 787 768 descripti
815 705 892 749 auro
922 697 1030 750 contra
1059 687 1086 748 si
1110 686 1221 748 liceret
1251 681 1434 764 redemptos
1455 700 1507 742 ve-

320 791 397 852 lim!
444 790 484 853 de
509 789 686 853 Crusellino
715 789 797 853 libro
827 791 906 852 boec
934 789 1031 854 babet
1058 789 1091 850 in
1120 785 1334 870 praefatione,
1374 784 1508 848 ‘adiutus

320 879 390 958 suni
413 902 581 973 praeterea
604 893 711 958 oodice
734 891 871 975 quodam
894 913 1011 957 excuso
1034 890 1197 973 Lugduni,
1228 891 1284 971 qui
1313 890 1387 952 olim
1412 887 1511 952 luerat

321 997 403 1060 Petri
421 996 579 1076 Crusellii,
605 997 720 1060 medici
738 996 825 1078 apud
847 1006 1004 1060 nostrates
1019 994 1237 1070 celeberrimi3
1263 991 1306 1056 ed
1324 994 1417 1056 cuius
1439 991 1510 1052 libri
1611 996 1615 1081 ᾗ

320 1119 391 1162 oras
412 1100 524 1164 doetus
553 1102 607 1163 ille
629 1103 680 1162 vir
706 1102 811 1163 varias
840 1100 991 1162 lectiones
1020 1100 1228 1181 appinxerat,
1260 1115 1351 1176 ase,
1383 1105 1420 1158 ut
1446 1096 1511 1176 ipse
1612 1084 1615 1099 '

321 1203 458 1284 dicebat,
489 1202 733 1284 diligentissime
764 1213 797 1265 et
818 1220 941 1266 summa
963 1201 1027 1266 fide
1050 1221 1068 1264 o
1090 1201 1305 1264 vetustissimo
1325 1208 1358 1262 et
1379 1198 1513 1278 castiga·
1615 1195 1616 1208 ¹

321 1307 440 1370 tissimo
476 1306 559 1369 libro
590 1305 765 1370 Novioduni
797 1305 996 1388 descriptas)
1048 1307 1105 1368 hos
1134 1305 1232 1386 igitur
1262 1302 1386 1367 codices
1421 1301 1512 1364 bodie

321 1411 364 1472 ita
386 1413 555 1472 aestimare
583 1411 686 1474 solent
714 1421 750 1473 ut
777 1411 880 1491 primo
902 1411 968 1473 loco
990 1418 1109 1491 ponant
1131 1407 1342 1486 decurtatum,
1374 1404 1513 1469 secundo

321 1513 552 1594 Crusellinum,
585 1515 679 1578 tortio
701 1515 967 1592 Tomaesianum,
1001 1531 1063 1594 quo
1087 1511 1258 1576 Lambinus
1285 1521 1360 1576 ante
1388 1512 1512 1572 Bosium

320 1637 398 1680 usus
421 1627 479 1696 est,
505 1617 647 1700 denique
670 1627 783 1700 quarto
805 1616 993 1680 llediceum.
1042 1615 1159 1678 mirum
1181 1627 1229 1679 est
1258 1623 1365 1678 autem
1397 1613 1514 1676 codici-

320 1719 382 1784 bus
412 1721 474 1783 illis
497 1719 660 1785 decurtato
690 1732 722 1784 et
745 1720 924 1785 Crusellino
950 1722 1111 1782 neminem
1140 1719 1281 1782 diltisum
1308 1735 1391 1780 esse.
1442 1735 1514 1780 nam
1615 1712 1618 1721 '

320 1834 450 1906 praeter
470 1844 547 1887 vera
570 1835 624 1888 aut
646 1823 835 1906 probabilia,
869 1841 951 1906 quae
974 1823 1165 1906 plerumque
1188 1823 1261 1884 talia
1283 1831 1358 1884 sunt
1379 1831 1417 1883 ut
1440 1838 1514 1882 con-

277 1929 442 1994 ttiectura
466 1926 558 1990 facile
582 1929 720 1991 inveniri
743 1929 917 2010 potuerint,
942 1915 1159 2009 prolabuntur
1181 1945 1222 1989 ex
1236 1926 1283 1988 eis
1306 1925 1404 1988 multa
1423 1922 1515 1985 valde
1617 1917 1618 1924 '

321 2030 489 2110 mirabilia,
515 2051 555 2095 ex
577 2030 697 2112 quibus
719 2028 838 2094 deinde
860 2033 971 2094 Bosius
990 2050 1028 2093 ea
1043 2049 1124 2111 quoe
1139 2047 1216 2092 rora
1239 2038 1331 2110 putat
1352 2028 1516 2090 lenissima

320 2137 416 2198 unius
438 2145 493 2199 eut
515 2153 688 2216 paucarum
712 2136 891 2198 litterarum
915 2135 1089 2198 mutatione
1118 2133 1234 2196 elicere
1265 2131 1361 2212 solet,
1399 2132 1515 2214 partim

320 2239 428 2320 speeie
451 2237 645 2319 probabilia,
676 2239 793 2320 partim
822 2236 981 2316 absurda,
1018 2237 1208 2318 praesertim
1232 2235 1368 2315 Graeca,
1400 2233 1460 2297 sed
1483 2241 1518 2296 ut

320 2343 375 2404 vix
407 2341 537 2405 meliora
566 2361 606 2405 ex
636 2341 791 2406 librorum
820 2341 944 2404 illorum
975 2342 1133 2422 scriptura
1164 2339 1293 2403 efficere
1323 2339 1437 2420 possis.
1487 2347 1518 2398 et
1619 2393 1620 2424 3

320 2444 395 2508 iacit
417 2446 475 2508 boo
497 2447 608 2508 Bosius
631 2446 721 2526 quasi
745 2443 917 2526 gradatim:
952 2461 1025 2506 nam
1057 2445 1141 2506 inter
1164 2441 1421 2506 emendationem
1449 2443 1519 2504 eius

320 2549 576 2630 scripturamque
606 2547 725 2612 codicis
748 2549 917 2612 Grusellini
949 2547 982 2609 id
1011 2545 1097 2627 quod
1128 2545 1265 2609 escidis
1296 2546 1418 2627 prolert
1451 2545 1517 2608 lere

322 2651 463 2716 medium
487 2663 546 2715 est.
593 2650 652 2715 sed
680 2651 767 2733 quod
796 2652 940 2714 homines
969 2649 1069 2729 docti,
1102 2650 1129 2712 si
1152 2648 1337 2730 diligentius
1358 2647 1518 2710 attendis-

321 2765 405 2835 sent,
437 2755 559 2819 dudum
582 2756 736 2836 suspicari
765 2765 926 2836 poterant,
958 2752 1084 2816 codices
1105 2753 1182 2816 illos
1204 2746 1287 2814 Bdsii
1315 2751 1519 2814 decurtatum

322 2869 354 2922 et
375 2859 591 2924 Cruscllinum
613 2858 716 2922 nullos
737 2877 888 2940 umquam
912 2857 1022 2936 luisse,
1052 2855 1110 2919 sed
1132 2864 1345 2919 commentum
1368 2873 1423 2918 eos
1448 2873 1519 2918 esse

322 2965 457 3026 Bosium
471 2961 583 3026 iraude
607 2971 644 3024 et·
661 2961 795 3042 lallaoia,
829 2960 863 3023 id
886 2971 921 3023 ut
942 2979 1005 3022 non
1030 2960 1184 3041 suspicari
1208 2959 1264 3022 sed
1295 2957 1418 3040 liq'nido
1442 2977 1520 3020 con·

323 3067 450 3128 firmare
476 3067 634 3146 possimus
663 3064 818 3128 Theodori
848 3065 1030 3127 Mommseni
1061 3063 1239 3126 industriae
1263 3071 1360 3144 atque
1390 3063 1520 3126 intelle·

324 3171 449 3250 gantiae
472 3169 639 3233 debemus.

409 3274 536 3336 Etenim
558 3276 770 3336 Mommsenus
792 3281 865 3334 ante
888 3271 945 3333 hos
968 3270 1079 3333 decom
1102 3287 1202 3332 annos
1224 3269 1364 3332 Lutetiae
1382 3270 1521 3334 Parisio-

325 3397 395 3440 rum
429 3377 570 3440 oodioem
606 3377 730 3457 regium
759 3374 884 3437 8538Α
914 3373 1088 3455 diligenter
1116 3375 1272 3452 excussit,
1311 3390 1374 3454 quo
1409 3373 1521 3437 codice

324 3481 528 3544 continentur
557 3481 714 3542 Simeonis
748 3479 830 3541 Bosii
867 3477 1160 3540 animadversiones
1199 3479 1231 3538 in
1260 3474 1360 3540 libros
1392 3488 1521 3560 septem

324 3585 517 3666 posteriores
540 3583 749 3665 epistularum
770 3581 812 3644 ad
827 3581 977 3660 Atticum,
1003 3598 1065 3643 non
1089 3598 1169 3661 quas
1190 3587 1299 3660 postea
1321 3577 1436 3660 edidit,
1463 3579 1522 3645 sed

326 3689 437 3768 quales
465 3688 604 3769 primum
635 3685 877 3766 conscripserat.
931 3703 984 3748 eas
1011 3685 1038 3747 si
1068 3703 1140 3747 oum
1170 3681 1265 3746 editis
1293 3699 1520 3764 cooperiamus,

327 3790 528 3854 mendacium
552 3788 743 3853 fraudulenti
775 3789 912 3851 bominis
934 3787 1083 3870 adparet:
1119 3797 1181 3850 tam
1210 3805 1306 3867 saepe
1336 3787 1428 3868 longe
1460 3789 1522 3850 alia

327 3914 368 3956 ex
390 3893 516 3958 duobus
545 3892 606 3954 illis
629 3891 721 3954 libris
744 3892 875 3973 protulit
904 3910 999 3973 quam
1023 3910 1105 3973 quae
1134 3899 1241 3971 postea
1268 3890 1300 3951 in
1324 3889 1409 3954 edito
1432 3911 1523 3954 com-

328 3998 482 4060 mentario
505 3997 552 4060 eis
573 3995 754 4077 adscripsit.
800 3995 923 4058 scilicet
952 3996 1030 4057 alias
1058 3994 1119 4056 alio
1149 4003 1291 4075 tempore
1320 3994 1524 4058 coniecturas

330 4099 414 4162 lecit.
468 4119 508 4163 ne
538 4109 645 4162 antem
675 4117 756 4180 quae
786 4097 930 4160 breviter
958 4098 1207 4179 significavimus
1241 4108 1363 4160 temore
1397 4097 1523 4162 dixisse

328 4191 482 4284 llosioque
513 4204 661 4266 iniuriam
692 4201 804 4265 iecisse
827 4202 1004 4280 videamur,
1035 4201 1180 4264 volumus
1209 4219 1245 4263 ea
1276 4199 1431 4282 exemplis
1463 4202 1525 4265 de-

329 4309 449 4369 clarare
473 4325 578 4387 neque
600 4305 810 4388 paucissimis
841 4317 876 4368 nt
898 4325 939 4368 ne
962 4323 1052 4367 error
1074 4315 1106 4368 et
1128 4304 1331 4385 neglegentia
1353 4305 1436 4366 liosii
1465 4307 1525 4368 ba-

330 4411 444 4472 beatur
471 4428 552 4490 quae
576 4409 663 4471 lmus
685 4411 754 4472 eius
785 4409 843 4471 luit
867 4420 899 4472 et
921 4408 1067 4490 perfidia,
1097 4400 1202 4488 neque
1231 4408 1366 4470 nimium
1396 4409 1522 4489 multis,

330 4533 370 4575 ne
394 4514 526 4576 lectores
555 4533 612 4574 nos
636 4512 751 4574 iudicio
774 4533 830 4574 sno
854 4511 999 4574 diffidere
1023 4513 1217 4574 existiment.
1264 4513 1371 4592 itaque
1396 4509 1483 4575 libro
1507 4531 1524 4575 ι
