3184 5108
302 267 375 339 232
593 281 683 340 lunari
706 297 869 340 nscrtoara
892 297 1072 340 anserinus
1090 278 1183 338 4863.

386 489 482 533 curru
511 489 569 551 per
596 488 733 550 aequora
764 468 870 531 nudus
892 467 964 529 vehi
995 466 1183 548 perhibetur
1212 476 1243 528 et
1268 485 1363 546 super
1388 485 1472 527 omne

386 575 520 654 piscium
550 591 650 653 genus
672 573 884 652 principatum
916 570 1064 632 habuisse
1094 581 1126 632 et
1152 572 1185 631 in
1208 571 1346 634 omnium
1377 588 1472 631 rerum

385 676 556 738 formasse
580 685 707 737 vertere
728 675 868 756 potuisse
892 673 1097 736 describitur.

450 781 502 840 36.
544 781 582 840 Ει
604 778 760 860 quaedam
788 779 892 840 insula
922 780 954 840 in
977 775 1184 839 orientalibus
1213 775 1300 838 orbis
1325 786 1474 839 terrarum

322 885 340 943 5
386 881 530 965 partibus
554 901 621 944 esse
646 881 763 945 dicitur
792 884 824 944 in
855 901 917 962 qua
944 889 1118 944 nascuntur
1140 881 1284 942 homines
1307 879 1475 942 rationabili

385 996 515 1064 statura,
540 987 601 1048 nisi
625 984 710 1067 quod
733 1004 841 1048 corum
864 985 945 1047 oculi
968 986 1050 1047 sicut
1071 985 1220 1046 lucornac
1242 984 1359 1045 lucent.

450 1089 503 1150 37.
543 1091 613 1152 Fuit
635 1088 764 1170 quidam
794 1089 885 1150 homo
907 1087 1062 1150 mirabilis
1085 1107 1180 1168 quem
1202 1086 1316 1149 blidam
1346 1087 1477 1169 appella-

386 1203 518 1274 verunt,
551 1195 617 1274 qui,
650 1203 685 1255 ut
712 1192 836 1255 fabulae
860 1193 1000 1274 fingunt,
1033 1193 1136 1254 omnia
1166 1210 1246 1273 quae
1278 1192 1421 1272 tetigerat
1448 1191 1477 1251 in

385 1317 496 1360 aurum
513 1295 669 1360 vertebat.
702 1295 788 1377 quod
810 1315 903 1358 nemo
925 1297 986 1358 nisi
1002 1295 1169 1358 veritatem
1192 1313 1349 1377 spernens
1372 1293 1475 1358 credit.

302 1402 338 1462 to
449 1403 502 1462 38.
543 1401 702 1480 Gorgones
729 1418 856 1480 quoque
887 1400 919 1460 in
949 1410 1146 1462 monstruosa
1177 1400 1347 1462 mulierum
1375 1409 1477 1460 natura

387 1515 463 1583 tres,
494 1523 575 1586 quae
600 1503 789 1566 dicebantur
812 1503 931 1565 Stheno
953 1503 1089 1584 Euryale
1112 1503 1250 1582 Medusa,
1284 1503 1373 1566 iuxta
1398 1522 1478 1564 mon-

387 1617 451 1670 tem
474 1605 633 1669 Atlantem
664 1606 761 1670 luisse
792 1608 824 1668 in
853 1606 970 1668 finibus
993 1605 1107 1688 Libyae
1137 1605 1375 1686 describuntur,
1405 1625 1479 1688 quae

387 1732 442 1775 suo
465 1713 537 1774 visu
564 1711 707 1774 homines
737 1712 768 1772 in
798 1710 921 1792 lapides
950 1710 1187 1773 convertebant.
1235 1729 1371 1792 quarum
1392 1729 1478 1773 unam

386 1818 519 1878 Perseus
548 1825 636 1879 scuto
659 1817 760 1878 vitreo
790 1815 942 1878 defensus
971 1814 1148 1894 interiecit,
1186 1833 1267 1894 quae
1290 1813 1411 1877 absciso
1432 1832 1479 1874 ca·

303 1921 340 1982 ⁴5
387 1921 452 2002 pite
475 1939 548 1982 suos
570 1920 675 1982 oculos
697 1920 831 1981 vertisse
858 1917 960 1980 lemur
981 1927 1018 1980 ut
1038 1919 1122 1980 viva.

450 2024 503 2084 39.
542 2019 646 2104 Argus
672 2023 785 2085 multos
812 2041 999 2084 numerosae
1033 2023 1139 2084 oculos
1172 2021 1303 2085 visionis
1338 2021 1478 2086 babuisse

388 2183 411 2228 t.
432 2191 514 2230 cursu
527 2179 564 2228 B:
588 2179 662 2243 Vera.
676 2191 763 2243 georg.
781 2191 818 2230 tur
837 2179 887 2230 388
900 2177 1041 2228 caeruleus
1053 2179 1174 2240 Proteus,
1195 2191 1322 2242 magnum
1342 2179 1388 2243 qui
1405 2178 1479 2244 pisci-

301 2265 353 2317 bus
371 2278 472 2330 aequor
489 2265 523 2316 Et
542 2265 662 2315 iunctum
680 2263 809 2330 bipedum
822 2277 904 2316 curru
923 2266 1032 2316 metitur
1043 2277 1185 2330 equorum.
1256 2264 1320 2314 vehi
1335 2270 1394 2328 post
1406 2275 1479 2315 cursu

302 2354 332 2403 ii.
404 2365 512 2402 omnem
531 2351 561 2400 Α.
603 2352 676 2416 Vera.
696 2367 720 2400 u.
737 2353 784 2400 tat
804 2351 980 2417 Neptuno-
998 2351 1116 2401 inmania
1134 2350 1211 2401 cuius
1229 2350 1356 2401 Armenta
1379 2355 1406 2402 et
1427 2353 1479 2401 tur-

300 2440 342 2504 pis
361 2440 446 2503 pascit
464 2437 515 2488 suh
528 2439 630 2502 gurgite
644 2437 753 2502 phocas.
826 2443 850 2487 t.
871 2450 900 2487 se
913 2437 981 2487 verti
994 2437 1047 2489 Aa.
1089 2438 1161 2502 Vera.
1181 2453 1206 2489 u.
1221 2439 1266 2487 ttt
1290 2439 1381 2487 omnia
1398 2439 1480 2487 trans·

301 2525 397 2575 lormat
414 2537 475 2574 sese
494 2525 520 2574 in
539 2523 668 2575 miracula
686 2537 785 2574 rerum.
876 2527 900 2574 t.
921 2537 994 2574 mvi
1013 2524 1051 2574 De
1069 2522 1112 2574 his
1130 2536 1244 2587 quorum
1263 2523 1334 2574 oculi
1354 2523 1426 2574 uelut
1442 2521 1479 2572 ln-

219 2635 222 2642 »
300 2623 379 2662 cerna
399 2611 491 2661 lucent
507 2610 537 2670 A,
562 2624 634 2660 xxxix
654 2609 781 2662 Homines
799 2623 915 2674 quorum
933 2611 1004 2660 oculi
1023 2613 1092 2660 sicut
1110 2608 1235 2660 lucernae
1254 2609 1346 2660 lucent
1365 2611 1405 2660 B?

301 2701 326 2748 t.
351 2697 459 2748 lucerua
482 2697 512 2747 A.
605 2710 688 2747 xxxva
712 2697 750 2747 De
772 2696 890 2748 lahulanl
914 2696 1081 2761 proserpina.
1126 2696 1252 2747 Fabulani
1274 2697 1327 2760 (stc)
1350 2697 1479 2760 Proserpi-

301 2797 351 2834 nae
368 2786 424 2848 (·ua
436 2785 466 2846 Α)
481 2795 561 2848 quam
580 2784 669 2849 rapuit
683 2783 819 2834 aidoneus
835 2783 956 2846 (idoneus
973 2783 1003 2846 A(
1024 2782 1052 2833 id
1070 2783 1111 2833 est
1129 2783 1223 2844 Orcus,
1243 2795 1290 2833 rex
1309 2782 1478 2834 Molossorum

303 2869 532 2933 (molosorum),
552 2870 629 2920 cuius
641 2871 716 2920 canis
734 2870 848 2934 ingentis
867 2869 1058 2934 magnitudinis
1071 2869 1204 2922 Cerberus
1216 2870 1325 2921 nomine
1340 2869 1478 2920 Pirithoum

303 2955 456 3021 (protheum
475 2955 505 3019 A(
525 2955 676 3008 decorauit.
696 2955 768 3021 quod
787 2955 820 3006 sd
839 2959 946 3021 raptum
968 2957 1078 3020 (raptam
1097 2956 1126 3021 rt)
1148 2956 1241 3006 uxoris
1258 2958 1317 3008 eius
1336 2969 1397 3008 cum
1414 2955 1479 3007 The·

299 3055 346 3093 seo
367 3041 517 3104 (theodosio
535 3042 564 3102 A(
587 3048 704 3102 venerat,
725 3055 807 3107 quem
826 3045 853 3092 et
872 3043 961 3107 ipsum
980 3043 1032 3092 iam
1057 3042 1083 3091 in
1104 3043 1198 3092 mortis
1216 3043 1336 3107 periculo
1354 3043 1478 3093 constitu-

300 3132 356 3180 tum
375 3128 524 3178 adueniens
544 3126 671 3178 Hercules
694 3127 828 3188 (hercules
846 3128 874 3192 A(
897 3128 1022 3179 liberavit
1042 3129 1067 3178 ot
1085 3127 1120 3179 ob
1139 3129 1165 3178 id
1185 3129 1260 3194 quasi
1279 3130 1314 3181 ab
1333 3129 1422 3180 inieris
1440 3141 1479 3178 re-

300 3216 394 3279 ceptus
412 3214 512 3264 dicitur
529 3212 559 3263 Α.
596 3215 693 3263 mirum
710 3219 748 3264 ost
764 3215 827 3264 hoec
842 3228 926 3277 poeno
944 3228 1086 3280 coupruore
1109 3229 1168 3266 mim
1191 3218 1227 3268 eis
1254 3229 1320 3280 puae
1338 3217 1479 3268 susumus

300 3302 335 3350 od
348 3301 466 3363 Dionysii
483 3315 508 3350 v.
523 3302 571 3349 tss
591 3302 737 3363 adscripsit,
758 3297 827 3352 sate
844 3299 887 3352 soi
905 3295 1041 3358 Ἀϊδωνεὺς
1060 3298 1178 3369 βασιλεὺς
1197 3301 1243 3369 μὲν
1261 3299 1302 3371 ἠν,
1324 3302 1358 3358 ὡς
1376 3300 1400 3353 ol
1412 3298 1478 3369 isp-

301 3383 413 3454 βέστεροί
432 3401 516 3456 φασιν,
536 3381 657 3454 Ἠπείρου
674 3391 721 3454 τῆς
740 3382 766 3436 ἐν
779 3381 937 3450 Μολοττοῖς,
957 3385 1019 3456 πρὸς
1038 3383 1065 3439 hu
1083 3386 1126 3439 sai
1141 3383 1274 3457 Πειρίθους
1291 3385 1358 3456 ἦλθε
1375 3385 1417 3439 καὶ
1428 3381 1478 3454 Θη-

300 3469 357 3529 σεὺς
382 3467 424 3522 διὰ
441 3468 610 3541 Περσεφόνην,
640 3467 707 3524 itit
730 3469 762 3540 δὴ
787 3472 831 3524 καὶ
849 3470 862 3524 ὁ
877 3467 1012 3543 Ἡρακλῆς
1030 3470 1072 3524 διὰ
1088 3474 1131 3527 τὸν
1149 3468 1280 3544 Κέρβερον
1303 3472 1369 3526 adua
1389 3469 1478 3525 πολλυῦ

299 3555 378 3620 ἀξιον.
468 3563 492 3608 7.
513 3571 607 3608 austu
628 3561 667 3621 (an
688 3560 715 3620 li(
739 3559 775 3609 Do
794 3558 864 3610 mida
884 3560 937 3610 AB.
1009 3560 1140 3611 mirabilis
1158 3561 1194 3611 A:
1218 3560 1384 3612 rationabilis
1406 3563 1478 3610 ustu-

301 3658 346 3694 rae
366 3646 395 3694 s.
486 3649 509 3694 9.
531 3644 647 3696 credidit
664 3645 693 3696 Δ.
766 3646 852 3696 Midas
874 3645 965 3709 (choto
988 3653 1091 3710 munta
1115 3661 1171 3699 esse
1185 3651 1269 3711 potest
1293 3663 1327 3700 aa
1347 3653 1477 3700 numu-

297 3731 410 3794 piosaco
436 3731 579 3782 amomo.
682 3735 722 3782 to.
748 3745 852 3783 xxxuuu
877 3731 915 3782 De
939 3745 1070 3797 gorgones
1097 3733 1268 3798 (gorgonibus
1291 3738 1319 3787 ia
1343 3735 1429 3798 ruam)
1448 3731 1474 3788 Α,

300 3831 339 3867 aar
358 3817 395 3867 De
414 3817 577 3882 gorgonihus
596 3819 637 3868 B?
711 3819 850 3882 Gorgonos
866 3833 902 3882 pr
921 3821 950 3881 B,
977 3822 1112 3884 Gorgones
1130 3835 1191 3872 corr
1210 3822 1240 3872 Β.
1321 3833 1424 3886 quoque
1441 3831 1476 3868 oro

301 3904 331 3953 B.
403 3906 552 3954 monstrosa
573 3905 602 3954 B.
693 3908 734 3954 tt.
755 3905 801 3969 qui
819 3905 848 3968 A„
904 3908 999 3957 stanno
1018 3907 1108 3958 curalo
1123 3909 1153 3968 li,
1173 3911 1283 3959 strenue
1302 3907 1412 3958 iuridice
1423 3905 1449 3956 A.

301 3989 458 4040 modosaA.
549 3994 590 4039 ts.
616 3990 762 4042 athlantem
787 3992 841 4043 ΑΒ.
912 3994 938 4042 in
958 3994 994 4044 B:
1018 3997 1045 4044 ct
1068 3995 1095 4043 in
1114 3994 1145 4044 A.
1220 3993 1407 4046 describantur
1421 3992 1449 4043 A.

301 4076 347 4139 qni
366 4076 396 4128 li.
486 4079 527 4127 ta.
554 4077 749 4128 conuertebant
771 4080 798 4128 io
822 4079 924 4144 lapides
943 4079 973 4130 B.
1064 4083 1105 4132 it.
1129 4083 1239 4131 uetereo
1257 4081 1288 4131 B.
1360 4077 1475 4131 interficit

299 4161 330 4211 Α.
383 4162 546 4215 abscissos.
619 4165 819 4229 tt.i⁵.capite
838 4165 1100 4230 suo(suosoorr)A,
1120 4167 1270 4232 suocapite
1289 4168 1323 4218 ita
1337 4167 1368 4218 Β.
1419 4176 1474 4216 uer-

300 4245 415 4297 sisscA.
482 4249 545 4298 uiua
564 4262 644 4314 quero
664 4249 764 4300 habere
783 4251 995 4303 describiturli:
1020 4253 1264 4316 conterraneis.
1302 4258 1474 4317 macr·

299 4334 368 4382 ratio
386 4345 440 4385 οπο
457 4334 559 4386 videtur
576 4349 611 4386 aa
628 4337 722 4387 scholio
745 4339 780 4388 ott
797 4338 860 4389 aaa.
875 4352 900 4387 rr
918 4341 967 4390 289
987 4340 1127 4402 adscripto.
1222 4344 1263 4396 ts,
1285 4353 1316 4390 ιι.
1335 4341 1371 4390 uo
1388 4351 1430 4390 ars
1445 4335 1471 4394 Δ,

300 4432 350 4470 rur
370 4419 454 4483 Argos
472 4420 513 4471 B?
583 4421 618 4472 hr
636 4421 665 4484 A,
686 4422 721 4475 ti·
741 4425 770 4478 a.
810 4425 935 4476 'oculos
954 4438 1113 4477 numerosas
1132 4427 1162 4478 li.
1235 4423 1359 4478 habuisse
1379 4423 1473 4476 dosori-
