3240 5094
316 337 404 420 ⁴162,
611 351 700 412 lrnrx
722 369 888 412 oxorronrx
910 367 1097 412 sitanstetn
1115 347 1208 409 4872.

316 541 522 602 commentari
539 541 704 621 pergimus
719 538 891 602 dicendum
908 557 979 600 esse
989 536 1117 600 videtur
1129 535 1169 599 de
1182 534 1330 598 versibus
1340 537 1372 597 in
1386 536 1493 617 quibus

316 635 419 706 εἰσιών
447 641 528 706 illud
556 652 605 704 est
633 638 718 722 quod
744 641 984 722 explicavimus.
1031 649 1159 720 accepto
1181 637 1223 701 ab
1244 637 1426 720 Amphithoe
1447 640 1494 700 in-

316 745 477 810 dutiarum
499 755 576 827 potu
597 744 894 826 Dicaeopolisbaec
915 744 994 834 dicit
1014 763 1047 804 v.
1074 743 1134 804 tas
1158 761 1201 804 ss.

544 840 655 918 ταύτας
677 846 808 932 δέχομαι
828 841 880 911 καὶ
901 845 1067 930 σπένδομαι
1086 839 1267 928 κάκπίομαι,

545 947 662 1035 χαίρειν
684 943 815 1014 κελεύων
837 945 936 1014 πολλὰ
957 943 1025 1020 τοὺς
1043 942 1219 1034 Ἀχαρνέας.

545 1047 607 1135 ἐγὼ
630 1049 664 1116 δὲ
685 1051 818 1137 πολέμου
841 1047 892 1115 καὶ
913 1055 1014 1117 κακῶν
1038 1046 1223 1135 ἀπαλλαγεὶς

546 1144 607 1226 ἔξω
628 1150 666 1218 τὰ
688 1151 755 1219 κατ’
782 1149 892 1242 ἀγροὺς
914 1149 1016 1220 electis
1039 1147 1193 1218 Διονύσια.

318 1268 386 1323 tum
407 1255 618 1340 Amphithens

546 1356 608 1446 ἐγὼ
631 1359 665 1425 δὲ
687 1355 834 1447 φεύξοραί
853 1383 889 1445 γε
909 1356 978 1433 τοὺς
996 1356 1171 1446 Ἀχαρνέας.

319 1463 449 1529 turbant
472 1465 504 1526 in
527 1465 577 1527 bis
599 1464 747 1528 versibus
776 1465 860 1528 inter
881 1464 1135 1546 Dicaeopolidem
1158 1474 1189 1526 et
1210 1463 1432 1545 Amphitbeum
1453 1462 1501 1526 di·

319 1566 518 1632 stribuendis
541 1567 615 1630 libri
638 1577 670 1630 et
688 1567 849 1631 turbatum
873 1585 942 1630 esse
966 1567 1027 1630 iam
1050 1569 1230 1648 antiquiore
1252 1576 1393 1649 tempore
1415 1567 1501 1630 sobo-

319 1672 384 1733 lion
407 1671 447 1734 ad
469 1689 501 1732 v.
525 1671 587 1732 200
611 1670 806 1752 adscriptum
829 1669 984 1750 ostendit,
1011 1689 1136 1752 exque
1157 1669 1311 1733 discimus
1333 1669 1427 1733 luisse
1450 1673 1500 1752 qui

320 1771 439 1860 χαίρειν
461 1767 576 1838 κελεύω
598 1774 776 1837 seriberent
799 1784 831 1836 et
853 1773 938 1837 hunc
958 1793 1088 1836 versum
1103 1773 1296 1856 Amphitbeo
1317 1773 1498 1837 tribuerent.

321 1876 380 1941 sed
402 1878 460 1939 hoo
482 1877 626 1959 ineptum
649 1888 697 1940 est
718 1878 803 1938 omni
819 1895 860 1940 ex
880 1885 972 1957 parte
987 1896 1093 1959 neque
1108 1875 1250 1940 dubitari
1269 1887 1373 1959 potest
1386 1880 1501 1959 priores

321 1991 471 2062 quattuor
492 1999 607 2042 versus
629 1997 738 2042 omnes
752 1979 983 2060 Dicaeopolidis
1006 1999 1087 2043 esse.
1128 1983 1217 2063 atqui
1231 1980 1424 2062 Dicaeopolis
1444 1999 1501 2042 non

322 2093 426 2165 potest
448 2103 483 2145 se
506 2083 567 2144 sibi
591 2083 652 2164 ipsi
673 2101 836 2164 opponere
860 2101 966 2163 neque
988 2094 1059 2164 post
1081 2102 1117 2147 ea
1148 2103 1229 2166 quae
1252 2093 1343 2146 anteo
1366 2083 1444 2146 dixit
1464 2086 1501 2146 ita

322 2187 427 2267 loqui,
453 2179 515 2270 ἐγὼ
538 2182 572 2249 δὲ
592 2185 726 2268 πολέμου
749 2195 781 2248 et
806 2203 889 2266 quae
917 2196 1081 2248 secuntur.
1127 2204 1191 2248 non
1213 2187 1304 2249 latuit
1326 2187 1384 2249 boc
1404 2184 1503 2249 doctos

323 2289 479 2352 hominos.
526 2309 564 2351 ac
585 2290 741 2370 Bergkios
770 2288 901 2369 quidem
931 2299 1004 2350 ante
1034 2289 1093 2351 hoc
1120 2285 1183 2372 ἐγώ
1212 2287 1245 2352 ii
1272 2288 1405 2372 πολέμου
1432 2289 1503 2353 dnos

322 2391 507 2472 Amphithei
530 2411 644 2454 versus
671 2392 828 2455 excidisse
857 2393 977 2454 statuit.
1024 2410 1087 2454 non
1117 2392 1315 2473 intellegitur
1340 2411 1397 2456 our
1417 2394 1500 2468 duos,

325 2513 431 2576 nequo
454 2493 510 2558 ubi
533 2495 631 2557 oratio
653 2514 715 2557 nou
742 2505 829 2558 recte
851 2496 1054 2558 continuatur
1080 2495 1185 2558 statim
1209 2514 1246 2557 eo
1268 2495 1503 2577 confugiendum

325 2607 374 2660 est
395 2607 431 2660 ut
452 2617 516 2660 nou
539 2598 625 2660 nulla
655 2597 811 2661 excidisse
841 2598 1001 2677 dicamus,
1034 2599 1223 2679 praesertim
1251 2597 1308 2660 ubi
1337 2599 1504 2662 sententiae

326 2701 469 2782 integrae
492 2711 567 2764 snut
589 2711 621 2764 et
642 2703 831 2782 perspicuae
846 2719 952 2782 neque
975 2700 1055 2781 quid
1076 2702 1211 2782 perierit
1233 2701 1376 2783 intellegi
1398 2711 1502 2784 potest.

325 2804 496 2867 violentius
519 2813 679 2885 grassatos
702 2815 749 2867 est
773 2805 969 2868 Hamalxerus
992 2805 1024 2866 in
1047 2806 1251 2886 Mnemosyne
1274 2813 1298 2866 t.
1317 2823 1340 2866 u
1362 2807 1430 2886 p.3
1451 2823 1501 2880 ss,

326 2908 417 2969 cuius
439 2908 621 2988 opinionem
644 2909 799 2970 miramur
828 2907 986 2971 laudatam
1016 2925 1086 2970 esse
1108 2927 1125 2970 a
1149 2909 1306 2970 bleinelxio
1336 2909 1369 2969 in
1391 2907 1505 2989 praela-

326 3009 411 3072 tione
433 3030 468 3091 p.
493 3027 547 3071 uu
569 3021 601 3073 et
623 3013 657 3071 in
678 3011 834 3073 vindiciis
855 3009 1096 3090 Aristophaneis
1120 3031 1153 3091 p.
1180 3013 1211 3072 5.
1258 3012 1383 3092 putarit
1403 3013 1505 3073 llama·

327 3113 426 3174 lterus
455 3113 512 3174 hos
541 3112 620 3175 duos
647 3131 778 3193 versuS,
810 3109 871 3197 ἐγὼ
898 3110 931 3176 δὲ
958 3111 1092 3196 πολέμου
1119 3109 1172 3176 καὶ
1201 3115 1303 3177 κακῶν
1333 3107 1504 3198 ἀπαλλαγεὶς

320 3205 396 3286 llio
422 3210 459 3279 τὰ
488 3210 554 3278 κατ’
582 3209 690 3300 ἀγροὺς
716 3210 817 3280 εἰσιὼν
841 3211 983 3280 Διονύσια
990 3263 1001 3293 ,
1031 3215 1185 3279 delendos
1209 3227 1240 3279 et
1262 3219 1295 3278 in
1319 3207 1426 3280 eorum
1448 3218 1504 3279 loco

329 3317 530 3399 reponendos
546 3337 616 3381 esse
631 3337 761 3382 versum
776 3318 839 3380 277
863 3329 895 3382 et
910 3330 977 3382 tres
992 3318 1036 3381 ibi
1052 3330 1240 3400 sequentes,
1265 3316 1320 3383 tio
1344 3315 1411 3403 μεθ’
1429 3314 1503 3404 ἡμῶν

303 3419 472 3506 νὶυρπίῃς,
497 3420 531 3483 ἐκ
553 3411 857 3506 κραιπάλιρς“’]’]ωθενΙ
873 3417 994 3508 εἰρήνης
1009 3417 1136 3507 ῥοφήσει
1156 3416 1312 3508 τρύβλιον·
1329 3416 1370 3486 Ἥ
1387 3420 1414 3486 δ’
1433 3417 1505 3492 ἀσπὶς

328 3524 359 3586 ἐν
381 3527 424 3610 τῷ
446 3519 574 3610 φεψάλῳ
596 3518 796 3610 κρεμήσεται,
820 3526 863 3588 ita
885 3524 1016 3606 quidem
1039 3535 1074 3588 nt
1095 3525 1252 3588 scriberet
1273 3521 1309 3589 σὺ
1332 3521 1360 3589 δ’
1386 3519 1422 3610 ἢν
1444 3517 1501 3610 μεθ’

328 3620 433 3710 ἡμῶν,
466 3628 552 3708 quod
579 3637 685 3691 autem
708 3647 740 3689 v.
766 3628 827 3689 976
858 3628 1105 3712 tegitur-touta<
1127 3626 1235 3712 Φαλῆς
1264 3628 1360 3709 plane
1383 3630 1502 3693 deleret.

329 3729 386 3793 sad
415 3750 530 3793 vorsus
560 3730 646 3810 illos,
678 3726 739 3814 ἐγὼ
768 3727 802 3794 δὲ
830 3729 963 3814 πολέμου
985 3725 1037 3794 καὶ
1057 3735 1159 3794 κακῶν
1186 3726 1372 3816 ἀπαλλαγεὶς
1389 3725 1457 3803 'llio
1474 3725 1504 3794 τὰ

329 3825 395 3896 κατ’
428 3827 538 3918 ἀγρεὺς
567 3829 669 3898 εἰσιὼν
693 3828 853 3908 Διονύσια,
886 3854 943 3897 cur
968 3835 1084 3915 aliquis
1106 3833 1269 3897 addiderit
1290 3838 1435 3916 exputari
1456 3853 1504 3897 ne-

330 3937 416 4016 quit,
454 3937 591 3998 Phaletis
619 3937 660 4000 ad
688 3939 939 4019 conpotationcm
972 3939 1130 4016 invitatio,
1163 3937 1203 4001 de
1233 3956 1295 4018 qua
1325 3940 1504 4002 Hamalerns

330 4038 489 4100 mirabilia
511 4038 649 4120 profert,
676 4041 850 4103 rectissime
873 4039 969 4103 habet
984 4059 1090 4122 neque
1113 4042 1179 4104 loco
1201 4061 1257 4105 suo
1279 4041 1432 4105 movenda
1453 4049 1501 4116 est,
1589 4041 1590 4044 ’

331 4152 366 4204 ut
387 4152 496 4222 postea
518 4140 720 4223 docebimus,
746 4137 847 4207 εἰσιών
870 4153 977 4206 autem
1000 4143 1096 4224 illud,
1123 4163 1163 4207 ex
1185 4163 1247 4225 quo
1269 4147 1439 4227 praecipue
1453 4143 1503 4204 lla-
1589 4203 1590 4220 ,

331 4245 481 4307 makerus
508 4245 626 4326 colligit
654 4246 809 4309 absurdos
837 4265 908 4308 esse
936 4247 1006 4309 illos
1027 4247 1257 4328 Dicaeopolidis
1279 4267 1409 4326 versus,
1437 4243 1503 4308 nihil
1589 4231 1590 4286 ἓ

332 4347 452 4410 habere
477 4349 661 4412 offensionis
689 4359 781 4412 antea
812 4348 1115 4412 demonstravimus:
1150 4369 1257 4430 neque
1286 4351 1372 4412 enim
1399 4349 1503 4412 Aristo
1589 4337 1590 4368 ¹

332 4451 454 4533 phanes
477 4453 690 4532 grammaticis
711 4454 789 4515 haec
811 4455 939 4535 scripsit
961 4452 1122 4518 subtiliter
1136 4455 1240 4516 omnia
1263 4453 1447 4516 rimantibus
1460 4459 1502 4512 aut
