3186 5108
382 366 472 428 lnnnx
494 383 659 428 merrom
683 384 866 430 ιιιιειιιιιττι
885 368 979 428 teon.
1204 351 1275 424 185

105 553 203 633 quiin
226 554 409 617 Prometheo
426 552 574 636 Aeschyli
597 575 629 618 ν.
649 554 709 618 762
733 565 840 638 spreta
862 558 972 639 optimi
995 555 1069 619 libri
1091 555 1277 619 auctoritate

11 736 14 747 Ι
104 657 289 737 scripserunt
311 651 402 730 αύτός
419 651 496 743 πρός
520 650 611 722 αὐτοῦ
633 653 820 744 κενοφρόνων
844 653 1067 744 βουλευμάτων,
1092 659 1209 740 quihus
1225 678 1278 720 re-

103 758 226 840 spondet
241 761 445 824 Prometheus
465 761 505 824 ad
529 761 562 824 id
578 761 663 842 quod
686 764 717 824 lo
739 765 956 844 interrogavit,
981 758 1053 849 πρὸς
1074 766 1127 826 τοῦ
1147 757 1279 847 τύραννα

102 865 226 948 σκῆπτρα
247 857 467 948 συληθήσεται;
494 866 648 946 scriptum
671 876 719 928 est
741 859 830 937 αότθς
851 861 924 951 πρὸς
946 859 1037 930 αύτοῦ
1059 867 1111 930 vel
1134 860 1226 944 αύτοῦ
1244 867 1277 926 in

101 966 276 1048 vulgaribus
298 967 534 1049 exemplaribus
558 967 737 1050 plerisque,
763 969 821 1032 sed
844 971 876 1032 in
899 969 990 1033 libris
1011 969 1149 1033 Mediceo
1170 967 1277 1032 Arun-

101 1069 217 1132 deliano
232 1070 546 1152 Cantabrigiensihns
561 1070 686 1134 duobus
705 1072 823 1152 legitur
843 1067 916 1158 πρὸς
939 1067 1027 1145 αὐτὸς
1050 1065 1154 1150 αύτοῦ,
1179 1071 1277 1154 idque

99 1183 128 1234 et
147 1175 255 1236 Petrus
277 1175 445 1238 Elmsleius
474 1193 546 1237 cum
576 1174 617 1237 de
640 1175 826 1238 Blomlieldii
850 1177 1033 1240 Prometheo
1061 1164 1223 1239 scriberet¹
1247 1185 1301 1238 ett
1363 1195 1365 1200 ·

101 1275 289 1341 Godolredus
313 1279 511 1340 dermannus
538 1278 824 1360 comprobaverunt.
872 1291 980 1342 contra
1003 1280 1178 1343 Guilelmus
1200 1280 1279 1341 Din-

100 1379 210 1443 dorlius
237 1374 325 1451 αύτός
353 1374 426 1465 πρὸς
454 1373 545 1444 αὑτοῦ
573 1383 680 1444 nescio
709 1393 786 1464 quot
814 1383 1050 1465 exemplaribus
1078 1383 1275 1464 propagavit.

100 1485 242 1546 nimirum
265 1486 342 1548 haec
363 1483 542 1565 adscripsit,
571 1487 737 1566 ‘exemplis
758 1486 800 1549 ab
815 1488 963 1549 Elmsleio
985 1486 1087 1548 allatis
1109 1505 1171 1547 non
1196 1485 1279 1548 mul-

102 1597 160 1649 tum
182 1587 327 1666 efficitur,
353 1607 425 1650 cum
448 1590 480 1648 in
504 1588 579 1650 locis
602 1589 665 1650 illis
686 1590 835 1653 omnihus
850 1609 1022 1672 pronomen
1040 1599 1170 1670 propter
1185 1589 1278 1651 metri

102 1693 312 1754 necessitatem
341 1692 383 1752 sit
405 1691 588 1768 traiectum,
620 1711 702 1774 quae
731 1693 818 1756 nulla
847 1704 896 1756 est
924 1694 957 1755 in
980 1694 1136 1755 hocloco.
1184 1711 1278 1773 quam

101 1792 222 1855 obrem
244 1793 438 1857 servandum
460 1793 588 1856 videtur
617 1788 705 1867 αὐτὸς
727 1790 800 1881 πρὸς
822 1790 933 1875 obruis,
959 1798 1026 1859 nisi
1056 1799 1129 1878 quis
1154 1807 1278 1878 poetam

100 1891 165 1980 πρός
186 1891 274 1968 αὐτὸς
297 1890 389 1962 αύτοῦ
417 1907 585 1980 propterea
608 1900 797 1980 praetulisse
820 1912 947 1963 censeat
975 1912 1009 1964 ut
1037 1895 1112 1986 πρός
1133 1902 1166 1962 in
1189 1900 1279 1962 initio

101 2019 204 2064 versus
231 2003 367 2083 positum
395 2003 571 2066 accuratius
601 2003 807 2082 responderet
837 2004 1041 2084 praecedenti
1070 1999 1159 2090 τρόςι
1195 2003 1279 2085 quod

101 2104 171 2166 roibi
192 2104 284 2167 valde
307 2105 468 2169 infirmum
499 2115 721 2186 argumentum
743 2105 893 2169 videtur.²
938 2126 975 2169 ac
997 2126 1109 2170 verum
1132 2125 1209 2170 sane
1232 2115 1280 2170 est

102 2207 129 2268 in
155 2210 199 2270 eis
221 2207 369 2272 versibus
390 2228 470 2291 quos
492 2209 662 2272 Elmsleius
690 2211 795 2272 attulit
817 2229 881 2272 non
910 2231 1001 2292 posse
1024 2212 1140 2274 mutari
1163 2210 1280 2272 verho-

101 2329 164 2372 mm
184 2311 329 2374 ordinem
352 2313 413 2375 nisi
436 2313 596 2376 dissolutis
619 2315 768 2376 carminis
790 2315 948 2393 numeris,
981 2313 1132 2395 idemque
1155 2316 1186 2376 in
1210 2314 1280 2376 aliis

99 2413 235 2478 eiusdem
250 2415 397 2478 dictionis
420 2416 573 2496 exemplis
595 2415 833 2481 concedendum
850 2427 915 2480 est:
940 2417 1150 2481 adscribenda
1173 2427 1279 2480 autem

99 2535 163 2578 esse
184 2517 335 2583 videntur
356 2520 459 2581 omnia
483 2537 564 2600 quae
587 2519 781 2600 collegimus.
828 2522 934 2602 itaque
955 2521 1130 2603 Aeschylus
1153 2522 1281 2583 Prome·

99 2621 292 2684 theineri
316 2623 395 2686 haec
424 2622 519 2701 dicit,
551 2621 630 2686 τοῖον
652 2619 820 2708 παλαιστὴν
850 2627 900 2687 νῦν
929 2617 1192 2709 παρασκευάζεται
1208 2617 1275 2687 Ἐπ’

100 2719 181 2812 αύτός
210 2719 304 2811 αύτῷ,
335 2720 569 2812 δυσμαχώτατον
592 2719 691 2810 τέρας.
739 2726 824 2789 idem
853 2730 886 2788 in
909 2725 1143 2808 Agamemnone
1165 2746 1197 2788 v.
1216 2727 1278 2788 803

98 2827 154 2899 τοῖς
180 2823 200 2892 τ’
235 2822 324 2901 αὐτὸς
352 2821 443 2892 abrah
471 2823 605 2912 πήμασιν
636 2822 806 2914 βαρύνεται.
858 2830 1028 2911 Sophocles
1056 2828 1107 2893 Ai.
1139 2850 1170 2891 v.
1197 2831 1279 2894 4432

99 2924 161 3003 τούς
181 2926 204 3016 γ’
231 2925 435 3004 αύτὸςαύτοῖι
455 2929 632 3016 πολεμίους·
666 2927 701 2996 ού
723 2928 780 3019 γὰρ
802 2929 915 3011 καλόν,
946 2931 1063 3014 quibus
1085 2933 1195 2997 verbis
1216 2935 1281 2996 lle-

101 3035 202 3098 nelaus
217 3037 337 3099 Teucro
361 3036 533 3117 respondet
555 3036 674 3100 dicenti
697 3035 724 3100 εί
746 3031 814 3109 τούς
834 3030 983 3108 θανόντας
1004 3031 1059 3101 ούκ
1081 3035 1134 3120 ἐᾷς
1157 3030 1281 3100 θάπτειν

100 3131 206 3222 πσρύν.
254 3138 340 3202 idern
362 3139 442 3202 Oed.
469 3139 533 3202 Col.
559 3158 590 3200 v.
613 3141 675 3202 929
698 3134 781 3203 odd
816 3134 898 3210 ἀξίαν
928 3135 982 3204 odor
1012 3131 1105 3204 ούσαν
1129 3133 1281 3226 αίσχόνεις

100 3235 177 3305 πόλιν
199 3237 262 3328 Τήν
285 3237 374 3314 αύτός
396 3235 508 3319 αύτοῒι,
533 3253 617 3305 etv.
645 3242 726 3304 4356
757 3237 807 3305 τόν
831 3237 919 3315 αύτός
942 3237 1033 3308 edroi
1059 3238 1176 3330 πατέρα
1196 3237 1277 3307 τόνδ’

102 3337 260 3428 ἀπήλασας.
309 3345 461 3408 Timocles
484 3347 516 3407 in
539 3345 771 3427 Dionysiazusis
793 3346 878 3428 apud
900 3345 1098 3412 Athenaeum
1114 3367 1143 3410 vr
1166 3369 1198 3429 p.
1217 3349 1278 3410 223

101 3440 148 3518 τὰς
169 3441 255 3520 αύτός
279 3443 370 3513 abach
393 3442 547 3534 συμφορὰς
570 3447 641 3534 prior
664 3441 762 3534 φόρει,
786 3452 855 3513 sive
878 3451 1082 3514 scribendum
1105 3455 1210 3533 potius
1233 3461 1282 3514 est

101 3539 180 3632 ἧττον
207 3547 320 3630 στόνει,
357 3552 442 3634 quod
469 3551 556 3632 apud
583 3551 751 3615 Stobaeum
780 3555 951 3635 anthologii
981 3573 1065 3617 cxxiv
1096 3555 1134 3616 49
1164 3555 1283 3636 legitur

101 3656 333 3737 praelatumqne
357 3665 405 3717 est
432 3656 628 3718 aldeinelrio
657 3675 736 3717 com.
762 3667 783 3718 t.
802 3675 837 3718 ιιι
859 3678 892 3738 p.
911 3659 985 3718 593.
1033 3658 1171 3720 Philemo
1197 3657 1283 3738 apud

102 3755 261 3822 Stobaeum
284 3777 326 3821 cu
349 3759 367 3818 b
390 3753 458 3830 τούς
481 3752 569 3830 αύτός
596 3752 688 3822 αύτοῒι
711 3753 830 3844 βούλεθ’
853 3754 996 3844 ὑγιαίνειν
1020 3757 1134 3846 φίλους.
1182 3763 1283 3823 Maco-

105 3860 164 3922 rius
192 3882 244 3925 uu
277 3863 315 3923 l8
348 3863 406 3924 hoc
438 3861 543 3924 adfert
576 3863 799 3944 proverbium,
834 3858 888 3948 τήν
923 3857 1011 3935 αύτθς
1043 3867 1153 3927 σαυτοῦ
1186 3857 1282 3948 θύραν

102 3956 211 4047 κρυόεις
232 3963 322 4052 λίθῳ,
347 3965 403 4028 ubi
426 3959 517 4030 αύτοῒι
533 3964 738 4029 scribendum
759 3985 828 4030 esse
846 3975 877 4030 et
892 3969 1010 4030 senarii
1026 3970 1169 4031 numeris
1184 3968 1283 4030 verba

104 4068 239 4132 conclusa
268 4069 365 4132 luisse
388 4071 574 4134 Leutschius
604 4071 777 4132 intellexit:
810 4071 865 4152 qui
896 4070 981 4152 quod
1009 4073 1061 4135 νῖιν
1090 4081 1161 4152 post
1191 4064 1282 4135 αύτοῦ

104 4167 277 4234 addendum
301 4191 371 4236 esse
394 4173 516 4254 putavit
546 4172 648 4236 refelli
677 4175 806 4255 nequit,
839 4173 897 4236 sed
919 4172 1030 4237 eadem
1059 4172 1282 4256 probabilitate

104 4265 155 4356 γάρ
176 4273 353 4356 addideris,
386 4295 457 4339 cum
488 4276 694 4358 proverbium
723 4277 781 4339 hoc
808 4287 844 4338 ut
873 4279 970 4340 multa
993 4279 1052 4340 alia
1083 4276 1283 4340 ecomoedia

105 4374 200 4457 aliqua
228 4388 388 4461 sumptum
418 4398 488 4443 esse
516 4379 681 4460 videatur,
714 4381 828 4442 omisso
858 4399 894 4442 eo
922 4379 1074 4444 vocabulo
1103 4379 1188 4461 quod
1219 4380 1283 4442 illic

107 4481 308 4546 conectendae
337 4485 469 4546 orationi
498 4482 711 4546 inserviebat:
751 4481 908 4564 denique,
940 4484 967 4546 si
995 4485 1042 4547 uti
1073 4503 1109 4546 co
1139 4483 1283 4565 exemplo
