3240 5094
350 409 423 481 474
650 425 736 484 ianus
761 444 925 486 tacrrorrrrr
947 442 1125 486 tnsrrrtnru
1144 423 1237 486 4873.

346 615 447 677 Latini
471 616 628 676 sermonis
650 615 799 692 scientia,
827 615 933 676 Plauto
950 612 1151 676 reddendum
1173 633 1243 676 esse
1260 614 1427 675 intellexit.
1460 632 1516 674 nam

346 738 418 780 cum
442 720 474 780 in
491 717 681 780 Trucuientc
698 735 719 778 ιι
743 719 754 778 4
777 718 812 778 24
842 718 994 798 scriptum
1011 727 1095 779 esset
1117 717 1189 778 dum
1206 715 1330 792 habeut,
1357 724 1419 778 tum
1439 723 1516 788 amet:

346 820 400 882 ubi
419 819 498 882 citit
518 820 641 900 habeat,
669 821 764 883 alium
786 828 943 902 quaestum
962 821 1094 902 coeptat,
1121 821 1296 883 rectissime
1320 820 1443 900 negavit
1463 819 1518 880 dane

346 924 522 1005 particulae
546 922 741 1003 respondere
764 943 856 1006 posse
874 931 953 1004 tum,
980 942 1115 1004 eamque
1132 923 1172 984 ob
1188 941 1315 985 causam
1330 941 1449 984 memor
1462 941 1520 984 ver-

347 1046 440 1090 suum
457 1027 704 1089 Catullianorum
728 1035 790 1089 tum
814 1027 935 1089 indum
950 1028 1095 1090 mutavit.
1135 1035 1350 1108 contemptum
1367 1035 1414 1088 est
1431 1035 1519 1106 postea

348 1131 550 1192 verissimum
580 1128 724 1192 Lambini
755 1129 920 1193 iudicium.
976 1138 1119 1194 ceterum
1148 1130 1182 1191 in
1211 1126 1323 1192 eodem
1354 1147 1447 1190 versu
1472 1148 1521 1189 nun

347 1231 553 1296 scribendum
569 1242 617 1295 est
639 1234 712 1295 dum
731 1232 834 1309 habet,
859 1235 928 1295 sive
944 1234 1062 1314 iegitur
1078 1231 1270 1295 indicativus
1287 1233 1319 1293 in
1336 1229 1522 1292 Ambrosiam

347 1336 430 1398 libro
452 1337 520 1398 sive
543 1355 606 1398 non
629 1336 759 1417 iegitur.
805 1355 878 1399 narn
902 1337 975 1398 dum
997 1335 1123 1412 iubeat,
1149 1335 1235 1416 quod
1257 1337 1290 1396 in
1314 1337 1429 1397 ceteris
1448 1333 1523 1395 libris

348 1450 411 1519 est,
449 1439 653 1503 confirmatur
686 1442 844 1521 scriptura
873 1440 1078 1521 quantumvis
1107 1436 1279 1521 depravata
1311 1438 1522 1520 exemplarium

348 1543 438 1605 Nonii
461 1563 494 1625 p.
520 1545 561 1604 89
584 1544 643 1623 24,
675 1562 756 1624 quae
784 1544 857 1606 dum
886 1542 993 1605 abeam
1016 1540 1152 1620 habent,
1179 1550 1302 1604 tantum
1324 1551 1429 1604 autern
1449 1540 1522 1604 abest

349 1655 383 1708 ut
406 1645 597 1708 indicativus
618 1647 782 1709 meliorem
807 1645 899 1708 iaciat
921 1649 1096 1708 orationem
1118 1655 1154 1707 ut
1176 1645 1298 1707 minuat
1323 1645 1393 1707 eius
1414 1645 1522 1724 elegan-

348 1751 435 1814 tiam.
483 1752 637 1811 coneinnc
660 1751 745 1812 enim
768 1751 1019 1831 aequiparantur
1041 1749 1092 1810 vei
1114 1747 1340 1810 adsimilantur
1362 1747 1442 1810 modi
1463 1765 1523 1808 ver-

348 1851 473 1914 berum.
527 1862 562 1914 ut
596 1854 777 1934 exemplum
811 1851 992 1915 adferamus
1027 1851 1068 1914 de
1103 1851 1211 1915 multis
1243 1870 1361 1930 unum,
1397 1851 1523 1912 similiter

349 1955 465 2018 iactum
489 1965 537 2018 est
559 1954 600 2018 ab
622 1957 747 2019 Horatio
771 1975 842 2018 cum
867 1955 949 2017 dixit
971 1957 1074 2017 Scrm.
1093 1973 1104 2015 1
1128 1955 1139 2015 4
1162 1955 1202 2015 62
1230 1955 1292 2017 ‘nii
1314 1956 1391 2018 suta
1413 1953 1466 2016 est'
1485 1953 1523 2014 ia·

348 2059 429 2142 quit,
458 2059 547 2140 ‘quic
569 2062 648 2123 tuati
668 2067 815 2142 quantum
836 2059 950 2122 habeus
972 2059 1039 2122 sir!
