3240 5094
423 384 511 444 lrtnm
534 401 700 446 ιιιατιοννι
723 401 907 447 stererant!
930 385 1022 446 tert.
1242 373 1315 445 443

245 603 589 686 ΕΡΜΗΝΕΥΜΑΤΑ.’
825 623 1216 688 tttranmnrmtamt.

235 761 260 822 Ι.
274 755 399 844 Ἐπειδὴ
416 753 478 845 δρῶ
488 754 618 830 πολλοὺς
632 758 700 823 dart-
768 763 922 835 Quoniam
965 761 1061 825 uideo
1104 765 1219 827 multos
1262 783 1319 827 cu-

190 861 361 947 δυμοῦντας
386 857 558 946 Ἑλληνιστί
591 861 698 927 διαλί-
725 867 852 946 pientes
874 865 993 928 Graece
1017 865 1129 947 dispu-

189 966 302 1050 ηεσθαι
341 961 393 1030 καί
421 959 587 1048 Ῥωμαϊστί
624 962 699 1050 μήτε
724 977 794 1030 tare
818 978 850 1029 et
871 969 979 1030 Latine
1003 987 1108 1049 neque

147 1064 326 1155 δοῦχερῶς
371 1063 520 1132 δίνασδαι
559 1064 610 1132 διά
644 1065 698 1153 τήν
725 1071 816 1133 facile
838 1090 930 1151 posse
953 1081 1085 1153 propter

191 1170 370 1258 δυσχέρειαν
403 1168 455 1236 καί
490 1169 699 1255 πολυπληθίαν
725 1173 940 1238 difficultatem
963 1184 995 1237 et
1017 1174 1253 1238 multitudinem

189 1279 250 1365 τῶν
274 1269 430 1361 ῥημάτων,
455 1269 510 1339 οὐκ
531 1269 698 1360 ίφεισάμην
725 1277 916 1358 uerborum,
942 1297 1005 1340 non
1028 1279 1158 1359 peperci

189 1381 276 1443 τοῦτο
303 1381 430 1463 ποιῆσαι
459 1373 511 1441 ίνα
540 1377 571 1440 ἐν
604 1374 698 1463 τρισίν
726 1381 784 1442 hoc
806 1380 909 1442 iacere
933 1391 968 1443 ut
992 1381 1024 1442 in
1048 1380 1152 1444 tribus

191 1479 316 1566 βιβλίοις
324 1480 591 1567 ἑρμηνευματιιιοῖς
601 1475 698 1544 πάντα
724 1482 816 1546 libris
839 1485 1106 1564 interpretatoriis
1127 1485 1231 1546 omnia

127 1587 165 1647 io
189 1579 229 1649 τά
244 1578 364 1670 ῥήματα
379 1578 608 1670 συηγράψιιιμαι.
642 1575 698 1669 άρ-
724 1586 825 1648 uerba
848 1585 1055 1650 conscribam.
1103 1588 1184 1650 inei-

191 1711 289 1774 χομαι
310 1682 437 1773 γράφειν
459 1682 518 1751 άπὸ
542 1678 626 1773 άλφα
640 1687 698 1758 ἐἰυς
724 1690 776 1770 pio
798 1689 940 1752 scribere
963 1688 1004 1750 ab
1026 1689 1087 1752 alia
1110 1709 1212 1771 usque

190 1795 228 1854 ὦ.
269 1785 373 1876 οἰηαδῄ
388 1785 479 1876 τάχη.
519 1787 585 1854 θεοί
606 1786 695 1854 ἵλεοι.
724 1811 752 1853 o.
800 1791 882 1854 bona
905 1791 1042 1854 fortuna.
1089 1792 1133 1854 dii
1157 1795 1298 1876 propitii.

232 1887 575 1978 ΙΙ.Καδηηητά,χαῖρε.
589 1888 694 1978 ἐπειδὴ
764 1896 970 1976 Praeceptor,
1011 1897 1104 1958 haue.
1166 1898 1315 1977 quoniam

188 1995 271 2061 δίλοι
284 1992 336 2060 καί
351 1996 418 2060 λίαν
437 1996 539 2060 λαλεῖν
556 1996 695 2081 ἐπιθυμῶ
720 1998 790 2060 uolo
813 2007 845 2060 et
866 1998 960 2062 ualde
983 2000 1075 2080 cupio
1097 1999 1183 2081 loqui

123 2102 163 2162 ίδ
187 2096 239 2164 καί
276 2095 459 2184 Ῥωμαϊστί,
504 2100 608 2184 ἐρωτῶ
645 2123 691 2178 σε,
720 2110 753 2162 et
774 2102 899 2180 Latine,
926 2120 999 2182 rogo
1021 2112 1071 2180 tc,

186 2197 342 2282 ἐπιστάτα,
367 2196 484 2274 δίδαξάν
512 2227 560 2286 με.
720 2205 881 2284 magister,
907 2203 985 2267 doce
1008 2224 1069 2267 me.

225 2302 308 2390 Ἐγολ
322 2301 451 2390 ποιησαι,
466 2299 519 2369 ἐάν
536 2329 587 2389 μοι
600 2300 694 2392 πράσ-
763 2307 828 2386 Ego
852 2305 978 2385 iactam,
1004 2306 1030 2369 si
1054 2325 1104 2368 me
1127 2306 1186 2369 ad-

188 2433 277 2497 σχης.
346 2439 353 2456 ¹
720 2397 855 2472 tendas,¹

232 2509 382 2598 Προσίχοι
403 2535 452 2576 σοι
473 2511 634 2595 ἐπιμελῶς.
762 2511 911 2574 Adtende
934 2507 998 2600 (te)
1022 2512 1204 2594 diligenter.
1324 2523 1340 2570 ο

119 2619 162 2681 20
225 2610 351 2700 Ἐπειδὴ
374 2604 426 2680 οὖν
449 2608 511 2704 δρῶ
534 2637 568 2678 σε
589 2608 694 2678 τοιίτου
764 2617 918 2688 Quoniam
949 2635 1024 2696 crgo
1047 2615 1143 2678 uideo
1164 2626 1195 2679 te
1219 2618 1341 2681 huius-

186 2713 440 2805 τοῦπράγματος,
457 2716 605 2782 τουτέστιν
620 2713 695 2781 ταά-
721 2720 785 2797 rei,
811 2721 869 2782 hoc
892 2730 941 2781 est
963 2739 998 2782 e-

185 2845 239 2906 της
268 2824 322 2906 τῆς
351 2820 508 2886 διαλέκτου
530 2822 584 2906 τῆς
606 2823 694 2904 λεγο-
721 2823 771 2884 ius
801 2809 1092 2903 interpraetationis
1121 2840 1202 2903 qnae
1232 2821 1314 2885 dici-

187 2919 692 3010 μάνηςῬυιμαϊιιῆς,ίπιδυμοῦντα,
720 2935 773 2986 tur
795 2926 940 3004 Latinae,
966 2927 1156 3005 cupientem,

186 3026 322 3099 ἐπιδείξω
337 3051 385 3092 σοι
393 3077 403 3106 ,
426 3025 529 3092 τέκνον
536 3075 546 3104 ,
570 3019 617 3090 ὅτι
639 3021 694 3092 οὖν
719 3027 1313 3110 demonstrabatibi,fili,quoniamnon

120 3133 163 3196 25
185 3129 251 3194 ἔστι
277 3132 330 3196 τοῖο
357 3124 498 3215 τυχόντος
532 3124 693 3216 ἀνθρώπου
720 3142 766 3192 est
790 3131 962 3194 cuiuslibet
984 3132 1120 3194 hominis

184 3234 385 3320 καταλαβεῖν,
420 3228 499 3298 ἀλλὰ
531 3233 695 3297 πεπαιδευ-
720 3230 981 3316 deprehendere,
1007 3235 1065 3298 sed
1087 3234 1163 3297 doc-

186 3336 277 3421 μένου
306 3333 358 3400 καί
386 3331 589 3422 εὖφυεστάτου
615 3333 695 3400 εἶναι
721 3341 744 3400 ti
767 3348 799 3400 et
822 3338 1071 3418 ingeniosi,esse

186 3437 332 3524 μάθησιν.
370 3436 421 3504 διὰ
435 3443 521 3503 τοῦτο
535 3436 631 3503 τοίνυν
647 3461 696 3502 σοι
721 3440 907 3502 doctrinam.
934 3451 1065 3521 propter
1078 3442 1135 3502 hoo
1148 3442 1241 3502 etiam
1255 3440 1312 3503 tibi

186 3545 302 3627 μᾶλλον
330 3546 374 3629 τῷ
404 3537 443 3626 μή
473 3536 566 3606 εἰδότι
599 3539 692 3625 μηδὲν
720 3543 820 3624 magis
842 3545 897 3624 qui
921 3547 1024 3606 nescis
1047 3544 1127 3606 nihil

117 3649 160 3710 30
185 3639 393 3730 διηγήσασθαι
403 3641 585 3730 ἐκθήσομαι.
605 3641 694 3730 χρεία
720 3646 884 3728 disputare
909 3665 1074 3727 exponam.
1122 3665 1201 3728 opus

184 3731 238 3814 οὗν
261 3745 310 3812 σοί
330 3748 409 3812 ἐστιν
431 3739 451 3811 ἃ
472 3748 690 3833 παραγγέλλω·
720 3769 795 3831 ergo
832 3749 890 3810 tibi
928 3758 976 3810 est
1013 3767 1094 3828 quaa
1132 3749 1310 3831 praecipio:

185 3846 279 3936 άιιοή,
306 3846 425 3936 μνήμη,
453 3849 588 3930 διάνοια,
605 3846 692 3937 τριβὴ
718 3852 865 3932 auditus,
890 3852 1058 3930 memoria,
1084 3870 1211 3932 sensus,
1237 3871 1314 3916 usus

185 3952 376 4041 καδημερινη
419 3953 557 4040 τεχνίτην
599 3955 689 4018 ποιεῖ.
720 3955 896 4018 cotidianus
918 3955 1071 4016 artificem
1094 3954 1178 4016 iacit.

184 4061 271 4122 τοῦτο
301 4062 418 4146 σεαυτῷ
440 4053 493 4122 ἐάν
515 4053 690 4144 παράσχῃς,
720 4062 779 4124 hoe
800 4058 860 4121 tibi
883 4060 908 4121 si
933 4058 1142 4140 praestiteriS,

119 4163 161 4224 35
187 4157 312 4246 μισθοὺς
329 4157 456 4226 δάνοσαι
478 4161 597 4245 μαθεῖν.
639 4155 693 4226 δάο
720 4160 885 4225 mercedes
919 4171 1009 4244 potes
1043 4160 1177 4224 discere.
1231 4159 1313 4224 duae

184 4255 236 4329 οὖν
249 4264 323 4329 εἰσιν
338 4258 485 4350 πρόστυπα
498 4259 536 4328 τὰ
552 4259 693 4350 διαλεηό-
720 4284 795 4346 ergo
821 4275 897 4328 sunt
917 4283 1072 4346 personae
1096 4284 1177 4345 qnae
1201 4264 1313 4345 dispu-

190 4441 231 4488 tr.
254 4441 294 4488 te.
322 4451 437 4506 προσπης
455 4451 483 4496 o,
510 4439 537 4487 id
562 4442 600 4488 est
624 4439 714 4488 codex.
732 4434 743 4504 ss
761 4441 802 4488 8⁰.
823 4453 899 4508 πραιι.
926 4455 970 4490 ουν
989 4452 1011 4489 c.
1031 4435 1041 4502 ji
1058 4441 1100 4488 at.
1121 4437 1239 4503 praecipi
1258 4433 1311 4501 αλ

118 4525 161 4574 at.
183 4523 356 4586 praesteterts
374 4537 396 4575 ο.
415 4521 425 4580 tt
444 4525 486 4574 tt.
506 4521 561 4574 duo
579 4536 601 4574 ο,
