3268 5108
308 362 356 432 54
600 376 689 435 inuex
713 393 876 438 martenam
897 393 1082 438 mmmmm
1103 376 1194 436 latit.

305 585 368 627 non
398 567 513 647 scripta
545 583 615 626 esse
646 566 678 626 in
708 563 790 626 libro
819 566 1042 646 Neapolitano,
1075 575 1174 627 toturn
1201 563 1401 628 abiciendum
1426 585 1500 628 esse

305 670 441 732 censuit.
489 689 551 730 non
583 677 732 750 putamus
759 677 858 730 totum
887 667 930 729 ab
956 669 1061 730 aliena
1090 687 1186 730 manu
1216 668 1381 730 confictum
1412 689 1496 746 esse,

306 791 411 852 neque
435 771 512 834 illud
537 771 733 834 Lachmanno
748 771 961 851 concedimus,
988 771 1021 834 in
1043 771 1096 833 ida
1113 772 1266 854 Phrygiae
1289 773 1375 834 nulla
1399 771 1499 834 inisse

305 876 388 938 levis
409 873 584 938 cunabula:
615 885 719 937 cetera
742 878 846 938 emnia
870 875 1045 938 rectissime
1060 873 1247 957 disputavit.
1285 877 1498 938 aliterrisum

306 988 354 1041 est
380 977 602 1058 llertrbergio,
634 981 689 1059 qui
719 979 932 1058 confidenter,
970 989 1006 1040 ut
1030 979 1097 1042 iere
1127 979 1223 1059 solet,
1261 979 1498 1042 Lachmannum

305 1081 449 1144 fraudem
473 1081 591 1144 frustra
619 1081 817 1164 suspicatum¹
844 1101 914 1144 osse
936 1084 1166 1163 pronuntiavit.
1214 1092 1418 1164 expectamus
1444 1103 1500 1144 se-

305 1195 450 1248 cuturam
473 1203 545 1248 esse
567 1184 719 1248 subtilem
733 1187 871 1267 aliquam
892 1185 1151 1267 disputationem,
1175 1186 1299 1268 aliquid
1321 1207 1359 1250 ex
1384 1206 1499 1250 recon-

305 1287 370 1351 dite
400 1289 562 1352 doetrinae
596 1290 744 1352 thesauro
774 1289 1015 1371 depromptum:
1055 1291 1202 1370 seqnitur
1231 1309 1335 1351 sermo
1371 1291 1498 1353 levissi-

306 1411 386 1470 mus,
413 1393 446 1453 iu
462 1411 524 1473 quo
543 1411 649 1473 neque
664 1403 841 1456 accuratam
858 1393 1048 1455 Lachmanni
1064 1393 1371 1474 argumentationem
1393 1395 1500 1474 tetigit

305 1513 411 1576 nequo
434 1495 475 1557 ad
498 1515 535 1557 ea
558 1513 641 1576 quae
662 1498 799 1558 maxime
823 1495 1052 1559 consideranda
1078 1505 1171 1558 erant
1198 1497 1340 1560 animum
1369 1499 1500 1559 nurnine

304 1599 453 1662 advertit.
507 1617 580 1660 nam
609 1608 644 1660 ut
674 1600 733 1661 alia
766 1617 898 1680 prorsus
926 1600 1051 1663 inutilia
1080 1602 1276 1680 omittamuS,
1312 1601 1496 1663 sollemnem

305 1723 375 1766 esse
398 1705 442 1766 eit
469 1719 577 1764 rerum
601 1703 796 1765 Cretioamm
825 1713 857 1765 et
879 1703 1086 1785 Phrygiarum
1116 1701 1333 1766 confusionem
1362 1713 1394 1765 et
1420 1723 1499 1785 pro-

307 1807 408 1869 iectus
429 1803 469 1868 ab
492 1823 529 1866 eo
552 1803 637 1885 qrmd
660 1805 772 1867 Strabo
795 1805 915 1869 libror
937 1825 970 1888 p.
990 1805 1139 1868 trecas.
1164 1807 1328 1870 nominum
1352 1809 1385 1870 in
1408 1817 1498 1870 utra-

305 1929 368 1991 que
406 1912 536 1989 regione
571 1907 814 1972 similitudinem
842 1911 940 1972 variis
973 1908 1139 1972 erroribus
1167 1912 1362 1974 occasionem
1398 1910 1500 1974 luisse

305 2013 584 2090 demonstraverit,
608 2011 696 2074 unde
719 2023 853 2076 matrem
868 2013 1013 2094 deorum,
1038 2015 1131 2075 cuius
1151 2014 1271 2076 cultum
1288 2013 1401 2076 Strabo
1422 2015 1500 2076 solis

306 2115 483 2198 Phrygibus
505 2117 643 2197 patrium
667 2115 819 2196 vindicet,
852 2125 1013 2198 umquam
1036 2115 1221 2197 indigenam
1243 2118 1412 2180 Cretenses
1434 2117 1499 2179 sibi

304 2219 519 2298 adseruerint,
551 2219 626 2280 hine
648 2220 746 2300 igitur
768 2219 929 2301 proiectus
955 2219 996 2282 ad
1028 2220 1085 2281 has
1106 2221 1352 2284 exclamationes
1372 2220 1500 2284 delabi-

306 2334 369 2402 tur,
406 2321 507 2404 ‘quid,
539 2324 565 2384 si
589 2324 684 2384 etiam
707 2324 822 2386 Simois
850 2323 971 2405 duplex
999 2323 1058 2386 init
1086 2334 1119 2386 et
1146 2322 1331 2405 ambiguum
1360 2329 1502 2386 nornen?

306 2425 402 2507 quid,
438 2427 465 2488 si
495 2445 566 2488 cum
595 2435 695 2488 matre
724 2425 821 2490 deum
848 2429 943 2490 etiam
972 2428 1053 2490 loris
1082 2429 1237 2508 originem
1264 2439 1501 2509 usurpaverant

280 2530 358 2596 tvel
374 2531 542 2592 Cretenses
556 2530 608 2591 vel
626 2529 786 2612 Phryges?
815 2530 907 2593 nobis
922 2539 1007 2593 certe
1030 2541 1094 2593 tem
1116 2519 1223 2612 prona¹
1247 2533 1281 2592 in
1303 2541 1366 2594 tam
1382 2551 1501 2612 cogna-

306 2634 348 2695 tis
370 2632 488 2696 iabulis
508 2633 693 2696 confusione
716 2635 816 2714 magis
839 2635 955 2697 mirum
978 2634 1154 2712 videretur,
1185 2636 1213 2696 si
1240 2653 1303 2696 non
1333 2635 1496 2714 iccisoent,

306 2739 450 2818 quamsi
474 2735 636 2800 iecissent·
667 2737 746 2818 quid
768 2739 891 2800 mullei
915 2739 992 2800 satis
1014 2737 1203 2819 locupletem
1219 2747 1333 2800 testem
1357 2741 1426 2802 eius
1450 2741 1499 2802 rei

307 2841 515 2920 Propertium,
548 2849 611 2902 tarn
639 2839 873 2904 reconditarum
904 2840 1084 2904 ialtularum
1112 2841 1388 2921 investigatorem,
1420 2863 1500 2904 cen-

306 2963 413 3005 semus
433 2953 470 3006 ut
492 2944 606 3006 alienis
629 2945 783 3024 exemplis
805 2964 869 3006 non
893 2945 1064 3025 egeamus!
1111 2945 1143 3005 in
1166 2943 1217 3006 his
1246 2944 1326 3007 illud
1349 2944 1433 3026 quod
1457 2945 1499 3008 de

306 3046 467 3108 Simoente
496 3046 573 3109 dicit
602 3046 757 3110 absonum
785 3057 850 3110 est:
885 3067 957 3110 nam
988 3049 1015 3110 si
1047 3049 1229 3128 Propertius
1254 3051 1384 3110 omnine
1411 3059 1499 3110 recte

306 3150 408 3231 potuit
439 3151 471 3210 in
495 3151 629 3233 Phrygia
652 3151 704 3214 ida
728 3151 809 3213 lovis
837 3151 995 3215 cunabula
1017 3152 1180 3230 collocare,
1212 3151 1352 3233 proiecto
1382 3153 1496 3232 potuit,

306 3251 397 3314 modo
419 3263 492 3334 apte
515 3253 548 3316 id
570 3254 706 3333 iaceret,
738 3273 846 3317 eorum
870 3255 1062 3318 mentionem
1086 3275 1158 3318 cum
1181 3257 1341 3320 Simoente
1364 3257 1500 3318 coniun-

305 3375 382 3434 gere
413 3358 506 3418 etiam
536 3359 563 3420 si
594 3357 702 3420 nullus
731 3359 764 3420 in
795 3359 886 3421 Creta
916 3368 984 3420 erat
1013 3359 1131 3422 fluvius
1159 3360 1215 3440 qui
1246 3359 1287 3420 ita
1321 3357 1495 3421 diceretur.

306 3479 410 3541 neque
435 3469 540 3523 cetera
563 3461 694 3524 meliora
716 3471 801 3526 sunt.
842 3481 914 3524 nam
933 3461 1081 3524 Straboni
1103 3461 1218 3524 tribuit
1240 3481 1324 3542 quae
1344 3462 1497 3524 Demetrii

305 3564 426 3644 Scepsii
455 3575 547 3642 sunt,
586 3565 738 3627 Demetrii
774 3575 880 3628 autem
915 3564 1087 3648 disputatio
1116 3585 1269 3648 quorsum
1304 3568 1498 3647 pertinuerit

305 3667 399 3748 plane
430 3686 492 3730 non
523 3668 697 3748 quaesivit:
731 3672 757 3732 si
785 3671 1012 3751 quaesivisset,
1045 3680 1170 3751 poterat
1196 3689 1231 3732 se
1260 3689 1279 3732 a
1307 3671 1499 3732 coniecturis

305 3769 478 3833 abstinere.
527 3772 643 3834 etenim
674 3771 786 3833 Strabo
816 3774 848 3834 in
878 3775 1041 3836 notissima
1071 3793 1166 3855 quam
1200 3773 1240 3836 de
1270 3772 1435 3838 curetibus
1466 3785 1496 3834 et

304 3873 530 3956 corybantibus
561 3875 699 3938 instituit
720 3874 934 3957 disputatione
965 3877 1043 3940 haee
1072 3878 1158 3940 inter
1179 3877 1238 3938 alia
1268 3873 1389 3954 adieri,
1422 3873 1499 3960 φησὶ

305 3974 339 4041 δὲ
360 3971 450 4042 πάλιν
472 3971 638 4063 ὁΣιιήψιος
660 3977 743 4064 lurp
768 3974 874 4065 Κρήτρ
896 3975 949 4052 τὰς
970 3983 1024 4064 τῆς
1039 3974 1130 4052 Ῥέας
1151 3974 1240 4062 τιμὰς
1262 3973 1302 4064 μὴ
1323 3977 1499 4062 νομίζεσθαι

305 4077 382 4165 μηδὲ
400 4076 624 4167 ἐπιχωριάζειν,
650 4075 914 4166 ὑπεναντιούμενος
932 4087 976 4170 τῷ
997 4087 1050 4148 τοῦ
1068 4078 1231 4169 Εὐριπίδου
1253 4075 1347 4168 λόγῳ,
1373 4077 1436 4146 ἀλλ’
1464 4083 1498 4146 ἐν

303 4187 340 4270 τῇ
365 4182 485 4270 Φρυγίᾳ
507 4179 596 4267 μόνον
618 4179 670 4248 rol
690 4190 728 4271 τῇ
748 4177 883 4272 Τρῳάδι,
906 4182 975 4259 τοὺς
998 4185 1033 4251 δὲ
1050 4186 1192 4271 λέγοντος
1215 4185 1389 4270 μυθολογεῖν
1413 4189 1497 4269 pril-

304 4289 357 4350 λον
378 4279 401 4371 ἢ
424 4287 560 4372 ἱστορεῖν,
590 4283 662 4373 πρὸς
684 4293 771 4353 reiro
794 4285 901 4353 δὲκαὶ
929 4285 1063 4376 τὴντῶν
1086 4284 1387 4373 τόπονὸρονορίον
1414 4313 1499 4374 σορ-

303 4391 413 4475 ιιρᾶξοι
433 4387 525 4476 τοχόν
547 4387 619 4463 ioue
642 4385 758 4465 αὐτοῖς·
791 4384 856 4478 Ἴδη
879 4389 937 4479 γὰρ
964 4390 998 4458 τὸ
1021 4385 1090 4480 ὅρος
1113 4388 1147 4458 τό
1169 4417 1202 4458 τε
1223 4386 1358 4478 Τρωικὸν
1388 4389 1440 4456 trel
1464 4391 1499 4458 τὸ

305 4488 468 4580 lipparem,
497 4491 549 4560 rol
572 4491 662 4580 Δίκτη
685 4489 774 4568 τόπος
804 4495 835 4559 ἐν
858 4500 894 4583 τῇ
919 4495 1039 4584 bentley
1065 4495 1117 4562 καὶ
1138 4487 1207 4583 ὅρος
1230 4496 1262 4560 ἐν
1286 4487 1410 4581 Κρήτῃ·
1442 4502 1500 4584 τῆς
