3204 5104
374 402 465 466 lnnrx
486 423 653 466 nrcrrourn
676 422 853 466 nnsrrvnuru
875 406 968 465 ⁴866.
1000 379 1005 390 ’
1192 388 1266 462 333

94 595 120 654 in
140 595 205 656 eliis
226 593 317 654 libris
336 592 515 675 fortitudine
531 601 626 655 estet
644 591 816 671 disponitur
830 593 882 654 vel
897 594 1110 674 disponuntur.
1150 613 1266 675 operae

26 687 29 698 '
95 697 217 776 pretium
239 715 301 758 non
325 707 373 758 est
388 713 539 757 enarrare
556 693 712 775 quomodo
734 694 879 757 homines
901 694 983 756 docti
1001 697 1078 758 bueo
1094 696 1265 760 emendare

93 798 259 860 laborarint.
307 796 514 860 scribendum
536 816 606 859 esse
621 794 751 859 videtur
773 815 840 859 nari
863 817 952 860 rouro
975 819 1046 861 roas
1069 818 1177 861 cuorus
1200 800 1265 862 dis-

91 905 174 980 ponit,
205 919 287 964 mors
310 919 410 963 omnes
433 917 526 981 cepere
548 906 644 961 vocat.
692 909 844 961 secuntur
867 901 960 978 baec,
994 903 1085 963 iratis
1114 901 1161 964 dis
1188 919 1265 982 prc-

89 1006 215 1086 pitiisqae
242 1004 430 1066 merierednm
459 1009 514 1064 est.
560 1003 681 1064 animus
711 1020 753 1063 ecc
781 1005 849 1083 ipsa
879 1003 1087 1084 desperatione
1108 1012 1261 1066 sumator.

91 1109 275 1188 synoensima
303 1107 468 1184 animatia,
502 1123 579 1185 qnae
606 1111 723 1166 natura
750 1105 791 1166 ad
810 1104 918 1188 sapam
938 1109 1055 1187 penuit,
1086 1106 1140 1168 ubi
1160 1109 1263 1170 cecitas

90 1218 253 1291 conputet,
285 1217 430 1290 temptant
454 1226 592 1290 poprium
618 1225 744 1288 corpore
772 1207 887 1270 inbelli.
938 1209 1042 1270 nntius
1061 1211 1263 1289 perniciosior

88 1309 166 1374 iestis
195 1321 239 1375 est
265 1331 357 1393 pram
383 1330 469 1393 mrem
492 1309 637 1372 audacem
660 1311 819 1392 anpustiae
842 1311 963 1391 faciunt
983 1312 1125 1394 lcnpeqne
1147 1313 1262 1374 uiolen-

88 1416 138 1475 tius
167 1434 284 1496 semper
313 1433 356 1476 eae
384 1415 560 1476 necessitate
588 1431 679 1494 picam
706 1432 748 1474 eor
774 1416 886 1475 uirmte
914 1415 1071 1476 corruitur
1101 1421 1154 1476 unt
1182 1423 1262 1476 certe

84 1519 167 1596 paria
187 1525 314 1580 conatur
336 1518 458 1579 animos
484 1535 612 1599 mcpnns
634 1535 671 1578 oc
689 1516 840 1595 perditus.
887 1515 980 1595 vulgo
1003 1515 1120 1596 legitur
1141 1520 1261 1579 maiora

87 1627 134 1680 ant
157 1629 235 1682 certe
259 1623 373 1702 paria:
404 1618 462 1681 sed
492 1621 611 1681 maibrc
639 1619 789 1682 omissum
819 1626 867 1679 est
896 1620 928 1678 in
959 1616 1041 1680 libro
1062 1620 1260 1682 Berolinensi

86 1731 222 1804 recteque
244 1722 285 1785 ab
308 1724 418 1785 Haasio
441 1722 610 1784 seclusum.
657 1739 768 1783 verum
798 1721 884 1802 quod
906 1721 1067 1784 antecedit
1089 1724 1257 1800 corruitur,

86 1826 226 1906 scripturn
249 1827 292 1888 ita
314 1827 347 1886 in
370 1825 568 1888 Berolinensi
591 1825 725 1904 aliisque
748 1824 856 1903 libris,
889 1843 960 1886 cum
983 1827 1162 1886 neccssaria
1184 1844 1260 1888 sen-

85 1929 171 1988 tentia
193 1947 255 1990 non
279 1929 379 2008 magis
400 1929 546 2008 congruit
561 1945 656 2007 quern
672 1925 756 2007 quod
773 1927 827 1988 alii
849 1927 924 1988 libri
947 1923 1066 1988 habent
1080 1929 1256 2010 corripitur,

83 2029 134 2090 boc
153 2041 256 2093 autern
279 2049 296 2092 a
320 2049 395 2091 vero
417 2030 522 2110 paullo
544 2029 676 2110 propius
697 2028 804 2091 abest:
834 2029 999 2108 scripsisse
1022 2029 1108 2092 enim
1129 2029 1259 2093 videtur

84 2131 192 2194 Seneca
214 2151 419 2196 comessura.

157 2235 248 2297 Libro
263 2254 298 2296 ru
314 2253 384 2316 cap.
403 2235 421 2294 5
445 2253 576 2316 prorsus
591 2235 702 2296 vitiosa
725 2253 836 2296 secure
859 2244 1098 2296 conserventur.
1146 2236 1258 2298 occuito

81 2337 151 2398 enim
172 2341 278 2400 itinere
300 2337 381 2400 subit
402 2345 504 2400 terras
526 2345 555 2399 et
572 2337 679 2418 potam
701 2337 800 2411 venit,
825 2344 937 2399 secreto
959 2338 1142 2414 revertitur,
1174 2339 1258 2400 ector

80 2445 177 2520 turcae
192 2443 222 2502 in
238 2443 372 2504 transitu
387 2459 484 2502 mare.
532 2440 658 2520 scripsit
674 2441 794 2502 Seneca
817 2440 927 2502 occulto
950 2441 1028 2502 enim
1050 2441 1157 2502 itinere
1178 2440 1260 2505 subit

80 2549 171 2605 terres
197 2551 362 2606 circinus
389 2562 471 2604 rums
498 2561 631 2604 mensus
666 2544 832 2604 revertitur
859 2543 1034 2623 colaturqne
1063 2545 1094 2605 in
1123 2547 1258 2606 transitu

80 2661 165 2706 mare.

155 2747 272 2811 Eodem
300 2747 383 2809 libro
411 2766 480 2827 cap.
508 2748 544 2808 ⁴³
577 2747 688 2808 Thales
716 2745 834 2810 dicitnr
862 2765 975 2826 aquam
1004 2747 1256 2810 valentissimum

79 2858 196 2926 putasse
218 2852 430 2913 elementum:
460 2850 516 2912 boc
534 2849 633 2931 [unse
651 2851 788 2929 primum
806 2857 912 2930 potat,
938 2869 980 2912 ecc
1002 2849 1056 2911 boc
1077 2853 1256 2914 surreoeisse

77 2955 177 3015 omniu
225 2953 279 3015 sed
300 2972 355 3015 nos
377 2970 491 3033 qnopae
513 2959 567 3013 out
589 2953 621 3013 in
643 2951 747 3014 eadem
769 2955 917 3015 sententio
938 2955 1046 3014 autin
1067 2953 1177 3014 ultima
1191 2955 1255 3020 eries

77 3071 182 3118 snmus.
230 3055 360 3117 dicimus
389 3055 467 3116 enim
496 3057 594 3137 ipnem
622 3073 687 3117 esse
715 3057 767 3135 qai
794 3063 914 3136 ecmrpet
942 3055 1088 3118 mundum
1117 3063 1146 3117 et
1170 3056 1202 3116 in
1224 3074 1256 3117 se

76 3166 174 3220 concta
195 3165 369 3221 convertat:
399 3157 479 3220 bunc
502 3157 664 3218 evanidam
687 3157 842 3219 considere
868 3165 895 3219 et
917 3157 994 3219 nibit
1015 3158 1149 3237 relinqui
1169 3157 1256 3218 aliud

76 3259 103 3318 in
124 3279 226 3322 rerum
246 3268 363 3323 notura
384 3262 453 3343 ipne
474 3263 616 3322 restincto
637 3277 727 3340 quom
742 3278 895 3321 umorem:
922 3262 953 3320 in
967 3259 1021 3320 boc
1032 3258 1136 3340 futuri
1149 3260 1257 3320 mundi

75 3377 149 3439 spe-m
170 3363 275 3425 tatere.
307 3353 367 3425 'ita
389 3365 468 3444 ipnis
491 3365 593 3424 escitns
616 3362 738 3440 mnndi,
763 3381 851 3424 umor
870 3362 1086 3443 primordium.
1134 3362 1254 3424 insulse

73 3461 185 3526 dictum
207 3485 277 3528 esse
301 3467 332 3526 in
354 3465 462 3528 ultima
484 3467 549 3526 eius
573 3483 664 3526 nemo
687 3465 818 3544 negabit
840 3465 896 3545 qui
918 3464 1059 3544 paullum
1081 3463 1255 3526 attenderit

73 3568 221 3630 animum:
252 3587 324 3630 narn
348 3569 434 3629 nulla
457 3568 567 3629 ultima
590 3585 664 3647 pars
685 3568 862 3630 sententiae
885 3566 1047 3648 prioribus
1069 3567 1251 3647 opponitur.

73 3668 203 3733 suboluit
232 3672 345 3733 vitium
369 3672 521 3732 Grutero:
555 3671 609 3751 qui
640 3689 712 3732 cum
741 3671 774 3730 in
799 3670 936 3732 Palatino
966 3669 1047 3731 libro
1078 3670 1254 3732 invenisset

72 3780 122 3834 ant
148 3776 177 3835 in
206 3774 311 3836 ecdem
340 3776 488 3836 sententio
517 3775 581 3835 eins
610 3781 665 3834 ant
692 3773 725 3834 in
753 3773 863 3834 ultima
891 3791 1013 3847 snmus,
1046 3768 1252 3834 scribendum

71 3876 195 3938 coniecit
211 3886 266 3939 ant
281 3879 312 3940 in
327 3879 429 3940 vicmo
444 3894 564 3950 sumus,
591 3894 662 3936 mox
677 3885 784 3936 antem
807 3875 840 3936 id
863 3875 973 3936 reiecit
996 3883 1027 3936 et
1051 3877 1083 3934 in
1103 3873 1253 3936 absurdis

71 3975 239 4057 adquievit.
286 3981 374 4059 atqui
403 3979 488 4040 houd
518 3976 615 4040 dubie
644 3977 706 4039 tale
736 3979 913 4058 requiritur
939 3976 1128 4040 vocabulum
1158 3977 1252 4056 quale

72 4081 166 4142 ricino
179 4092 237 4144 est.
284 4080 342 4144 sed
359 4083 390 4142 in
405 4081 513 4142 ultima
535 4083 599 4141 eius
623 4079 701 4142 illud
724 4081 828 4142 lenius
843 4090 874 4143 et
889 4079 1000 4140 scitius
1015 4079 1251 4142 emendandum

70 4191 124 4242 cst.
167 4194 315 4264 putamus
338 4167 499 4246 Senecam¹
521 4183 685 4261 scripsisse
716 4183 769 4244 sed
797 4201 852 4244 nos
883 4200 996 4263 qnoque
1017 4190 1072 4244 cat
1095 4181 1251 4242 incudem

69 4289 210 4348 sententio
237 4293 290 4349 ant
318 4288 349 4347 in
372 4305 473 4348 cirrus
495 4303 524 4346 ru
547 4303 663 4348 somus.
711 4285 808 4346 citimi
831 4284 1019 4347 vocabulum
1043 4285 1075 4344 in
1099 4285 1146 4346 eis
1168 4301 1250 4363 qnae

69 4385 157 4450 bodie
179 4399 287 4451 extant
309 4398 455 4451 veterum
478 4388 605 4468 scriptis
628 4407 691 4449 non
714 4406 809 4468 saepe
832 4389 960 4468 legitur.
1006 4395 1251 4449 commemorant

68 4489 142 4552 ittud
169 4493 380 4572 grammatici,
417 4492 536 4553 Nonius
566 4510 598 4571 p.
630 4491 682 4568 85,
720 4491 833 4554 Paulus
862 4511 894 4572 p.
930 4491 969 4553 42
999 4491 1053 4567 bb,
1088 4488 1250 4550 Charisius
