<?xml version="1.0" encoding="UTF-8"?>
<!DOCTYPE html PUBLIC "-//W3C//DTD XHTML 1.0 Transitional//EN"
    "http://www.w3.org/TR/xhtml1/DTD/xhtml1-transitional.dtd">
<html xmlns="http://www.w3.org/1999/xhtml" xml:lang="en" lang="en">
 <head>
  <title>
</title>
<meta http-equiv="Content-Type" content="text/html;charset=utf-8" />
  <meta name='ocr-system' content='tesseract 3.04.00' />
  <meta name='ocr-capabilities' content='ocr_page ocr_carea ocr_par ocr_line ocrx_word'/>
</head>
<body>
  <div class='ocr_page' id='page_1' title='image "./mavriciihavptii00haupgoog/mavriciihavptii00haupgoog_0464.png"; bbox 0 0 3240 5094; ppageno 0'>
   <div class='ocr_carea' id='block_1_1' title="bbox 166 1279 1257 1384">
    <p class='ocr_par' dir='ltr' id='par_1_1' title="bbox 166 1279 1257 1384">
     <span class='ocr_line' id='line_1_1' title="bbox 166 1279 1257 1384; baseline -0.002 0"><span class='ocrx_word' id='word_1_1' title='bbox 166 1283 348 1384; x_wconf 80' lang='lat' dir='ltr'>INDEX</span> <span class='ocrx_word' id='word_1_2' title='bbox 378 1280 697 1381; x_wconf 79' lang='lat' dir='ltr'><strong>tuctlcltvu</strong></span> <span class='ocrx_word' id='word_1_3' title='bbox 727 1279 1096 1380; x_wconf 79' lang='lat' dir='ltr'><strong>nusttvnuvtt</strong></span> <span class='ocrx_word' id='word_1_4' title='bbox 1131 1289 1257 1382; x_wconf 81' lang='lat'><strong>1872.</strong></span> 
     </span>
    </p>
   </div>
   <div class='ocr_carea' id='block_1_2' title="bbox 307 1548 1122 1646">
    <p class='ocr_par' dir='ltr' id='par_1_2' title="bbox 307 1548 1122 1646">
     <span class='ocr_line' id='line_1_2' title="bbox 307 1548 1122 1646; baseline -0.001 0"><span class='ocrx_word' id='word_1_5' title='bbox 307 1582 508 1646; x_wconf 80' lang='lat' dir='ltr'><strong>vnurluvu</strong></span> <span class='ocrx_word' id='word_1_6' title='bbox 537 1583 760 1645; x_wconf 81' lang='lat' dir='ltr'><strong>uuorronvu</strong></span> <span class='ocrx_word' id='word_1_7' title='bbox 790 1548 930 1644; x_wconf 76' lang='lat' dir='ltr'><strong>curun</strong></span> <span class='ocrx_word' id='word_1_8' title='bbox 960 1583 1122 1645; x_wconf 85' lang='lat' dir='ltr'><strong>surruu.</strong></span> 
     </span>
    </p>
   </div>
   <div class='ocr_carea' id='block_1_3' title="bbox 115 1752 1339 4710">
    <p class='ocr_par' dir='ltr' id='par_1_3' title="bbox 115 1752 1339 4710">
     <span class='ocr_line' id='line_1_3' title="bbox 204 1752 1193 1836; baseline -0.003 -17"><span class='ocrx_word' id='word_1_9' title='bbox 204 1759 229 1819; x_wconf 93' lang='lat' dir='ltr'><strong>l.</strong></span> <span class='ocrx_word' id='word_1_10' title='bbox 254 1756 462 1820; x_wconf 79' lang='lat' dir='ltr'><strong>Archilochus</strong></span> <span class='ocrx_word' id='word_1_11' title='bbox 485 1755 518 1816; x_wconf 93' lang='lat' dir='ltr'><strong>in</strong></span> <span class='ocrx_word' id='word_1_12' title='bbox 541 1755 667 1817; x_wconf 84' lang='lat' dir='ltr'><strong>loannis</strong></span> <span class='ocrx_word' id='word_1_13' title='bbox 689 1753 815 1818; x_wconf 80' lang='lat' dir='ltr'><strong>Stohnei</strong></span> <span class='ocrx_word' id='word_1_14' title='bbox 838 1752 1023 1836; x_wconf 79' lang='lat' dir='ltr'><strong>huthologio</strong></span> <span class='ocrx_word' id='word_1_15' title='bbox 1046 1774 1132 1817; x_wconf 79' lang='lat' dir='ltr'><strong>oxxrr</strong></span> <span class='ocrx_word' id='word_1_16' title='bbox 1153 1755 1193 1816; x_wconf 84' lang='lat'><strong>30</strong></span> 
     </span>
     <span class='ocr_line' id='line_1_4' title="bbox 248 1851 1105 1944; baseline -0.004 -22"><span class='ocrx_word' id='word_1_17' title='bbox 248 1854 345 1944; x_wconf 78' lang='grc' dir='ltr'>κήδεα</span> <span class='ocrx_word' id='word_1_18' title='bbox 368 1855 421 1942; x_wconf 77' lang='grc' dir='ltr'><strong>μέν</strong></span> <span class='ocrx_word' id='word_1_19' title='bbox 444 1851 620 1934; x_wconf 81' lang='grc' dir='ltr'>στονόεντα,</span> <span class='ocrx_word' id='word_1_20' title='bbox 645 1853 824 1942; x_wconf 84' lang='grc' dir='ltr'>Περίκλεες,</span> <span class='ocrx_word' id='word_1_21' title='bbox 849 1851 919 1920; x_wconf 80' lang='grc' dir='ltr'>οὐδέ</span> <span class='ocrx_word' id='word_1_22' title='bbox 940 1879 984 1929; x_wconf 85' lang='grc' dir='ltr'>τις</span> <span class='ocrx_word' id='word_1_23' title='bbox 1007 1853 1105 1921; x_wconf 81' lang='grc' dir='ltr'>ἀστῶν</span> 
     </span>
     <span class='ocr_line' id='line_1_5' title="bbox 293 1954 1007 2047; baseline -0.004 -21"><span class='ocrx_word' id='word_1_24' title='bbox 293 1955 483 2047; x_wconf 82' lang='grc' dir='ltr'>μεμφόμενος</span> <span class='ocrx_word' id='word_1_25' title='bbox 506 1959 616 2046; x_wconf 78' lang='grc' dir='ltr'><strong>θαλίῃς</strong></span> <span class='ocrx_word' id='word_1_26' title='bbox 636 1959 777 2046; x_wconf 81' lang='grc' dir='ltr'>τέρψεται</span> <span class='ocrx_word' id='word_1_27' title='bbox 798 1955 869 2024; x_wconf 74' lang='grc' dir='ltr'>οὐδὲ</span> <span class='ocrx_word' id='word_1_28' title='bbox 890 1954 1007 2032; x_wconf 88' lang='grc' dir='ltr'>πότοις·</span> 
     </span>
     <span class='ocr_line' id='line_1_6' title="bbox 247 2057 1133 2150; baseline -0.002 -20"><span class='ocrx_word' id='word_1_29' title='bbox 247 2063 346 2136; x_wconf 82' lang='grc' dir='ltr'>τοίους</span> <span class='ocrx_word' id='word_1_30' title='bbox 367 2059 425 2149; x_wconf 78' lang='grc' dir='ltr'><strong>γὰρ</strong></span> <span class='ocrx_word' id='word_1_31' title='bbox 448 2060 526 2129; x_wconf 87' lang='grc' dir='ltr'><strong>κοτά</strong></span> <span class='ocrx_word' id='word_1_32' title='bbox 547 2067 628 2147; x_wconf 81' lang='grc' dir='ltr'>κῦμα</span> <span class='ocrx_word' id='word_1_33' title='bbox 649 2061 882 2150; x_wconf 79' lang='grc' dir='ltr'>πολυφλοίσβοιο</span> <span class='ocrx_word' id='word_1_34' title='bbox 904 2057 1061 2148; x_wconf 78' lang='grc' dir='ltr'>θαλάσσης</span> <span class='ocrx_word' id='word_1_35' title='bbox 1132 2063 1133 2066; x_wconf 60' lang='grc'>’</span> 
     </span>
     <span class='ocr_line' id='line_1_7' title="bbox 292 2161 1035 2254; baseline 0.001 -24"><span class='ocrx_word' id='word_1_36' title='bbox 292 2165 433 2246; x_wconf 79' lang='grc' dir='ltr'>ἔκλυσεν,</span> <span class='ocrx_word' id='word_1_37' title='bbox 459 2166 616 2238; x_wconf 85' lang='grc' dir='ltr'>οίδαλέους</span> <span class='ocrx_word' id='word_1_38' title='bbox 639 2161 665 2229; x_wconf 84' lang='grc' dir='ltr'><strong>δ’</strong></span> <span class='ocrx_word' id='word_1_39' title='bbox 691 2161 768 2252; x_wconf 83' lang='grc' dir='ltr'>ἀμφ’</span> <span class='ocrx_word' id='word_1_40' title='bbox 795 2161 903 2252; x_wconf 74' lang='grc' dir='ltr'>ἀδόνρς</span> <span class='ocrx_word' id='word_1_41' title='bbox 925 2165 1035 2254; x_wconf 84' lang='grc' dir='ltr'>ἔχομεν</span> 
     </span>
     <span class='ocr_line' id='line_1_8' title="bbox 248 2263 1089 2355; baseline 0 -21"><span class='ocrx_word' id='word_1_42' title='bbox 248 2265 434 2355; x_wconf 85' lang='grc' dir='ltr'>πνεόμονας·</span> <span class='ocrx_word' id='word_1_43' title='bbox 459 2265 538 2335; x_wconf 86' lang='grc' dir='ltr'><strong>ἀλλά</strong></span> <span class='ocrx_word' id='word_1_44' title='bbox 560 2265 627 2333; x_wconf 83' lang='grc' dir='ltr'>θεοί</span> <span class='ocrx_word' id='word_1_45' title='bbox 648 2265 706 2355; x_wconf 77' lang='grc' dir='ltr'><strong>γὰρ</strong></span> <span class='ocrx_word' id='word_1_46' title='bbox 729 2263 919 2353; x_wconf 76' lang='grc' dir='ltr'>ἀνηκέστοισι</span> <span class='ocrx_word' id='word_1_47' title='bbox 941 2271 1089 2348; x_wconf 85' lang='grc' dir='ltr'>κακοῖσιν,</span> 
     </span>
     <span class='ocr_line' id='line_1_9' title="bbox 294 2365 1007 2460; baseline 0.001 -24"><span class='ocrx_word' id='word_1_48' title='bbox 294 2365 320 2436; x_wconf 75' lang='grc' dir='ltr'><strong>α’)</strong></span> <span class='ocrx_word' id='word_1_49' title='bbox 342 2369 422 2460; x_wconf 84' lang='grc' dir='ltr'>φίλ’,</span> <span class='ocrx_word' id='word_1_50' title='bbox 447 2370 496 2437; x_wconf 86' lang='grc' dir='ltr'><strong>ἐπί</strong></span> <span class='ocrx_word' id='word_1_51' title='bbox 517 2368 663 2458; x_wconf 76' lang='grc' dir='ltr'>κρατερὴν</span> <span class='ocrx_word' id='word_1_52' title='bbox 686 2367 874 2458; x_wconf 84' lang='grc' dir='ltr'>τλημυσόνην</span> <span class='ocrx_word' id='word_1_53' title='bbox 897 2371 1007 2438; x_wconf 82' lang='grc' dir='ltr'>ἔθεσαν</span> 
     </span>
     <span class='ocr_line' id='line_1_10' title="bbox 251 2466 1187 2564; baseline 0 -22"><span class='ocrx_word' id='word_1_54' title='bbox 251 2472 426 2564; x_wconf 79' lang='grc' dir='ltr'>φάρμακον·</span> <span class='ocrx_word' id='word_1_55' title='bbox 445 2468 553 2541; x_wconf 85' lang='grc' dir='ltr'>ἀλλοτε</span> <span class='ocrx_word' id='word_1_56' title='bbox 569 2471 596 2540; x_wconf 82' lang='grc' dir='ltr'><strong>δ’</strong></span> <span class='ocrx_word' id='word_1_57' title='bbox 617 2466 708 2548; x_wconf 86' lang='grc' dir='ltr'>ἀλλος</span> <span class='ocrx_word' id='word_1_58' title='bbox 723 2471 789 2561; x_wconf 82' lang='grc' dir='ltr'>ἔχει</span> <span class='ocrx_word' id='word_1_59' title='bbox 803 2471 890 2541; x_wconf 85' lang='grc' dir='ltr'>τόδε·</span> <span class='ocrx_word' id='word_1_60' title='bbox 907 2480 957 2540; x_wconf 77' lang='grc' dir='ltr'><strong>νῦν</strong></span> <span class='ocrx_word' id='word_1_61' title='bbox 975 2473 1028 2561; x_wconf 82' lang='grc' dir='ltr'><strong>μέν</strong></span> <span class='ocrx_word' id='word_1_62' title='bbox 1043 2477 1075 2550; x_wconf 78' lang='grc' dir='ltr'><strong>ές</strong></span> <span class='ocrx_word' id='word_1_63' title='bbox 1090 2471 1187 2562; x_wconf 79' lang='grc' dir='ltr'>ἡμέας</span> 
     </span>
     <span class='ocr_line' id='line_1_11' title="bbox 294 2573 1017 2667; baseline -0.003 -23"><span class='ocrx_word' id='word_1_64' title='bbox 294 2576 451 2667; x_wconf 68' lang='grc' dir='ltr'>ἐτράπεθ’,</span> <span class='ocrx_word' id='word_1_65' title='bbox 477 2573 620 2664; x_wconf 78' lang='grc' dir='ltr'>αἱματόεν</span> <span class='ocrx_word' id='word_1_66' title='bbox 644 2573 668 2642; x_wconf 87' lang='grc' dir='ltr'><strong>δ’</strong></span> <span class='ocrx_word' id='word_1_67' title='bbox 696 2579 782 2651; x_wconf 74' lang='grc' dir='ltr'>ἕλκος</span> <span class='ocrx_word' id='word_1_68' title='bbox 805 2574 1017 2664; x_wconf 85' lang='grc' dir='ltr'>ἀναστένορεν,</span> 
     </span>
     <span class='ocr_line' id='line_1_12' title="bbox 251 2677 1052 2769; baseline -0.002 -21"><span class='ocrx_word' id='word_1_69' title='bbox 251 2683 366 2756; x_wconf 73' lang='grc' dir='ltr'>ἐξαῦτις</span> <span class='ocrx_word' id='word_1_70' title='bbox 389 2678 417 2746; x_wconf 83' lang='grc' dir='ltr'><strong>δ’</strong></span> <span class='ocrx_word' id='word_1_71' title='bbox 444 2683 563 2769; x_wconf 83' lang='grc' dir='ltr'>ἑτέρους</span> <span class='ocrx_word' id='word_1_72' title='bbox 585 2680 799 2768; x_wconf 84' lang='grc' dir='ltr'>έπαρείψεται·</span> <span class='ocrx_word' id='word_1_73' title='bbox 825 2677 904 2746; x_wconf 85' lang='grc' dir='ltr'><strong>ἀλλά</strong></span> <span class='ocrx_word' id='word_1_74' title='bbox 924 2678 1052 2769; x_wconf 81' lang='grc' dir='ltr'>τάχιστα</span> 
     </span>
     <span class='ocr_line' id='line_1_13' title="bbox 294 2780 930 2871; baseline -0.003 -20"><span class='ocrx_word' id='word_1_75' title='bbox 294 2789 382 2871; x_wconf 83' lang='grc' dir='ltr'>τλῆτε</span> <span class='ocrx_word' id='word_1_76' title='bbox 403 2786 573 2871; x_wconf 77' lang='grc' dir='ltr'>γυναικεῖον</span> <span class='ocrx_word' id='word_1_77' title='bbox 594 2784 704 2856; x_wconf 85' lang='grc' dir='ltr'>πένθος</span> <span class='ocrx_word' id='word_1_78' title='bbox 727 2780 930 2869; x_wconf 78' lang='grc' dir='ltr'>ἀπωσάμενοι.</span> 
     </span>
     <span class='ocr_line' id='line_1_14' title="bbox 115 2884 1313 2972; baseline 0 -18"><span class='ocrx_word' id='word_1_79' title='bbox 115 2893 291 2955; x_wconf 81' lang='lat' dir='ltr'><strong>verissime</strong></span> <span class='ocrx_word' id='word_1_80' title='bbox 313 2890 466 2972; x_wconf 86' lang='lat' dir='ltr'>Iosephus</span> <span class='ocrx_word' id='word_1_81' title='bbox 488 2890 629 2970; x_wconf 79' lang='lat' dir='ltr'><strong>Scaliger</strong></span> <span class='ocrx_word' id='word_1_82' title='bbox 658 2891 690 2950; x_wconf 94' lang='lat' dir='ltr'><strong>in</strong></span> <span class='ocrx_word' id='word_1_83' title='bbox 713 2889 812 2951; x_wconf 83' lang='lat' dir='ltr'><strong>altero</strong></span> <span class='ocrx_word' id='word_1_84' title='bbox 834 2909 931 2952; x_wconf 86' lang='lat' dir='ltr'><strong>versu</strong></span> <span class='ocrx_word' id='word_1_85' title='bbox 952 2884 1039 2961; x_wconf 87' lang='grc' dir='ltr'>πόλις</span> <span class='ocrx_word' id='word_1_86' title='bbox 1062 2892 1095 2952; x_wconf 92' lang='lat' dir='ltr'><strong>iu</strong></span> <span class='ocrx_word' id='word_1_87' title='bbox 1117 2884 1218 2961; x_wconf 88' lang='grc' dir='ltr'>πότοις</span> <span class='ocrx_word' id='word_1_88' title='bbox 1242 2909 1313 2954; x_wconf 91' lang='lat' dir='ltr'><strong>mu-</strong></span> 
     </span>
     <span class='ocr_line' id='line_1_15' title="bbox 118 2990 1311 3077; baseline -0.002 -20"><span class='ocrx_word' id='word_1_89' title='bbox 118 2997 210 3058; x_wconf 85' lang='lat' dir='ltr'><strong>tavit.</strong></span> <span class='ocrx_word' id='word_1_90' title='bbox 265 2993 322 3056; x_wconf 92' lang='lat' dir='ltr'><strong>sed</strong></span> <span class='ocrx_word' id='word_1_91' title='bbox 351 2990 548 3077; x_wconf 81' lang='grc' dir='ltr'>μεμνόμενος·</span> <span class='ocrx_word' id='word_1_92' title='bbox 565 2994 635 3054; x_wconf 90' lang='lat' dir='ltr'><strong>eius</strong></span> <span class='ocrx_word' id='word_1_93' title='bbox 664 2991 838 3054; x_wconf 84' lang='lat' dir='ltr'><strong>herbarum</strong></span> <span class='ocrx_word' id='word_1_94' title='bbox 866 2993 937 3055; x_wconf 88' lang='lat' dir='ltr'><strong>iure</strong></span> <span class='ocrx_word' id='word_1_95' title='bbox 968 2993 1050 3056; x_wconf 85' lang='lat' dir='ltr'><strong>dixit</strong></span> <span class='ocrx_word' id='word_1_96' title='bbox 1079 2994 1249 3056; x_wconf 85' lang='lat' dir='ltr'><strong>Elmsleius</strong></span> <span class='ocrx_word' id='word_1_97' title='bbox 1279 2996 1311 3055; x_wconf 94' lang='lat' dir='ltr'><strong>in</strong></span> 
     </span>
     <span class='ocr_line' id='line_1_16' title="bbox 115 3090 1313 3182; baseline -0.001 -22"><span class='ocrx_word' id='word_1_98' title='bbox 115 3095 280 3160; x_wconf 83' lang='lat' dir='ltr'><strong>Gaisiordi</strong></span> <span class='ocrx_word' id='word_1_99' title='bbox 304 3098 406 3158; x_wconf 88' lang='lat' dir='ltr'><strong>Poetis</strong></span> <span class='ocrx_word' id='word_1_100' title='bbox 435 3094 612 3158; x_wconf 92' lang='lat' dir='ltr'><strong>minorihus</strong></span> <span class='ocrx_word' id='word_1_101' title='bbox 634 3105 657 3156; x_wconf 87' lang='lat' dir='ltr'><strong>t.</strong></span> <span class='ocrx_word' id='word_1_102' title='bbox 684 3113 718 3156; x_wconf 89' lang='lat' dir='ltr'><strong>ru</strong></span> <span class='ocrx_word' id='word_1_103' title='bbox 740 3115 773 3176; x_wconf 89' lang='lat' dir='ltr'><strong>p.</strong></span> <span class='ocrx_word' id='word_1_104' title='bbox 799 3097 838 3157; x_wconf 80' lang='lat'><strong>90</strong></span> <span class='ocrx_word' id='word_1_105' title='bbox 863 3098 949 3182; x_wconf 86' lang='lat' dir='ltr'><strong>Llps.¹</strong></span> <span class='ocrx_word' id='word_1_106' title='bbox 980 3096 1066 3158; x_wconf 84' lang='lat' dir='ltr'><strong>idem</strong></span> <span class='ocrx_word' id='word_1_107' title='bbox 1094 3116 1166 3158; x_wconf 91' lang='lat' dir='ltr'><strong>oum</strong></span> <span class='ocrx_word' id='word_1_108' title='bbox 1190 3090 1313 3181; x_wconf 81' lang='grc' dir='ltr'>μεμφό-</span> 
     </span>
     <span class='ocr_line' id='line_1_17' title="bbox 118 3197 1314 3284; baseline 0 -22"><span class='ocrx_word' id='word_1_109' title='bbox 118 3223 210 3284; x_wconf 81' lang='grc' dir='ltr'>μενος</span> <span class='ocrx_word' id='word_1_110' title='bbox 234 3201 357 3280; x_wconf 83' lang='lat' dir='ltr'><strong>putavit</strong></span> <span class='ocrx_word' id='word_1_111' title='bbox 380 3219 451 3262; x_wconf 85' lang='lat' dir='ltr'><strong>esse</strong></span> <span class='ocrx_word' id='word_1_112' title='bbox 473 3197 597 3278; x_wconf 78' lang='lat' dir='ltr'><strong>muling</strong></span> <span class='ocrx_word' id='word_1_113' title='bbox 620 3197 695 3282; x_wconf 78' lang='lat' dir='ltr'><strong>liyht</strong></span> <span class='ocrx_word' id='word_1_114' title='bbox 715 3197 756 3280; x_wconf 83' lang='lat' dir='ltr'><strong>os,</strong></span> <span class='ocrx_word' id='word_1_115' title='bbox 782 3199 1023 3279; x_wconf 77' lang='lat' dir='ltr'><strong>explicationem</strong></span> <span class='ocrx_word' id='word_1_116' title='bbox 1046 3198 1138 3261; x_wconf 89' lang='lat' dir='ltr'><strong>verbi</strong></span> <span class='ocrx_word' id='word_1_117' title='bbox 1162 3201 1314 3263; x_wconf 77' lang='lat' dir='ltr'><strong>confinxit</strong></span> 
     </span>
     <span class='ocr_line' id='line_1_18' title="bbox 116 3300 1315 3384; baseline -0.001 -19"><span class='ocrx_word' id='word_1_118' title='bbox 116 3301 356 3367; x_wconf 83' lang='lat' dir='ltr'><strong>incredibilem.</strong></span> <span class='ocrx_word' id='word_1_119' title='bbox 397 3321 470 3363; x_wconf 82' lang='lat' dir='ltr'><strong>nom</strong></span> <span class='ocrx_word' id='word_1_120' title='bbox 492 3320 660 3384; x_wconf 84' lang='lat' dir='ltr'><strong>possumus</strong></span> <span class='ocrx_word' id='word_1_121' title='bbox 682 3300 805 3383; x_wconf 85' lang='lat' dir='ltr'><strong>aliquid</strong></span> <span class='ocrx_word' id='word_1_122' title='bbox 827 3303 870 3362; x_wconf 85' lang='lat' dir='ltr'><strong>ite</strong></span> <span class='ocrx_word' id='word_1_123' title='bbox 887 3301 1125 3384; x_wconf 88' lang='lat' dir='ltr'><strong>reprehendere</strong></span> <span class='ocrx_word' id='word_1_124' title='bbox 1148 3313 1184 3364; x_wconf 95' lang='lat' dir='ltr'><strong>ut</strong></span> <span class='ocrx_word' id='word_1_125' title='bbox 1207 3304 1315 3365; x_wconf 82' lang='lat' dir='ltr'><strong>eleve-</strong></span> 
     </span>
     <span class='ocr_line' id='line_1_19' title="bbox 118 3389 1315 3487; baseline -0.002 -17"><span class='ocrx_word' id='word_1_126' title='bbox 118 3427 193 3470; x_wconf 88' lang='lat' dir='ltr'><strong>mus</strong></span> <span class='ocrx_word' id='word_1_127' title='bbox 209 3405 367 3486; x_wconf 89' lang='lat' dir='ltr'><strong>nihilique</strong></span> <span class='ocrx_word' id='word_1_128' title='bbox 384 3424 453 3468; x_wconf 88' lang='lat' dir='ltr'><strong>esse</strong></span> <span class='ocrx_word' id='word_1_129' title='bbox 471 3403 630 3484; x_wconf 76' lang='lat' dir='ltr'><strong>dicamus,</strong></span> <span class='ocrx_word' id='word_1_130' title='bbox 656 3402 713 3466; x_wconf 93' lang='lat' dir='ltr'><strong>sed</strong></span> <span class='ocrx_word' id='word_1_131' title='bbox 730 3405 784 3485; x_wconf 92' lang='lat' dir='ltr'><strong>qui</strong></span> <span class='ocrx_word' id='word_1_132' title='bbox 801 3423 946 3486; x_wconf 80' lang='lat' dir='ltr'><strong>magnam</strong></span> <span class='ocrx_word' id='word_1_133' title='bbox 963 3389 1190 3485; x_wconf 80' lang='lat' dir='ltr'><strong>calamitatem,</strong></span> <span class='ocrx_word' id='word_1_134' title='bbox 1212 3406 1315 3487; x_wconf 88' lang='lat' dir='ltr'><strong>qualis</strong></span> 
     </span>
     <span class='ocr_line' id='line_1_20' title="bbox 115 3505 1315 3590; baseline -0.002 -18"><span class='ocrx_word' id='word_1_135' title='bbox 115 3522 167 3572; x_wconf 85' lang='lat' dir='ltr'><strong>est</strong></span> <span class='ocrx_word' id='word_1_136' title='bbox 192 3507 233 3570; x_wconf 83' lang='lat' dir='ltr'><strong>ed</strong></span> <span class='ocrx_word' id='word_1_137' title='bbox 257 3527 352 3588; x_wconf 83' lang='lat' dir='ltr'><strong>quam</strong></span> <span class='ocrx_word' id='word_1_138' title='bbox 376 3505 555 3569; x_wconf 76' lang='lat' dir='ltr'><strong>Archilochi</strong></span> <span class='ocrx_word' id='word_1_139' title='bbox 587 3526 715 3569; x_wconf 81' lang='lat' dir='ltr'><strong>carmen</strong></span> <span class='ocrx_word' id='word_1_140' title='bbox 737 3509 894 3588; x_wconf 84' lang='lat' dir='ltr'><strong>pertinet,</strong></span> <span class='ocrx_word' id='word_1_141' title='bbox 925 3509 982 3570; x_wconf 86' lang='lat' dir='ltr'><strong>vili</strong></span> <span class='ocrx_word' id='word_1_142' title='bbox 1009 3507 1138 3590; x_wconf 89' lang='lat' dir='ltr'><strong>pendit,</strong></span> <span class='ocrx_word' id='word_1_143' title='bbox 1171 3510 1198 3570; x_wconf 91' lang='lat' dir='ltr'><strong>is</strong></span> <span class='ocrx_word' id='word_1_144' title='bbox 1228 3509 1315 3571; x_wconf 93' lang='lat' dir='ltr'><strong>nullo</strong></span> 
     </span>
     <span class='ocr_line' id='line_1_21' title="bbox 118 3605 1311 3697; baseline -0.001 -22"><span class='ocrx_word' id='word_1_145' title='bbox 118 3610 215 3675; x_wconf 91' lang='lat' dir='ltr'><strong>modo</strong></span> <span class='ocrx_word' id='word_1_146' title='bbox 238 3629 306 3673; x_wconf 80' lang='lat' dir='ltr'><strong>earn</strong></span> <span class='ocrx_word' id='word_1_147' title='bbox 331 3609 490 3694; x_wconf 83' lang='grc' dir='ltr'>μέμφεται.</span> <span class='ocrx_word' id='word_1_148' title='bbox 537 3629 637 3692; x_wconf 85' lang='lat' dir='ltr'><strong>quare</strong></span> <span class='ocrx_word' id='word_1_149' title='bbox 660 3611 738 3673; x_wconf 88' lang='lat' dir='ltr'><strong>ierri</strong></span> <span class='ocrx_word' id='word_1_150' title='bbox 760 3631 823 3674; x_wconf 90' lang='lat' dir='ltr'><strong>non</strong></span> <span class='ocrx_word' id='word_1_151' title='bbox 845 3610 975 3674; x_wconf 84' lang='lat' dir='ltr'><strong>videtur</strong></span> <span class='ocrx_word' id='word_1_152' title='bbox 995 3630 1088 3692; x_wconf 88' lang='lat' dir='ltr'><strong>posse</strong></span> <span class='ocrx_word' id='word_1_153' title='bbox 1111 3605 1311 3697; x_wconf 87' lang='grc' dir='ltr'>μεμφόμενος.</span> 
     </span>
     <span class='ocr_line' id='line_1_22' title="bbox 118 3707 1322 3799; baseline -0.001 -21"><span class='ocrx_word' id='word_1_154' title='bbox 118 3715 301 3778; x_wconf 83' lang='lat' dir='ltr'><strong>Meinekius</strong></span> <span class='ocrx_word' id='word_1_155' title='bbox 333 3712 540 3776; x_wconf 87' lang='lat' dir='ltr'><strong>scribendum</strong></span> <span class='ocrx_word' id='word_1_156' title='bbox 570 3733 639 3775; x_wconf 88' lang='lat' dir='ltr'><strong>esse</strong></span> <span class='ocrx_word' id='word_1_157' title='bbox 669 3715 803 3775; x_wconf 87' lang='lat' dir='ltr'><strong>coniecit</strong></span> <span class='ocrx_word' id='word_1_158' title='bbox 832 3717 973 3796; x_wconf 92' lang='lat' dir='ltr'><strong>primum</strong></span> <span class='ocrx_word' id='word_1_159' title='bbox 996 3707 1183 3799; x_wconf 85' lang='grc' dir='ltr'>ἀχνόμενος,</span> <span class='ocrx_word' id='word_1_160' title='bbox 1211 3725 1322 3795; x_wconf 88' lang='lat' dir='ltr'><strong>postea</strong></span> 
     </span>
     <span class='ocr_line' id='line_1_23' title="bbox 122 3809 1321 3903; baseline -0.002 -21"><span class='ocrx_word' id='word_1_161' title='bbox 122 3811 312 3903; x_wconf 79' lang='grc' dir='ltr'>μυρόμενυς,</span> <span class='ocrx_word' id='word_1_162' title='bbox 343 3817 499 3896; x_wconf 78' lang='lat' dir='ltr'><strong>Bergkius</strong></span> <span class='ocrx_word' id='word_1_163' title='bbox 531 3809 726 3899; x_wconf 78' lang='grc' dir='ltr'>μελπόμενος.</span> <span class='ocrx_word' id='word_1_164' title='bbox 773 3817 853 3878; x_wconf 93' lang='lat' dir='ltr'><strong>nihil</strong></span> <span class='ocrx_word' id='word_1_165' title='bbox 882 3818 996 3880; x_wconf 94' lang='lat' dir='ltr'><strong>horum</strong></span> <span class='ocrx_word' id='word_1_166' title='bbox 1025 3815 1227 3898; x_wconf 83' lang='lat' dir='ltr'><strong>probandum</strong></span> <span class='ocrx_word' id='word_1_167' title='bbox 1250 3837 1321 3880; x_wconf 87' lang='lat' dir='ltr'><strong>esse</strong></span> 
     </span>
     <span class='ocr_line' id='line_1_24' title="bbox 119 3917 1322 4002; baseline -0.002 -18"><span class='ocrx_word' id='word_1_168' title='bbox 119 3920 283 3984; x_wconf 87' lang='lat' dir='ltr'><strong>ducimus.</strong></span> <span class='ocrx_word' id='word_1_169' title='bbox 330 3917 461 3982; x_wconf 88' lang='lat' dir='ltr'><strong>videtur</strong></span> <span class='ocrx_word' id='word_1_170' title='bbox 489 3921 574 3982; x_wconf 91' lang='lat' dir='ltr'><strong>enim</strong></span> <span class='ocrx_word' id='word_1_171' title='bbox 606 3918 826 4000; x_wconf 82' lang='lat' dir='ltr'><strong>quaerendum</strong></span> <span class='ocrx_word' id='word_1_172' title='bbox 854 3939 923 3982; x_wconf 90' lang='lat' dir='ltr'><strong>esse</strong></span> <span class='ocrx_word' id='word_1_173' title='bbox 953 3921 1156 4002; x_wconf 84' lang='lat' dir='ltr'><strong>perticipium</strong></span> <span class='ocrx_word' id='word_1_174' title='bbox 1180 3919 1265 4000; x_wconf 91' lang='lat' dir='ltr'><strong>quod</strong></span> <span class='ocrx_word' id='word_1_175' title='bbox 1289 3921 1322 3981; x_wconf 90' lang='lat' dir='ltr'><strong>in</strong></span> 
     </span>
     <span class='ocr_line' id='line_1_25' title="bbox 116 4011 1339 4107; baseline -0.002 -21"><span class='ocrx_word' id='word_1_176' title='bbox 116 4022 318 4086; x_wconf 90' lang='lat' dir='ltr'><strong>condicionis</strong></span> <span class='ocrx_word' id='word_1_177' title='bbox 348 4019 479 4082; x_wconf 84' lang='lat' dir='ltr'><strong>formam</strong></span> <span class='ocrx_word' id='word_1_178' title='bbox 509 4023 625 4084; x_wconf 91' lang='lat' dir='ltr'><strong>resolvi</strong></span> <span class='ocrx_word' id='word_1_179' title='bbox 654 4023 753 4103; x_wconf 89' lang='lat' dir='ltr'><strong>possit</strong></span> <span class='ocrx_word' id='word_1_180' title='bbox 781 4042 886 4105; x_wconf 88' lang='lat' dir='ltr'><strong>neque</strong></span> <span class='ocrx_word' id='word_1_181' title='bbox 912 4011 1012 4085; x_wconf 77' lang='lat' dir='ltr'><strong>aliter¹</strong></span> <span class='ocrx_word' id='word_1_182' title='bbox 1041 4020 1181 4107; x_wconf 81' lang='grc' dir='ltr'>τέρψεται</span> <span class='ocrx_word' id='word_1_183' title='bbox 1209 4023 1339 4084; x_wconf 80' lang='lat' dir='ltr'><strong>tuturot</strong></span> 
     </span>
     <span class='ocr_line' id='line_1_26' title="bbox 118 4123 1314 4206; baseline -0.001 -18"><span class='ocrx_word' id='word_1_184' title='bbox 118 4135 268 4206; x_wconf 89' lang='lat' dir='ltr'><strong>tempore</strong></span> <span class='ocrx_word' id='word_1_185' title='bbox 294 4123 414 4187; x_wconf 90' lang='lat' dir='ltr'><strong>dictum</strong></span> <span class='ocrx_word' id='word_1_186' title='bbox 444 4133 498 4186; x_wconf 85' lang='lat' dir='ltr'><strong>eut</strong></span> <span class='ocrx_word' id='word_1_187' title='bbox 527 4125 680 4205; x_wconf 81' lang='lat' dir='ltr'><strong>explicari</strong></span> <span class='ocrx_word' id='word_1_188' title='bbox 708 4145 800 4206; x_wconf 88' lang='lat' dir='ltr'><strong>posse</strong></span> <span class='ocrx_word' id='word_1_189' title='bbox 829 4135 882 4190; x_wconf 83' lang='lat' dir='ltr'><strong>eut</strong></span> <span class='ocrx_word' id='word_1_190' title='bbox 913 4135 998 4188; x_wconf 87' lang='lat' dir='ltr'><strong>certe</strong></span> <span class='ocrx_word' id='word_1_191' title='bbox 1021 4126 1160 4205; x_wconf 82' lang='lat' dir='ltr'><strong>placere.</strong></span> <span class='ocrx_word' id='word_1_192' title='bbox 1207 4127 1314 4206; x_wconf 80' lang='lat' dir='ltr'><strong>iteque</strong></span> 
     </span>
     <span class='ocr_line' id='line_1_27' title="bbox 116 4226 620 4291; baseline -0.006 0"><span class='ocrx_word' id='word_1_193' title='bbox 116 4226 330 4291; x_wconf 86' lang='lat' dir='ltr'><strong>scribendum</strong></span> <span class='ocrx_word' id='word_1_194' title='bbox 354 4245 424 4290; x_wconf 88' lang='lat' dir='ltr'><strong>esse</strong></span> <span class='ocrx_word' id='word_1_195' title='bbox 447 4227 620 4290; x_wconf 86' lang='lat' dir='ltr'><strong>conicimus</strong></span> 
     </span>
     <span class='ocr_line' id='line_1_28' title="bbox 747 4323 1004 4403; baseline -0.004 -10"><span class='ocrx_word' id='word_1_196' title='bbox 747 4323 817 4394; x_wconf 83' lang='grc' dir='ltr'><strong>υάδέ</strong></span> <span class='ocrx_word' id='word_1_197' title='bbox 839 4354 883 4403; x_wconf 90' lang='grc' dir='ltr'>τις</span> <span class='ocrx_word' id='word_1_198' title='bbox 905 4325 1004 4395; x_wconf 82' lang='grc' dir='ltr'>ἀστῶν</span> 
     </span>
     <span class='ocr_line' id='line_1_29' title="bbox 375 4428 1065 4520; baseline 0.001 -26"><span class='ocrx_word' id='word_1_199' title='bbox 375 4428 546 4517; x_wconf 74' lang='grc' dir='ltr'>μνωόμενος</span> <span class='ocrx_word' id='word_1_200' title='bbox 570 4432 679 4519; x_wconf 73' lang='grc' dir='ltr'>θαλίῃς</span> <span class='ocrx_word' id='word_1_201' title='bbox 700 4433 840 4520; x_wconf 80' lang='grc' dir='ltr'>τέρψεται</span> <span class='ocrx_word' id='word_1_202' title='bbox 862 4429 933 4498; x_wconf 76' lang='grc' dir='ltr'>οὐδὲ</span> <span class='ocrx_word' id='word_1_203' title='bbox 954 4428 1065 4505; x_wconf 87' lang='grc' dir='ltr'>πότοις.</span> 
     </span>
     <span class='ocr_line' id='line_1_30' title="bbox 118 4527 1317 4624; baseline 0 -24"><span class='ocrx_word' id='word_1_204' title='bbox 118 4537 183 4600; x_wconf 93' lang='lat' dir='ltr'><strong>Od.</strong></span> <span class='ocrx_word' id='word_1_205' title='bbox 209 4557 238 4600; x_wconf 88' lang='grc' dir='ltr'><strong>ιν</strong></span> <span class='ocrx_word' id='word_1_206' title='bbox 265 4537 324 4598; x_wconf 82' lang='lat' dir='ltr'><strong>tot</strong></span> <span class='ocrx_word' id='word_1_207' title='bbox 354 4541 415 4599; x_wconf 83' lang='grc' dir='ltr'>τῶν</span> <span class='ocrx_word' id='word_1_208' title='bbox 439 4531 557 4600; x_wconf 82' lang='grc' dir='ltr'>πάντων</span> <span class='ocrx_word' id='word_1_209' title='bbox 581 4531 616 4600; x_wconf 78' lang='grc' dir='ltr'><strong>οὐ</strong></span> <span class='ocrx_word' id='word_1_210' title='bbox 638 4531 743 4600; x_wconf 92' lang='grc' dir='ltr'>τόσσον</span> <span class='ocrx_word' id='word_1_211' title='bbox 766 4531 932 4622; x_wconf 84' lang='grc' dir='ltr'>ἀδόρομοι,</span> <span class='ocrx_word' id='word_1_212' title='bbox 965 4527 1135 4622; x_wconf 77' lang='grc' dir='ltr'>ἀχνύμενός</span> <span class='ocrx_word' id='word_1_213' title='bbox 1163 4558 1239 4624; x_wconf 84' lang='grc' dir='ltr'>περ,</span> <span class='ocrx_word' id='word_1_214' title='bbox 1264 4529 1317 4610; x_wconf 86' lang='grc' dir='ltr'><strong>Ὡς</strong></span> 
     </span>
     <span class='ocr_line' id='line_1_31' title="bbox 1054 4657 1108 4710; baseline 0.019 -1"><span class='ocrx_word' id='word_1_215' title='bbox 1054 4657 1108 4710; x_wconf 76' lang='lat'><strong>29·</strong></span> 
     </span>
    </p>
   </div>
   <div class='ocr_carea' id='block_1_4' title="bbox 0 0 1624 5094">
    <p class='ocr_par' dir='ltr' id='par_1_4' title="bbox 0 0 1624 5094">
     <span class='ocr_line' id='line_1_32' title="bbox 0 0 1624 5094; baseline 0 0"><span class='ocrx_word' id='word_1_216' title='bbox 0 0 1624 5094; x_wconf 95' lang='lat' dir='ltr'><strong> </strong></span> 
     </span>
    </p>
   </div>
  </div>
 </body>
</html>
