3204 5104
313 308 389 381 392
609 323 699 386 lnottx
722 343 890 388 mortona!
912 343 1091 386 trsrrrtm
1111 325 1204 384 tuot.

267 524 301 570 te
311 513 438 592 scripsit
454 509 585 574 lortasse
601 509 786 574 Ammianus
806 515 1017 595 porosiurum
1033 515 1064 575 in
1075 500 1244 575 connectitis¹
1268 531 1490 574 unsrmtrrorns

311 622 430 677 rocetos
453 613 644 696 &sectando
691 635 764 678 nam
787 635 892 696 neque
915 617 992 678 satis
1014 625 1145 679 exarte
1169 617 1202 678 lit
1223 617 1251 678 si
1268 625 1425 678 mutamus
1446 615 1490 678 lit-

310 727 394 780 teras
416 736 498 798 quae
521 719 651 781 relictae
674 728 749 782 sunt
777 727 848 800 post
870 720 1001 780 omissas
1022 719 1101 781 alias
1123 737 1229 800 neque
1251 717 1489 782 adsentationem

310 820 495 883 Ammianus
518 831 605 882 recte
628 823 774 884 omittere
796 823 909 902 potuit.

396 922 547 986 Eiusdem
569 924 644 986 libri
661 941 752 986 urru
774 925 877 1006 capite
900 935 1011 1006 quarto
1034 923 1052 1008 §
1068 925 1107 986 tt
1124 925 1268 987 Valesius
1290 934 1322 986 et
1336 934 1409 987 ante
1426 943 1488 986 eum

309 1027 459 1090 Gelenius
482 1029 682 1109 scripserunt
704 1029 736 1089 in
758 1027 806 1090 tto
830 1028 967 1110 plerique
989 1027 1214 1090 distentioribus
1236 1029 1353 1111 sopitis
1375 1026 1487 1100 oddton

306 1136 473 1210 praecunte
494 1131 613 1192 nidoris
643 1130 785 1213 indoptnc
808 1132 962 1212 curtisque
984 1129 1106 1192 vocibus
1130 1129 1320 1210 feminarum
1342 1149 1363 1190 a
1382 1130 1489 1213 pollict'-

308 1234 370 1294 nt'is
393 1233 468 1313 ipsis
484 1235 516 1294 in
531 1233 651 1294 modurn
663 1251 818 1314 pavonum
835 1235 981 1296 inanitate
995 1233 1211 1316 clonpentutm,
1237 1232 1361 1294 bunum
1375 1235 1489 1294 mnnr't

304 1335 417 1415 pedum
445 1335 597 1418 unptibus
624 1337 826 1420 coutiupcntcs
856 1335 938 1398 aulis
968 1335 1122 1398 adsistunt
1148 1335 1256 1418 dipitos
1282 1335 1489 1416 proeroduttcs

308 1436 381 1498 dum
399 1439 526 1518 patinae
548 1436 769 1519 defervescatnt.
817 1439 947 1500 minimo
975 1438 1093 1500 malum
1115 1448 1163 1500 est
1186 1437 1310 1500 Gelenii
1332 1439 1487 1500 inanitate:

309 1539 451 1620 loquitur
472 1541 515 1602 ita
537 1542 665 1606 Plautus
689 1541 758 1604 Cas.
784 1561 814 1604 rr
837 1541 855 1602 3
880 1541 911 1620 5,
936 1540 1012 1603 matt
1032 1541 1180 1603 inanitate
1200 1542 1263 1602 iam
1285 1539 1400 1602 dudum
1420 1543 1489 1602 tnu-

308 1643 390 1704 stino
413 1650 619 1705 murmurant.
667 1643 724 1706 sed
746 1644 807 1706 alio
830 1643 918 1706 ducit
933 1653 1025 1706 vetus
1040 1645 1213 1724 scriptura:
1241 1661 1337 1724 quam
1358 1643 1488 1723 neglexit

309 1746 488 1826 Wagnerus
509 1764 582 1807 cum
603 1747 730 1827 scripsit
753 1748 934 1808 immaniter.
982 1746 1068 1827 quod
1089 1745 1261 1809 Accursius
1291 1745 1386 1808 babet
1412 1745 1490 1806 tien·

308 1849 409 1910 nitore
438 1847 525 1910 idem
555 1857 603 1910 est
626 1849 658 1909 in
681 1849 830 1911 Vaticano
852 1847 971 1911 codice.
1017 1847 1225 1911 scribendum
1246 1860 1296 1910 est
1325 1851 1357 1911 in
1379 1848 1487 1910 modun

304 1969 461 2033 pavonum
484 1969 648 2012 urinum
670 1951 883 2034 cloupcntinn.
929 1950 1074 2014 vocabuli
1098 1949 1182 2032 quod
1205 1951 1488 2032 figurateplerum-

308 2072 371 2134 que
394 2053 512 2117 dicitur
534 2055 663 2135 propria
685 2054 915 2135 significatione
944 2055 1046 2118 utitur
1069 2053 1195 2116 Caelius
1214 2052 1405 2118 Aurelianus
1428 2054 1485 2114 Col.

208 2219 212 2229 x
307 2175 391 2237 pass.
417 2176 427 2218 ι
453 2159 486 2218 ll
516 2159 568 2236 tt,
601 2159 780 2239 interposito
801 2157 863 2220 dni
883 2159 975 2220 unius
998 2159 1169 2235 ieiunitate,
1196 2176 1218 2218 ιι
1242 2157 1278 2218 st
1312 2158 1382 2236 133,
1407 2158 1486 2238 lonpo

307 2267 352 2322 est
372 2259 446 2322 tace
469 2261 627 2335 minuitas,
654 2269 687 2322 et
708 2259 813 2340 paullo
835 2261 928 2322 aliter
950 2260 1077 2322 Plautus
1099 2262 1193 2322 llere.
1216 2277 1251 2321 ut
1274 2261 1292 2321 3
1313 2261 1362 2338 43,
1387 2259 1488 2323 icant-

307 2363 379 2426 totis
397 2363 526 2444 plenus,
552 2364 657 2424 animo
676 2361 801 2444 foetido¹

394 2465 487 2527 libro
509 2485 577 2527 xxu
599 2468 611 2527 t
632 2466 672 2526 33
698 2466 776 2528 baec
797 2465 963 2547 leguntur,
985 2473 1055 2548 post
1075 2464 1150 2528 boec
1171 2466 1366 2548 interropcti,
1391 2483 1431 2526 cn
1451 2481 1488 2526 ea

303 2568 363 2648 fide
378 2569 505 2632 sortium
521 2587 597 2649 quos
613 2567 770 2651 apttobont
791 2587 828 2630 ca
849 2570 1052 2650 praescierint
1072 2569 1363 2649 patruorum,
1388 2583 1487 2629 ouant

307 2671 375 2734 illos
390 2671 560 2734 notissimos
575 2671 696 2733 edidere
707 2671 791 2733 clare
802 2673 1036 2752 pronuntiantes
1050 2671 1209 2751 capitulum
1224 2672 1268 2732 cis
1283 2669 1486 2752 bonooperum
1500 2666 1507 2677 '

306 2773 470 2838 suutondi
482 2772 661 2836 sublimiora
676 2775 732 2835 cito
751 2771 909 2852 futurum,
935 2773 1027 2837 nubilo
1041 2775 1144 2835 ninus
1166 2780 1266 2834 tomen
1288 2775 1364 2854 ipsis
1384 2791 1487 2857 pioque

306 2895 375 2940 cum
397 2875 599 2958 copnitoribus
617 2877 755 2956 principi
775 2875 882 2938 medos
904 2876 1101 2958 incendioque
1120 2875 1293 2958 slopitontcs
1313 2875 1415 2957 funos
1436 2878 1485 2936 in·

307 2981 439 3042 minere:
464 2997 593 3061 quorum
615 2985 677 3042 tres
696 2995 811 3060 ponm
833 2977 960 3060 sufficiet
980 2978 1112 3054 albanos,

462 3072 497 3146 od
521 3076 580 3164 μὰν
603 3078 722 3164 νηποινί
742 3104 778 3164 γι
800 3076 852 3144 civ
874 3078 994 3144 ἔσσεται
1016 3076 1110 3162 αἷμα·
1135 3076 1187 3144 uni
1210 3074 1311 3151 abaci<

461 3177 608 3268 Τισιφόνη
632 3177 799 3268 βαρύμηνις
820 3177 982 3268 iporiensi
1002 3177 1095 3245 κακὸν
1118 3178 1198 3246 οἶτον

462 3285 494 3350 ἐν
516 3283 646 3350 retinet
668 3282 824 3370 Μίμαντος
847 3287 921 3349 otiu
942 3284 1113 3369 καιομένοις
1135 3279 1205 3369 κάρ.

305 3388 413 3471 quibus
442 3389 525 3452 lectis
553 3388 706 3472 unpuibus
734 3389 813 3450 mole
842 3389 969 3452 mulcati
994 3395 1183 3470 soporantur
1208 3390 1382 3451 unanimes.
1424 3387 1485 3448 leve

306 3501 355 3556 est
378 3490 464 3572 quod
485 3510 548 3554 uon
577 3491 699 3555 edidere
721 3490 928 3554 scribendum
958 3501 1043 3570 erat,
1077 3488 1135 3554 sed
1164 3489 1341 3567 ediderant,
1373 3492 1402 3552 in
1431 3507 1485 3569 quo

307 3595 390 3658 liber
412 3595 582 3658 Vaticanus
612 3613 684 3657 oum
706 3593 857 3656 decursio
886 3605 918 3656 et
940 3594 1072 3656 Gelenio
1100 3593 1272 3673 conspirat.
1326 3603 1391 3656 tum
1418 3594 1485 3672 ipris

306 3697 422 3762 lalsum
444 3706 509 3774 est,
535 3698 597 3778 ipsi
617 3707 703 3760 recte
726 3695 846 3758 babent
862 3696 978 3758 eidem.
1025 3696 1138 3758 Graeci
1154 3711 1270 3757 versus
1292 3695 1355 3758 duo
1374 3695 1485 3776 priores

305 3811 437 3881 praeter
458 3818 558 3862 uuum
580 3799 717 3862 verbum
741 3808 827 3861 recte
849 3799 960 3880 scripti
982 3809 1059 3861 sunt
1080 3807 1113 3860 et
1134 3807 1170 3860 ut
1185 3796 1299 3860 eadem
1314 3799 1484 3860 continean-

305 3912 360 3965 tur
382 3902 498 3964 litteris
520 3903 661 3964 Vaticani
684 3900 812 3964 codicis.
859 3900 917 3964 sed
939 3913 1150 3964 monstrnsum
1173 3899 1255 3962 illud
1277 3901 1397 3964 Geleuii
1418 3898 1483 3984 ipo

305 4000 409 4068 τάσσιι
442 4002 631 4066 mutandum
663 4013 712 4066 ost
739 4003 772 4065 in
797 3998 993 4070 ’ttontlzsst
1024 4022 1131 4084 neque
1164 4003 1247 4083 fugit
1276 4003 1337 4066 boo
1362 4001 1483 4065 verbum

307 4107 512 4170 Gronovium.
559 4105 634 4169 libri
658 4107 744 4170 enim
760 4107 930 4168 Vaticanus
952 4116 984 4168 et
1005 4103 1218 4170 Acoursiauus
1240 4104 1360 4169 babent
1377 4091 1483 4172 ΘΦΟ-

309 4205 495 4272 nuncet.
543 4209 630 4272 tertii
661 4227 776 4270 versus
803 4206 901 4270 verba
929 4209 991 4271 tria
1020 4209 1126 4290 priora
1156 4216 1241 4270 recte
1263 4211 1378 4290 scripta
1400 4217 1479 4268 sunt:

306 4311 387 4374 nihil
410 4312 495 4373 enim
517 4310 605 4374 aliud
627 4309 804 4374 recondunt
826 4311 951 4372 litterae
975 4310 1132 4374 librorum
1153 4310 1295 4372 Vaticani
1324 4321 1356 4373 et
1375 4307 1482 4370 Accur-

306 4414 405 4494 siani‚
431 4431 665 4496 perperamque
682 4413 833 4476 Gelenius
851 4411 940 4476 dedit
965 4427 1001 4479 -t·
1028 4402 1136 4477 αὔτικα
1157 4411 1189 4476 n
1204 4410 1318 4485 rublan
1339 4409 1479 4496 ipponer-
