3240 5094
317 423 390 495 470
615 436 703 495 lenna
727 451 893 494 nncrrom
917 450 1095 492 nnsrrvmvu
1114 431 1209 490 l873.

310 629 429 708 scripta
452 635 537 688 sunt.
586 625 733 705 quocirca
764 641 827 684 non
850 619 980 684 videtur
1009 623 1070 683 nisi
1095 621 1291 700 gravissimis
1313 620 1493 701 argumentis

310 749 401 812 posse
424 727 618 791 labefactari.
990 711 992 716 ’

398 834 504 913 Pergit
526 831 702 894 hleinekius
730 838 888 909 negatque
918 819 1008 891 θσσον
1038 829 1079 890 ita
1109 827 1172 890 dici
1199 827 1342 908 potuisse
1365 835 1400 888 ut
1419 825 1494 888 idem

311 935 505 1018 signiticaret
527 941 622 1014 atque
646 926 769 996 τόσσσν;
796 929 837 992 de
854 949 916 1012 quo
931 939 1041 1012 postea
1057 930 1244 1012 explicatius
1260 929 1493 1011 disputabimus.

310 1051 377 1103 tum
392 1036 569 1102 absurdum
592 1038 621 1098 ei
638 1035 768 1098 videtur
783 1033 869 1115 quod
891 1031 967 1119 φίλα
988 1033 1029 1095 ad
1051 1025 1140 1096 ὅσσον
1164 1025 1299 1118 ἀπέσβης
1321 1032 1495 1114 cogitatione

310 1141 495 1205 addendum
520 1149 579 1202 cst.
626 1138 683 1201 sed
714 1137 855 1219 abripuit
886 1156 959 1200 eum
989 1136 1167 1199 moliendae
1197 1136 1426 1199 emendationis
1446 1155 1496 1196 cu-

312 1245 446 1328 piditas:
473 1245 566 1306 alitcr
588 1243 675 1304 enim
697 1243 789 1304 homo
812 1250 843 1303 et
859 1240 1096 1303 eruditissimus
1112 1251 1142 1302 et
1162 1240 1414 1323 promptissimae
1435 1257 1494 1299 me-

311 1350 429 1412 moriae
453 1349 623 1410 multorum
648 1343 833 1408 recordatus
855 1353 940 1406 esset
963 1363 1044 1425 quae
1068 1363 1086 1405 a
1109 1341 1211 1424 poetis
1234 1343 1493 1425 scriptoribusque

311 1453 407 1514 simili
431 1451 588 1512 brevitate
611 1457 770 1512 eontracta
793 1457 878 1511 sunt.
919 1467 977 1510 nos
993 1450 1069 1510 satis
1084 1446 1151 1509 lore
1166 1450 1350 1528 putavimus
1365 1449 1390 1508 si
1406 1465 1492 1509 unum

311 1555 569 1618 adscriberemus
592 1554 774 1635 exemplum
797 1553 894 1634 Longi
917 1571 951 1613 111
974 1553 1011 1613 st
1039 1572 1072 1632 p.
1090 1552 1154 1612 296
1178 1551 1308 1630 Horeb,
1333 1543 1491 1636 φθανοίσης

311 1654 370 1744 γὰρ
397 1659 449 1740 τῆς
480 1651 538 1720 ἀπὸ
566 1659 619 1741 τῆς
648 1650 805 1739 θαλάσσης
833 1657 955 1742 φωνῆς,
984 1649 1004 1738 i,
1034 1654 1069 1717 ἐκ
1090 1657 1144 1738 τῆς
1173 1658 1229 1738 γῆς
1259 1648 1346 1739 φωνὴ
1367 1655 1491 1717 τοσοῦτον

312 1758 440 1826 ἐπαύετο
464 1757 604 1846 βράδιον,
628 1752 698 1823 ’ὅσον
720 1751 849 1844 ἤρξατο,
875 1758 908 1820 id
932 1769 980 1820 est
1002 1749 1073 1821 ‘deos
1098 1751 1221 1843 βράδιον
1243 1748 1364 1842 ἤρξατο.

399 1867 493 1926 Porro
510 1866 659 1926 miseram
682 1883 752 1926 esse
775 1863 853 1928 dicit
868 1865 950 1924 hanc
965 1863 1175 1940 sententiam,
1200 1881 1292 1942 φασιν
1308 1861 1381 1924 mihi
1393 1879 1491 1943 coproe

313 1987 405 2032 carno
434 1975 507 2030 ναοί
515 2015 523 2044 ,
554 1975 616 2028 tam
645 1975 677 2029 tu
706 1966 783 2029 miti
810 1985 887 2030 coro
914 1965 1022 2030 obiisti.
1078 1963 1171 2027 nohis
1201 1964 1281 2026 nihil
1306 1965 1357 2026 hic
1378 1963 1492 2026 videtur

313 2093 382 2136 esse
408 2070 641 2149 miserandum,
666 2069 725 2133 sed
748 2070 834 2151 loqui
850 2071 1014 2152 caprarius
1030 2089 1092 2131 non
1109 2063 1348 2154 ὑπιραιπολικῶς
1363 2066 1489 2150 quidem,

312 2175 372 2239 sed
394 2194 470 2238 saue
495 2174 667 2246 αἰπολιιιιῖις.

400 2280 544 2360 Denique
567 2286 663 2358 negat
679 2275 908 2358 Amaryllidem
932 2279 1104 2338 extinctam
1128 2295 1198 2338 esse
1222 2285 1374 2358 putatque
1397 2277 1491 2336 vivere

312 2383 417 2446 adhuc
440 2401 509 2444 cam
532 2401 595 2443 non
618 2400 711 2464 posse
735 2379 875 2442 dubitari
897 2388 1029 2462 propter
1051 2381 1212 2460 proximos
1236 2397 1364 2458 versus,
1389 2377 1492 2460 quibus
1598 2417 1599 2470 ,

314 2485 459 2568 Corydon
482 2487 606 2548 Battum
630 2485 820 2563 consolatur,

422 2587 544 2673 θαρσεῖν
567 2582 645 2673 χρή,
670 2585 740 2672 φίλε
763 2580 877 2651 Βάττε’
902 2581 975 2672 τάχ’
1002 2576 1106 2671 αὔριον
1129 2579 1226 2650 ἔσσετ’
1253 2575 1387 2670 ἄμεινον.

422 2689 539 2764 ἐλπίδες
560 2691 592 2754 ἐν
616 2691 755 2766 ζωοῖσιν,
781 2683 952 2753 ἀνέλπιστοι
975 2687 1008 2754 δὲ
1031 2682 1183 2760 θανόντες.

421 2789 469 2881 χώ
490 2789 566 2868 Ζειλς
589 2785 705 2858 ἄλλοισι
728 2789 781 2877 μὲν
802 2791 889 2856 πέλει
912 2788 1046 2878 αἴθριος,
1073 2783 1190 2857 ἔλλοκα
1212 2784 1299 2860 δ’ῧει.

313 2901 424 2963 statuit
446 2900 545 2980 igitur
566 2900 690 2960 Battum
713 2896 881 2979 deplorare
900 2894 1130 2980 Amaryllidem
1152 2906 1313 2978 aegrotam
1337 2885 1494 2977 multisque

314 3001 477 3065 doloribus
499 3000 655 3065 adiectam
685 3011 716 3062 et
746 3011 889 3063 metuere
912 3020 953 3063 ne
977 3001 1145 3080 moriatur,
1179 3019 1247 3062 eam
1278 3010 1385 3064 autem
1408 3004 1494 3082 ipsam

314 3125 383 3168 esse
412 3103 534 3168 debere
564 3105 715 3166 versiculi
744 3122 840 3184 quern
869 3111 931 3165 tam
963 3104 1072 3166 multis
1095 3102 1279 3166 nominibus
1303 3101 1494 3186 reprehendit

312 3211 515 3272 sententiam.
563 3207 669 3288 itaque
692 3208 775 3269 hanc
798 3208 867 3269 eius
889 3205 1011 3287 profert
1033 3205 1300 3286 emendationem,

541 3303 611 3374 ‘o'eoo
635 3299 753 3395 ἔχθεο,
778 3305 844 3394 ἐμίν
867 3307 959 3395 φίλα,
983 3301 1074 3375 ὅσσον
1097 3298 1272 3392 αίιιίσιιλης.Ι

289 3426 425 3496 opostea
445 3413 627 3476 Callimachi
651 3434 684 3495 p.
702 3415 764 3474 ata
789 3414 890 3494 magis
912 3414 942 3475 ei
966 3433 1061 3495 quam
1083 3405 1153 3476 ὅσον
1177 3403 1276 3498 ἄχθεο
1299 3414 1418 3494 placuit
1437 3404 1494 3478 ὅσοι

313 3515 396 3588 αίίες
418 3519 470 3579 vel
493 3508 583 3594 ἆίσς,
613 3525 760 3599 ριιαιιτννι
782 3519 971 3600 ingemuisti,
1003 3516 1090 3598 quod
1117 3515 1291 3579 dicendum
1315 3518 1419 3599 potius
1439 3525 1495 3578 orat

313 3628 459 3703 precntum
487 3619 714 3704 ingemiscebas.
761 3618 853 3682 nobis
881 3639 958 3681 vero
980 3620 1167 3684 Theocritus
1195 3620 1222 3682 si
1250 3619 1407 3682 eiusmodi
1429 3617 1494 3700 quid

313 3725 509 3804 scripsisset,
535 3742 599 3785 nou
622 3725 698 3785 satis
720 3722 888 3785 videretur
910 3724 1030 3786 cavisse
1054 3743 1095 3786 ne
1118 3724 1253 3787 lectores
1268 3733 1424 3786 mortuam
1445 3741 1495 3804 pu-

314 3837 418 3889 tarent
447 3845 516 3888 esse
539 3825 779 3908 Amaryllidem.
827 3845 900 3887 nam
929 3825 969 3888 de
1001 3845 1038 3888 ea
1067 3845 1149 3907 quae
1172 3825 1277 3890 adhuc
1300 3827 1411 3890 morbo
1431 3845 1495 3888 con-

314 3931 455 3992 llictetnr
476 3920 575 4015 ἔχθεα
598 3928 811 4010 inperfectum
836 3939 868 3992 et
888 3930 1042 3993 aoristum
1065 3923 1218 4015 ἀπέσιλης
1240 3949 1304 3994 non
1324 3933 1401 3994 satis
1421 3939 1493 4012 apte,
1597 3937 1598 3947 ¹

314 4043 399 4096 certe
430 4032 578 4115 ambigua
607 4032 778 4096 admodum
806 4032 999 4096 obscuritate
1027 4033 1111 4097 dicta
1135 4045 1253 4098 essent.
1301 4054 1409 4117 neque
1430 4053 1495 4096 vero

314 4138 377 4199 ulla
400 4155 493 4198 causa
517 4147 565 4199 est
586 4157 644 4199 cur
660 4137 859 4218 Corydonem
876 4157 948 4200 cum
967 4136 1045 4201 dicit
1059 4132 1128 4224 τάχ’
1149 4128 1253 4224 αὔριον
1269 4133 1370 4202 ἔσσετ’
1389 4130 1495 4222 ἄμεινον

315 4241 373 4301 hoc
389 4240 470 4301 velle
493 4248 658 4321 putemus,
684 4240 817 4303 fortasse
840 4259 910 4302 cras
924 4240 1112 4325 Amaryllidi
1129 4243 1244 4304 melius
1267 4243 1409 4306 futurum
1424 4259 1492 4316 osso,

314 4342 371 4404 sed
395 4351 583 4424 querentem
605 4353 722 4406 sortem
745 4363 835 4406 suam
849 4345 975 4407 Battum
998 4345 1122 4426 vulgari
1146 4344 1230 4408 dicto
1252 4347 1431 4408 consolatur
1444 4361 1523 4428 quo,

315 4446 470 4526 significat
505 4445 573 4508 lieri
608 4467 700 4528 posse
734 4457 770 4510 ut
803 4468 874 4510 mox
906 4450 935 4510 ei
966 4451 1095 4512 laetiora
1123 4447 1280 4512 accidant.
1335 4435 1494 4513 attulenmt

316 4549 508 4630 interpretes
536 4549 622 4631 quod
643 4549 790 4614 Tibullus
819 4551 901 4615 dixit
923 4571 945 4614 u
970 4555 988 4614 6
1015 4555 1052 4614 ts
1082 4553 1135 4616 sed
1164 4553 1293 4616 credulo
1315 4555 1411 4618 νιλανι
1433 4553 1495 4636 Spes
