3186 5108
323 343 394 414 154
618 359 707 418 laum
730 375 893 420 uscrronrn
915 375 1094 418 lssrrvuurn
1114 353 1207 416 test.

318 549 386 631 erip,
412 547 583 609 Muellerus
604 545 812 610 scribendum
829 565 898 608 esse
916 545 1137 626 pronuntiavit
1158 539 1317 627 Topsurlqs
1332 545 1374 626 τῷ
1389 539 1494 626 Otiose.
1582 533 1583 600 j

317 649 375 712 sed
404 669 510 730 neque
533 659 605 731 apte
629 651 811 732 Tarquitius
833 670 851 712 a
874 649 1062 728 Tarchonte,
1088 649 1143 728 qui
1166 645 1207 710 ab
1230 647 1374 710 Etruscis
1401 665 1499 726 segre·

318 754 384 834 gari
408 772 471 816 non
494 763 609 834 potest,
634 753 742 816 addito
765 754 888 835 patriae
910 753 1038 816 nomine
1055 751 1263 831 distinguitur
1285 769 1392 830 neque
1406 751 1500 831 aptius

318 857 396 919 haec
417 858 479 919 tria
501 867 660 938 tamquam
684 859 797 938 parilia
820 857 1067 936 coniunguntur,
1093 846 1279 930 ducendane,
1303 849 1434 930 Odceoe,
1457 851 1498 915 le·-

318 953 396 1044 pcc'c.
444 970 610 1042 praeterea
639 971 726 1023 certe
755 955 883 1046 Θούσκῳ
911 958 1118 1022 scribendum
1148 967 1249 1036 esset,
1282 975 1345 1038 qua
1375 957 1501 1022 nominis

317 1063 427 1143 lorma,
460 1083 477 1125 a
502 1064 654 1145 Stephani
677 1063 916 1128 successoribus
939 1063 1174 1145 praetermissa,
1207 1059 1312 1143 Lydus
1340 1061 1387 1126 uti
1409 1061 1497 1124 solet:

316 1160 451 1238 Odeson<
481 1186 544 1230 uon
566 1169 724 1232 norimus.
771 1187 865 1249 porro
895 1165 980 1249 quod
1003 1166 1174 1228 Muellerus
1202 1163 1243 1228 ed
1273 1163 1410 1228 eundem
1432 1165 1501 1226 Tar·
1582 1191 1583 1250 3

317 1271 453 1352 quitium
488 1271 651 1352 pertinere
684 1273 810 1353 putavit
844 1269 959 1351 lepidis
992 1269 1231 1350 inscriptionem
1261 1289 1279 1331 a
1307 1268 1441 1332 Grutero
1471 1268 1499 1330 in

316 1375 465 1438 thesauro
487 1395 520 1455 p.
539 1375 649 1447 625st
674 1373 810 1452 editam,
850 1375 884 1436 in
914 1393 977 1454 qun
1007 1375 1040 1434 L.
1066 1371 1197 1454 quidam
1220 1372 1403 1454 Tarquitius
1423 1374 1455 1434 L.
1479 1369 1498 1430 l.

317 1479 401 1540 Pom.
421 1477 624 1559 Sulpicianus
639 1478 792 1540 Etruscus
813 1477 918 1540 scriba
937 1478 1138 1558 quaestorius
1159 1485 1432 1552 commemoratur,
1457 1475 1501 1536 in-

316 1581 427 1644 utilem
461 1583 655 1662 opinionem,
693 1600 774 1661 quae
808 1581 880 1644 aliis
909 1599 1037 1661 quoque
1072 1581 1115 1642 ita
1142 1579 1263 1660 placuit
1291 1588 1326 1642 ut
1348 1577 1501 1659 Tarquitio

291 1685 422 1746 sPrisco
444 1703 639 1766 praenomen
662 1686 749 1748 Lucii
772 1673 914 1747 tidenter¹
938 1683 1168 1762 attribuerent,
1200 1683 1291 1763 prius
1312 1682 1503 1764 protulerant

316 1807 379 1850 non
410 1788 643 1850 commemorati
672 1787 714 1850 ab
743 1788 796 1850 illo
817 1788 961 1851 Valesius
990 1787 1024 1850 in
1050 1785 1276 1848 commentario
1297 1783 1453 1848 Ammiani
1474 1795 1504 1846 et

316 1891 499 1955 llarduinus
528 1893 560 1954 in
591 1889 697 1959 iudice
719 1899 883 1954 auctorum
907 1891 1011 1954 Plinii.
1057 1891 1263 1971 scriptorem,
1295 1889 1386 1954 cuius
1415 1907 1503 1970 prae-

316 2015 431 2058 nomen
458 1995 553 2076 plane
583 1995 783 2075 ignoramus,
816 1994 915 2057 Plinio
940 1994 1152 2075 antiquiorem
1175 2011 1245 2056 esse
1275 1993 1500 2058 intelleximus:

315 2097 374 2162 sed
402 2097 542 2161 eundem
575 2107 667 2161 antea
701 2107 1004 2160 commemoraverat
1032 2099 1070 2159 ll.
1096 2097 1228 2159 Verrius
1250 2096 1388 2160 Flemus.
1435 2115 1501 2160 uam

316 2221 386 2264 curn
421 2203 455 2263 in
485 2204 531 2264 eis
561 2221 644 2283 quae
674 2201 761 2282 apud
789 2203 915 2264 Festum
945 2200 1026 2262 libro
1052 2218 1099 2264 arr
1129 2220 1162 2280 p.
1189 2199 1250 2264 nrt
1281 2203 1321 2263 ll.
1354 2199 1395 2263 de
1424 2200 1502 2262 ratiti

315 2304 502 2384 quadrantis
525 2306 786 2386 interpretatione
809 2312 984 2384 supersunt
1006 2304 1065 2366 hae
1089 2303 1215 2366 litterae
1237 2304 1343 2384 torqui
1364 2313 1503 2366 servatae

315 2408 390 2484 sint,
417 2417 514 2488 recte,
540 2418 576 2472 ut
589 2407 730 2486 videtur,
755 2409 890 2470 Vrsinus
911 2407 1066 2488 Tarquitii
1089 2407 1229 2488 aliquam
1247 2406 1429 2488 opinionem
1450 2404 1503 2470 ed-

314 2510 409 2574 latam
432 2510 531 2574 luisse
548 2511 751 2576 existimavit.
799 2512 885 2574 hunc
906 2511 1005 2592 igitur
1020 2511 1218 2591 Tarquitium
1234 2509 1394 2590 Vergilius
1415 2507 1503 2572 simul

315 2634 387 2677 cum
408 2611 499 2676 Aelio
522 2625 555 2678 et
571 2617 711 2678 Varrone
734 2623 862 2696 totaque
885 2615 1142 2678 scholasticorum
1165 2615 1291 2678 natione
1315 2615 1408 2678 rocus
1429 2611 1505 2676 dini

315 2716 471 2798 αμηὸαὼη
495 2719 678 2780 luctanctis:
710 2737 784 2782 nam
807 2721 898 2782 innoc
920 2717 1128 2783 scribendum
1149 2736 1219 2780 esso
1236 2717 1385 2782 lleinsius
1408 2715 1499 2789 vidit;

315 2923 447 3002 habent,
474 2943 514 2987 ex
536 2943 599 3006 quo
622 2925 655 2987 in
677 2923 803 2988 Aldinis
826 2924 943 2989 lactum
966 2936 1014 2988 est
1037 2926 1150 2988 icone.
1198 2921 1257 2986 sed
1279 2922 1502 2988 dubitationem

315 3026 435 3089 habent
456 3045 539 3108 quae
562 3030 706 3109 proxime
728 3038 892 3106 secuntur,
924 3036 1014 3111 tuque
1035 3049 1052 3092 o
1074 3046 1213 3092 meorum
1234 3045 1313 3090 curo
1335 3027 1429 3090 &mle
1453 3045 1504 3088 cu·

315 3149 426 3192 rorum
459 3131 529 3194 Volo
557 3131 680 3194 Sobr’oe.
738 3149 844 3212 neque
880 3131 1070 3211 placuerunt
1099 3132 1227 3196 lleinsio
1256 3141 1289 3192 et
1317 3129 1502 3206 Schraderc,

315 3252 450 3314 quorum
474 3235 527 3297 ills
550 3253 722 3312 musarum,
748 3233 947 3298 Schraderus
960 3244 1067 3297 autem
1082 3234 1261 3300 chartarum
1284 3243 1408 3315 poetam
1429 3235 1505 3298 seri·
1582 3269 1583 3294 t

315 3337 416 3418 pslsse
449 3337 665 3400 coniecerunt.
713 3349 821 3400 contra
844 3340 1003 3418 Wagnem
1033 3357 1111 3400 curo
1135 3356 1285 3402 euroram
1315 3337 1443 3404 videtur
1469 3355 1505 3398 ea

316 3441 437 3502 ratione
456 3440 540 3502 dicta
557 3461 626 3504 esse
650 3461 713 3522 qun
730 3443 839 3505 Cicero
862 3461 913 3522 ep.
938 3440 980 3504 ud
1002 3442 1076 3507 lam.
1094 3459 1159 3504 run
1178 3443 1216 3506 ll
1239 3439 1505 3522 Agamemnonem

315 3563 415 3626 repam
439 3563 543 3628 rapum
565 3544 777 3626 adpellavcrit
792 3547 911 3626 nlilquc
934 3545 995 3608 alia
1010 3545 1164 3624 dixerint,
1190 3543 1231 3608 de
1247 3544 1368 3626 quibus
1383 3545 1506 3610 Tische-

315 3667 386 3710 rum
410 3647 443 3710 ln
465 3647 627 3710 animadv.
652 3648 693 3711 nd
715 3668 848 3729 gratnm.
874 3649 1026 3711 Graecam
1044 3647 1175 3711 Welleri
1199 3667 1221 3712 n
1245 3669 1277 3730 p.
1298 3649 1357 3710 ⁴23
1383 3661 1416 3713 et
1438 3651 1506 3710 Sta-

315 3769 468 3814 verenum
497 3751 538 3812 ad
568 3752 705 3815 Cornelii
735 3754 864 3834 Nepotis
891 3750 1073 3833 Agesilaum
1096 3753 1163 3814 ni
1192 3751 1373 3833 disputasse
1408 3749 1504 3816 addit.

314 3855 369 3935 qui
395 3873 467 3916 cum
490 3853 618 3916 dicendi
650 3855 767 3935 ligures
795 3857 901 3936 specie
931 3857 1016 3918 inter
1045 3875 1079 3917 se
1102 3853 1273 3919 admodum
1303 3857 1425 3920 similes
1449 3852 1506 3917 sed

314 3966 420 4018 tamon
444 3955 589 4019 diversas
617 3977 680 4019 non
707 3960 784 4022 satis
812 3969 958 4022 accurate
983 3957 1168 4022 distinxisse
1191 3958 1374 4038 videantur,
1405 3957 1505 4024 disso-

315 4079 387 4122 rere
410 4058 450 4122 de
474 4060 533 4122 hoc
555 4061 620 4122 loco
636 4061 781 4124 volumus
796 4063 1006 4144 explanatius,
1031 4061 1090 4124 sed
1106 4071 1141 4125 ut
1160 4081 1232 4126 cum
1248 4064 1368 4126 Graeco
1383 4063 1506 4126 Latino-
1582 4075 1583 4112 l

314 4183 377 4245 que
411 4182 653 4227 sermone·non
688 4166 916 4246 coniunganrus
949 4165 1061 4228 utilem
1095 4165 1227 4252 fortusse
1260 4165 1319 4230 sed
1354 4166 1505 4230 infinitam

313 4267 446 4330 alierum
470 4267 651 4347 linguarum
667 4270 939 4349 conparationem:
973 4269 1184 4332 consimilium
1205 4270 1290 4334 enim
1313 4269 1505 4333 schcmmum

313 4390 391 4434 usus
414 4370 521 4434 multis
544 4370 745 4434 sermonibus
763 4372 1020 4451 communisset,
1045 4372 1146 4435 veluti
1169 4380 1209 4435 ex‘
1224 4372 1422 4436 Germanicis
1444 4389 1505 4436 non

314 4475 400 4540 nulla
430 4474 575 4556 exempla
606 4473 646 4538 de
677 4475 785 4561 multis
813 4475 919 4539 attulit
948 4474 1078 4540 lacobus
1100 4477 1275 4541 Grimmius
1304 4495 1436 4560 gramm.
1462 4493 1506 4538 uu
