3268 5108
403 409 490 468 lnnnx
513 427 677 470 nnorronmr
699 425 878 470 nssrrrmvn
897 408 990 468 1855.
1243 391 1291 465 85

119 598 194 675 epti
216 597 297 658 Bosii
320 596 418 660 editio
441 597 520 660 haoo
543 595 656 676 babet,
688 599 733 660 Ilo
756 601 882 674 (lninoto
901 599 974 678 filio,
1002 599 1036 678 fit
1058 619 1078 658 o
1101 616 1146 658 me
1174 597 1293 678 qrtidem

117 698 223 774 omnim
246 702 328 764 nosti
340 701 470 782 reliqna.
513 701 543 763 in
560 699 679 782 quibus
690 702 725 782 fit
739 721 760 763 o
775 719 819 762 me
835 721 875 763 ex
890 699 1053 763 decurtato
1069 719 1104 762 se
1119 701 1292 780 sumpsisse

118 800 193 880 dieii,
220 822 293 866 oum
316 805 349 865 in
372 803 520 868 omnibus
543 803 669 866 excusis
691 802 866 885 depravate
892 814 977 866 esset
999 805 1043 866 ita
1064 823 1121 882 me,
1153 801 1185 865 id
1208 802 1293 884 quod

118 905 144 966 in
164 904 296 970 ltedicoo
318 905 425 970 oodioe
454 909 608 988 scriptum
631 917 690 970 est.
737 905 778 970 ad
806 909 912 987 priora
935 907 1036 970 verba
1066 907 1145 969 liaeo
1166 905 1295 968 adnotat

117 1008 252 1072 ineditis
274 1008 618 1090 animadversionibus,
646 1011 691 1072 ‘in
714 1009 811 1073 seidis
834 1021 882 1073 est
904 1013 948 1072 Do
971 1012 1007 1087 Q.
1033 1013 1065 1072 F.
1090 1009 1177 1072 unde
1200 1019 1294 1073 natus

114 1120 155 1174 est
169 1131 254 1174 orror
271 1132 380 1178 eorum
397 1114 452 1195 qui
475 1114 533 1176 bas
555 1123 644 1176 notes
667 1114 867 1196 interpretati
891 1123 966 1176 sunt
987 1113 1024 1176 de
1040 1114 1166 1190 Quincto
1177 1112 1291 1196 fratre.

115 1233 258 1295 agosone
281 1217 480 1281 verissimam
504 1217 650 1280 existimo
673 1218 755 1280 hano
775 1217 977 1298 scripturam,
1006 1219 1049 1279 Da
1073 1219 1199 1294 Quinem
1218 1218 1291 1299 filio,

114 1337 198 1400 quam
225 1319 347 1384 diserte
375 1319 476 1384 relert
499 1320 719 1384 Crusellinus.’
764 1320 825 1382 alia
855 1320 930 1382 olim
959 1321 1029 1383 eins
1056 1321 1163 1402 opinio
1192 1321 1294 1384 luerat

114 1423 225 1504 aliaque
252 1423 286 1486 in
309 1422 402 1486 libris
424 1425 487 1487 illis
510 1425 627 1506 scripta
650 1433 752 1488 erant.
799 1442 871 1486 nam
902 1425 935 1485 io
966 1423 1096 1486 ineditis
1118 1424 1295 1486 adnotatio-

115 1525 200 1589 nibus
229 1527 276 1589 ‘in
305 1523 410 1590 soidis’
447 1527 551 1608 inquit
584 1525 782 1609 ‘compendio
817 1537 981 1590 exaratum
1012 1537 1060 1590 est
1089 1527 1126 1590 de
1156 1529 1192 1603 Q.
1213 1526 1292 1610 fret.

114 1628 189 1710 quod
210 1649 268 1711 ego
291 1630 485 1712 interpretor
512 1631 550 1694 de
572 1632 682 1707 Quinto
703 1630 835 1713 fratris,
869 1629 960 1693 iaoile
991 1631 1077 1692 enim
1105 1629 1296 1693 subauditur

111 1733 174 1812 fitr'o.
218 1733 376 1796 Victorius
398 1734 476 1815 legit
496 1733 534 1796 do
557 1736 592 1812 Q.
616 1735 690 1815 filio,
722 1753 818 1816 quam
848 1735 1038 1816 scripturam
1070 1736 1103 1796 in
1130 1734 1211 1796 meis
1232 1751 1294 1795 non

114 1836 248 1918 reperio)
288 1837 323 1898 in
345 1837 489 1919 proxima
505 1837 641 1918 epistula
670 1833 696 1917 (x
711 1837 741 1920 7)
769 1835 870 1900 edidit
892 1857 946 1900 noo
968 1844 1068 1899 tomen
1091 1840 1123 1900 in
1142 1837 1216 1910 orie,
1243 1837 1297 1899 sod

113 1941 236 2018 llelitoe,
269 1947 325 2003 oni
351 1941 412 2003 olio
442 1941 474 2004 in
496 1941 558 2004 loco
586 1940 682 2004 simili
706 1941 858 2023 oppidulo,
891 1939 1035 2023 fntnrnm
1060 1947 1151 2022 puto,
1189 1959 1295 2021 neque

112 2044 272 2126 quicquam
296 2043 337 2106 de
360 2043 452 2107 libris
474 2045 541 2107 suis
563 2045 597 2106 in
620 2043 715 2108 editis
737 2043 1068 2108 animadversionibus
1090 2041 1232 2106 addidit:
1263 2044 1296 2104 in

111 2147 167 2208 illis
187 2145 420 2211 Parisiensihus
442 2148 614 2230 scripserat
636 2148 724 2226 baec,
760 2149 828 2224 ‘ma
853 2147 939 2229 quod
964 2147 1075 2210 deerat
1105 2149 1137 2209 in
1160 2147 1296 2228 vulgatis

112 2259 174 2331 post
194 2257 306 2328 mmen,
333 2252 533 2332 reposuimus
556 2271 596 2314 ex
618 2251 767 2330 sebadis‚'
791 2249 849 2313 sed
872 2249 993 2314 delevit
1008 2269 1043 2313 ea
1067 2261 1186 2332 postea.
1234 2249 1297 2312 soi-

111 2355 177 2416 licet
199 2353 371 2418 Lambinus
396 2371 443 2418 me
464 2353 643 2418 addiderat.
691 2353 810 2417 deinde
833 2373 851 2416 x
877 2356 910 2416 ll
941 2355 953 2414 l
989 2357 1022 2416 in
1046 2354 1184 2416 Modioeo
1214 2353 1297 2415 libro

111 2467 139 2520 et
158 2458 263 2540 priore
286 2458 416 2522 Victorii
439 2458 579 2522 editione
603 2459 757 2540 scriptum
781 2467 829 2520 ost
851 2457 960 2521 doitino
985 2465 1014 2520 et
1035 2457 1072 2520 de
1093 2475 1199 2520 sorore
1220 2475 1298 2539 potue

110 2559 212 2626 seroie
240 2561 366 2626 uiolento
399 2569 490 2625 sont:
529 2562 561 2624 in
596 2562 751 2644 inpressis
780 2559 1018 2642 exemplaribus
1051 2571 1180 2642 praeter
1218 2559 1297 2622 illud

109 2665 316 2728 victorianum
345 2663 383 2727 de
412 2666 518 2728 itinero
540 2663 766 2747 allegebatur.
821 2665 931 2728 Bosius
959 2665 993 2726 in
1023 2663 1107 2728 edito
1136 2684 1298 2727 eommen-

109 2768 182 2830 tario
210 2767 310 2831 libros
339 2767 587 2831 Tornaesianum
616 2769 816 2831 Huraltinum
847 2769 1061 2832 Crusellinum
1092 2788 1164 2832 eum
1192 2769 1298 2830 Vioto-

110 2872 191 2934 riona
213 2871 373 2953 seriptum
396 2871 587 2952 consentire,
613 2873 646 2934 in
669 2871 833 2936 denurtato
856 2881 962 2934 autem
984 2871 1138 2954 scripturn
1162 2889 1232 2934 esso
1255 2873 1299 2934 ait

109 2987 150 3032 oar
166 2987 231 3034 nna:
249 2987 306 3052 ετι,
342 2973 429 3038 unde
457 2974 533 3038 lecit
562 2973 609 3038 δεῖ
635 2969 758 3060 τιθήνης
785 2971 840 3052 ἔτι,
873 2973 958 3056 quod
988 2975 1131 3056 ineptum
1160 2984 1224 3036 est:
1265 2976 1297 3036 in

108 3078 231 3160 seriptis
265 3076 523 3142 adnotationibus
564 3078 727 3141 decurtato
768 3077 882 3142 tribuit
909 3090 955 3137 ner
973 3089 1077 3154 nunu,
1119 3077 1297 3140 Crusellino

108 3180 143 3242 de
163 3183 257 3257 ititne,
287 3181 467 3263 oonioitque
489 3180 697 3245 scribendum
720 3201 790 3246 esse
814 3182 860 3245 ὃει
881 3182 1006 3266 solnta:
1040 3181 1086 3242 sio
1108 3181 1194 3243 enirn
1218 3181 1298 3242 seri-

108 3287 177 3364 psit.
224 3303 297 3348 mox
320 3304 371 3367 ep.
396 3286 435 3348 ll
459 3287 478 3348 2
502 3288 713 3349 Mommsenns
743 3287 777 3348 in
800 3284 939 3348 Medioeo
961 3284 1043 3346 libro
1066 3285 1143 3365 legit
1164 3285 1218 3348 sed
1244 3303 1298 3347 sor

108 3389 318 3452 interminio.
373 3399 595 3449 nnrnnnnmnon
623 3390 717 3472 ἐρίων
750 3395 778 3452 et
805 3388 916 3451 oceotte
950 3391 982 3450 in
1010 3376 1153 3470 althttam
1187 3406 1339 3452 onero-u

110 3493 184 3554 riom
217 3491 447 3574 oooropondnm,
484 3491 569 3556 unde
597 3493 754 3554 Victorius
786 3489 1010 3576 παραπλευτέον
1044 3490 1130 3554 feeit.
1188 3491 1299 3555 Bosius

109 3595 137 3656 in
167 3594 264 3658 editis
288 3595 546 3658 adnotationibus
571 3596 817 3658 Tornaesianum
849 3605 881 3658 et
908 3595 1119 3659 Crusellinum
1148 3583 1298 3658 babuisse

109 3697 181 3761 dioit
210 3709 283 3758 narn
311 3709 485 3778 omousou,
526 3698 725 3762 decurtatum
756 3709 867 3758 nnrorn
890 3709 1046 3776 ornrmon,
1087 3701 1154 3780 ipse
1190 3698 1298 3780 inepto

108 3803 216 3865 soribit
237 3796 365 3888 mipnpo
386 3795 537 3886 ὄτλητέον.
585 3802 678 3865 aliter
701 3811 810 3864 narrat
838 3803 869 3863 in
901 3800 1042 3882 ineditis,
1081 3805 1218 3866 ‘veteres
1246 3821 1299 3864 ro-

109 3904 193 3969 diros
220 3907 446 3992 παραθλειτεον.
495 3905 626 3968 fortasse
654 3907 898 3992 sepultionem·
946 3907 978 3967 in
1008 3905 1150 3970 eiusdem
1176 3908 1299 3987 epistu-

109 4009 154 4071 lae
176 4011 242 4074 line
269 4012 302 4074 in
324 4009 466 4072 lledioeo
489 4009 570 4072 libro
599 4010 716 4091 scripta
746 4009 824 4072 haee
853 4019 945 4088 sunt,
982 4018 1027 4075 ast
1054 4011 1134 4072 onim
1163 4007 1300 4072 indolens

113 4112 235 4188 [indoles
266 4114 340 4176 olim
376 4112 540 4194 inpressi).
595 4113 680 4176 modo
713 4113 836 4195 aliquod
874 4113 928 4176 boc
961 4115 1001 4176 sit
1036 4123 1111 4170 neon
1135 4125 1298 4190 nannenus,

110 4216 285 4297 similiaque
314 4217 472 4280 Victorius
502 4215 602 4279 dedit.
656 4217 766 4279 bosius
793 4215 895 4278 edidit
923 4205 996 4300 ἦθος
1026 4214 1138 4301 διδαχῇ
1168 4209 1297 4292 ἁλωτόν,

110 4319 214 4401 aitque
255 4321 286 4382 in
327 4319 539 4382 Tornaesiano
581 4329 612 4382 et
654 4320 830 4382 Crusellino
873 4317 968 4382 luisse
999 4331 1222 4393 ixionannos,
1267 4320 1299 4380 in

111 4421 204 4484 soidis
237 4433 430 4486 mulenellos.
488 4422 575 4486 aliud
609 4434 640 4486 et
674 4423 813 4503 ineptius
850 4431 1062 4486 commentum
1102 4424 1133 4483 in
1170 4420 1300 4486 ineditis

113 4537 370 4608 praeparaverat,
404 4528 435 4588 in
466 4525 584 4608 quibus
613 4527 860 4591 Tornaesianum
889 4525 967 4590 dien
994 4524 1113 4590 babere
1142 4525 1297 4612 anmoins,
