3184 5108
323 347 398 424 272
617 361 705 422 bom
728 375 895 420 neonem
918 374 1102 420 ιιιιιιιιιιιιιι
1120 355 1215 418 1864.

321 548 471 630 tentibus,
497 549 595 615 armis
623 549 708 615 circo
736 554 764 610 et
785 547 900 613 cotecis
924 544 1133 628 stemeutibtce,
1165 563 1226 608 non
1248 542 1388 610 micet
1411 545 1495 609 tintc-

323 661 380 716 tem
402 671 456 717 nec
473 650 675 716 absconderit.
721 668 782 711 noo
804 656 849 715 ert
869 650 949 712 enim
969 667 1099 715 eccere
1120 665 1152 712 ee
1173 646 1311 724 obruere,
1336 654 1371 710 ct
1391 649 1493 728 opinor.

325 757 438 822 curios
453 757 600 821 Dentatus
621 751 723 818 otooct
743 751 834 817 molle
855 769 920 816 erse
941 770 974 814 ce
995 759 1147 816 moretum
1169 767 1260 832 qtcum
1282 750 1397 814 vivere.
1435 749 1496 812 uiti-

322 877 405 922 mum
432 858 584 922 motorum
611 864 656 920 est
683 875 699 920 e
727 856 868 918 vivorum
894 873 1021 921 numero
1049 855 1138 918 occire
1165 860 1327 934 uunquam
1354 853 1495 916 morimie

324 981 388 1024 non
416 960 497 1026 solet
524 961 644 1024 Seneca
672 959 902 1024 sentcntinmm
932 976 1062 1024 suerum
1095 959 1161 1022 vim
1195 965 1258 1021 tem
1287 956 1392 1020 inutili
1418 955 1498 1022 addi·

301 1073 465 1128 ttemcnto
486 1063 662 1144 infringere
679 1063 772 1144 quale
794 1062 847 1124 bic
867 1069 916 1126 est
939 1063 982 1124 ite
1004 1059 1135 1142 quidem
1149 1059 1310 1124 adiectum
1330 1047 1371 1122 ud
1392 1061 1496 1141 opinor.

327 1185 426 1248 quere
448 1166 609 1248 aliquanto
630 1166 740 1236 scitius
762 1165 910 1247 plerique
932 1172 967 1228 ut
987 1165 1095 1246 opinor
1117 1162 1197 1228 illud
1224 1181 1296 1228 cunr
1319 1161 1405 1226 Curii
1425 1163 1500 1226 lien·

325 1271 381 1334 teti
405 1270 699 1333 commemoratione
729 1269 938 1348 coniungtmt,
969 1276 1005 1331 ut
1026 1266 1188 1348 ambigere
1211 1285 1246 1330 ee
1268 1267 1388 1330 Seneca
1412 1265 1500 1346 signi-

326 1374 400 1436 ficet
420 1382 530 1438 utrum
546 1372 661 1436 Curius
682 1370 768 1432 illem
790 1371 981 1434 sententium
1004 1370 1173 1451 pmtulerit
1191 1387 1232 1432 an
1246 1368 1328 1433 elius
1343 1369 1499 1450 quispiam.

326 1473 405 1539 ierri
420 1483 507 1538 certe
530 1475 589 1537 boc
609 1474 741 1539 fortasse
763 1481 877 1554 potest.
920 1471 978 1536 sed
1000 1472 1091 1536 inicit
1107 1481 1214 1537 tamen
1230 1472 1414 1552 scrupulum
1428 1469 1501 1552 quod

326 1597 368 1642 nc
390 1580 423 1641 in
447 1575 603 1642 eiusmodi
625 1575 757 1659 quidem
785 1593 879 1640 ceusu
902 1577 1022 1638 Sencce
1051 1586 1114 1640 tem
1136 1573 1322 1641 dubitanter
1350 1575 1434 1655 ioqui
1460 1593 1502 1636 sc-

327 1682 388 1744 iet:
422 1681 516 1744 immo
545 1698 618 1744 cum
646 1679 750 1743 ineis
778 1697 860 1760 qune
889 1679 1027 1760 exempli
1057 1696 1152 1742 ceusu
1179 1687 1289 1742 narret
1317 1687 1456 1758 tempore
1478 1687 1504 1740 et

327 1803 480 1867 personas
503 1781 589 1846 bend
612 1801 682 1847 rem
705 1779 890 1860 contundet,
915 1799 1072 1862 nusquam
1095 1779 1327 1846 dubitationem
1348 1781 1501 1862 significet,

327 1886 386 1950 sed
415 1885 626 1950 confidentius
654 1895 751 1952 erret.
805 1884 909 1964 ipsum
937 1893 1043 1946 eutem
1074 1883 1161 1949 Curii
1189 1883 1310 1948 dictum
1341 1885 1383 1947 ite
1412 1883 1504 1964 expli·

229 1993 234 2002 '
328 1999 401 2052 cent
429 1999 466 2052 ut
494 1987 535 2052 ed
563 1986 694 2052 vivendi
717 1985 853 2056 verbum
882 1995 1045 2067 repetetur
1072 1994 1225 2052 mortuum
1251 1985 1449 2067 dixeritque,
1475 1995 1506 2048 ut

328 2092 425 2173 Lipsii
454 2090 564 2155 verbis
592 2099 732 2169 utemur,
769 2089 862 2155 malle
890 2108 925 2152 se
956 2108 991 2153 re
1019 2108 1097 2156 vere
1125 2107 1194 2156 esee
1228 2099 1387 2156 mortuum
1420 2107 1505 2170 quom
1575 2155 1576 2176 ζ

330 2203 490 2258 mortuum
515 2194 599 2260 inter
613 2195 703 2256 vivos
717 2211 825 2273 egere.
871 2210 976 2273 nequo
999 2211 1166 2274 possumus
1183 2192 1278 2257 aliter
1300 2191 1505 2274 interpretari,

329 2298 356 2359 si
379 2296 460 2360 nibil
481 2295 604 2360 librarii
628 2305 853 2378 peccaverunt.
899 2294 957 2359 sed
972 2293 1106 2364 obscum
1121 2294 1292 2362 admodum
1314 2305 1348 2358 et
1368 2294 1506 2376 perplexe

330 2409 380 2462 cst
400 2399 480 2464 baec
500 2400 610 2468 cretio.
657 2417 757 2480 quere
784 2397 962 2464 videndum
990 2409 1038 2462 cst
1069 2417 1109 2464 ne
1133 2401 1176 2464 ite
1199 2401 1320 2464 Senece
1342 2397 1504 2480 scripserit,

330 2522 391 2565 noo
413 2510 458 2568 cot
479 2503 558 2564 enim
586 2519 714 2566 novare
740 2518 773 2566 te
794 2499 932 2564 obrucre.
979 2520 1062 2584 mm,
1092 2503 1270 2584 etapium,
1304 2503 1417 2564 Combe
1435 2502 1507 2562 Deo-

331 2613 412 2670 totos
441 2604 540 2670 oiebct
568 2605 659 2668 maile
687 2621 752 2668 cese
778 2622 812 2666 re
838 2611 990 2669 moretm
1019 2623 1110 2688 quom
1139 2623 1248 2670 vmnu.
1302 2623 1385 2682 cere,
1415 2603 1507 2666 idest

332 2718 418 2772 recto
440 2719 536 2790 etque
560 2709 643 2787 iure,
668 2717 705 2772 ut
724 2707 853 2789 saepius
875 2705 1003 2772 dicitur.

416 2812 497 2874 Diei.
520 2829 550 2875 xl
577 2809 626 2892 (ed
649 2808 812 2891 Polybium
831 2808 873 2871 de
889 2807 1108 2892 consolatione)
1130 2812 1147 2872 i
1170 2813 1189 2876 2
1212 2809 1260 2892 (23
1279 2811 1309 2894 2)
1330 2813 1425 2874 onmis
1440 2814 1507 2891 ἀρι-

332 2915 405 2978 dum
426 2915 565 2976 mortalis
587 2913 799 2993 circumspice:
833 2913 924 2996 lnryo
945 2911 1053 2994 thccue
1072 2911 1167 2993 fiendi
1187 2921 1215 2980 et
1236 2913 1371 2978 amuco
1391 2912 1508 2976 euterio

332 3026 387 3082 est.
433 3017 530 3082 odium
545 3014 586 3078 od
600 3015 784 3080 cotidianum
806 3033 880 3097 opus
903 3014 1058 3078 laborioso
1077 3023 1194 3100 euectus
1215 3025 1312 3094 coeat,
1338 3017 1431 3080 cliton
1450 3033 1507 3075 om-

333 3119 403 3184 bitt'e
425 3135 591 3201 numqttum
612 3121 713 3200 noceto
733 3119 885 3195 sollicitat,
917 3119 999 3184 utos
1021 3117 1146 3182 dictim
1173 3137 1249 3201 quoe
1271 3127 1430 3201 optaverat
1454 3135 1508 3178 nte-

333 3225 390 3286 tuit
416 3231 443 3286 et
471 3230 537 3286 voto
567 3221 687 3288 loborat
714 3240 781 3298 uuo,
811 3222 907 3284 otium
936 3221 1115 3300 solicitudo,
1153 3223 1250 3286 olium
1276 3221 1365 3286 labor
1392 3227 1504 3302 ιοιφιιεί,
1574 3189 1575 3240 ³

333 3327 429 3390 citiam
456 3343 576 3406 semper
597 3323 777 3390 vertentem
798 3323 937 3390 obsideor
963 3323 1066 3388 turbo.
1112 3325 1208 3388 nimis
1234 3326 1412 3406 generatim
1439 3322 1509 3386 diei·
1574 3355 1575 3392 ι

333 3438 388 3492 tur
408 3427 588 3506 sollicitudo,
619 3426 706 3490 labor
733 3437 839 3490 eutem
869 3429 990 3509 inepte,
1022 3446 1095 3492 oum
1124 3427 1186 3490 inm
1213 3439 1452 3492 commemorota
1475 3425 1508 3486 sit
1574 3405 1575 3452 ¹

334 3530 488 3596 laborioso
510 3537 636 3614 eqertoo.
685 3529 920 3595 removebimus
949 3530 1047 3610 igitur
1074 3529 1160 3610 qued
1188 3532 1270 3594 mele
1303 3529 1445 3594 additum
1470 3535 1508 3590 est

334 3632 576 3714 scribemusque
620 3633 716 3696 otium
740 3651 886 3698 sonnino
915 3640 1041 3715 ιοιᾳιιιι,
1074 3633 1169 3696 oium
1198 3651 1317 3716 temper
1345 3631 1508 3698 veteomor·

335 3735 473 3800 metuens
496 3735 597 3800 trtrbo.

421 3839 501 3904 nial.
524 3856 565 3902 ιιι
593 3837 642 3920 (ed
665 3838 809 3900 Helviam
831 3847 965 3901 matrem
994 3836 1035 3902 de
1057 3838 1276 3922 consolatione)
1306 3840 1344 3900 to
1368 3841 1387 3900 3
1415 3837 1442 3921 (9
1465 3833 1501 3917 tt)

334 3943 420 4006 uitro
443 3941 556 4004 anein
583 3942 654 4022 copi
679 3941 784 4004 volunt
809 3941 888 4024 qtcod
914 3939 1103 4006 oetbdioeom
1127 3945 1274 4025 pepinum
1296 3945 1439 4018 ιἰιιιιιιαι,
1465 3953 1507 4000 ott

333 4045 416 4128 piqd
436 4063 457 4106 c
481 4043 613 4122 Parthie,
639 4064 660 4106 c
680 4043 788 4125 quibus
809 4043 1077 4126 condempnetur
1099 4047 1284 4127 repetiimus,
1317 4063 1390 4108 oues
1408 4051 1504 4126 peuc-

336 4147 469 4229 undique
483 4145 652 4210 convehunt
664 4148 766 4210 omnio
787 4155 859 4212 octo
877 4146 1049 4229 fastidienti
1064 4147 1165 4232 quiue.
1211 4149 1335 4228 ilneeio,
1359 4159 1395 4212 ut
1412 4145 1507 4208 metior

337 4250 428 4315 fieret
449 4250 559 4328 oratio,
591 4258 662 4330 post
685 4249 818 4330 undique
846 4248 966 4312 addere
987 4251 1092 4314 visum
1115 4260 1164 4313 est
1192 4253 1359 4314 rarissimo
1380 4261 1503 4332 qrmouut·

338 4363 370 4416 et
392 4351 472 4416 nihii
494 4349 677 4415 addendum
700 4371 771 4414 esse
795 4361 954 4432 putemus,
983 4352 1043 4416 sed
1065 4365 1183 4418 remoto
1205 4353 1355 4436 languido
1375 4346 1506 4416 vocabulo
1573 4399 1574 4408 ,

337 4453 545 4518 scribendum
567 4453 700 4535 undique
721 4453 888 4518 conectunt
909 4459 1012 4520 monio
1029 4455 1202 4538 fastidierit
1222 4457 1324 4540 quine.
1370 4453 1503 4522 absolute,
