3204 5104
387 371 475 432 lanan
496 387 662 432 tronione!
685 387 868 432 aroannam
890 370 981 432 1866.
1204 357 1277 430 345

242 557 434 642 sranqentam
454 559 564 640 aucas
587 558 742 639 scopatam
760 558 836 639 serit
857 567 912 620 aot
933 559 1014 621 latas
1037 561 1094 622 alti

245 663 355 724 mantis
378 661 464 724 adest
485 679 644 742 saumque
666 660 725 722 sibi
742 669 838 742 parat
858 661 943 724 anda
965 663 1100 724 ruinam.

105 763 269 844 Bentlcius,
301 783 372 828 cum
402 764 529 826 Grotius
558 762 692 826 dixisset
720 764 807 826 adest
834 763 917 826 idem
949 784 1018 828 esse
1045 775 1140 847 atque
1164 767 1275 844 adedit,

104 866 173 928 baec
192 865 376 949 adscripsit,
410 869 498 948 ‘quis
520 885 671 947 umquam
694 867 775 930 dixit
798 867 884 930 adest
905 887 962 948 pro
986 868 1109 933 adedit?
1137 877 1198 946 est,
1228 889 1279 932 aa·

104 977 183 1046 meat,
214 979 320 1048 aaast;
351 969 408 1034 sed
432 989 604 1052 numquam
634 970 720 1034 adest
747 969 788 1033 ob
810 969 1004 1052 ambiguum.
1052 973 1127 1035 latet
1149 972 1278 1053 aliquod

103 1073 224 1136 vitium)
269 1083 401 1155 propter
423 1073 661 1155 ambiguitatem
677 1075 802 1136 Latinos
824 1093 887 1136 non
911 1072 1029 1138 dixisse
1052 1075 1138 1138 adest
1160 1095 1217 1158 pro
1240 1096 1278 1138 eo

100 1175 175 1257 quod
197 1187 245 1240 ost
268 1177 371 1240 adedit
384 1179 438 1238 vix
462 1187 549 1240 recte
565 1180 691 1240 statuit:
718 1179 763 1240 sie
786 1179 871 1239 enim
894 1196 935 1240 na
958 1177 1153 1259 estquidam
1176 1178 1278 1242 dixis·

99 1290 162 1342 sent
183 1279 300 1344 edendi
324 1281 571 1362 significatione:
598 1280 719 1343 accedit
735 1279 819 1361 quod
836 1282 868 1342 in
885 1279 983 1342 verbo
1006 1283 1172 1344 transitivo
1190 1283 1277 1345 nulla

99 1394 284 1466 potestesse
307 1383 494 1446 obscuritas.
542 1393 647 1444 tamen
677 1402 783 1464 neque
812 1403 945 1464 usquam
976 1385 1053 1447 alias
1084 1385 1170 1448 adest
1198 1385 1276 1448 illud

98 1489 252 1552 invenitur
280 1506 387 1568 neque
416 1507 433 1549 a
457 1489 580 1549 Lucano
609 1489 736 1550 omnino
758 1486 888 1551 videtur
918 1489 1058 1569 potuisse
1081 1488 1156 1552 dici.
1204 1507 1275 1551 nam

99 1593 185 1652 maris
213 1589 300 1653 unda
328 1591 409 1654 latus
439 1592 555 1653 montis
583 1588 741 1653 admdens
775 1591 859 1671 longi
890 1601 922 1652 et
951 1593 1092 1655 continui
1125 1593 1278 1672 temporis

99 1695 249 1757 notionem
279 1695 383 1756 animo
413 1694 519 1756 offert:
551 1695 694 1756 Lucanus
722 1703 829 1757 autem
852 1695 1016 1776 procellosi
1039 1696 1135 1758 maris
1158 1693 1275 1758 undam

97 1796 243 1860 describit
265 1816 347 1879 quae
371 1799 403 1859 in
426 1798 524 1860 altum
544 1815 680 1876 surgens
695 1798 812 1860 excelsi
836 1799 937 1860 litoris
960 1799 1041 1860 latus
1056 1797 1221 1861 adscendit
1244 1809 1276 1860 et

96 1911 156 1963 tum
172 1902 301 1963 corruit.
341 1901 445 1962 aliena
463 1909 511 1962 est
528 1901 624 1980 igitur
647 1899 791 1962 diuturni
807 1902 959 1984 temporis
975 1902 1130 1982 cogitatio.
1170 1920 1275 1983 neque

95 2003 229 2067 adedens
259 2003 345 2066 unda
373 2015 405 2066 et
433 2022 586 2066 corruens
615 2013 699 2066 reete
729 2005 814 2065 inter
842 2024 875 2068 se
903 2015 1118 2086 opponuntur.
1169 2007 1276 2086 itaque

95 2110 164 2170 latet
185 2125 261 2170 sane
286 2109 411 2171 vitium.
459 2108 554 2169 immo
575 2107 780 2188 perspicuum
796 2117 860 2170 cst:
887 2109 1013 2189 scripsit
1032 2111 1117 2172 enim
1134 2112 1277 2172 Lucanus

94 2231 173 2290 nnn,
199 2211 232 2273 id
255 2221 303 2272 est
325 2209 513 2290 adgreditur
535 2211 626 2291 quasi
650 2221 880 2292 expugnatura.

174 2315 322 2378 Martialis
344 2313 418 2374 libri
441 2333 470 2375 m
494 2315 721 2396 epigrammate
745 2316 785 2375 98
809 2316 956 2378 molestos
979 2316 1153 2378 basiatores
1175 2315 1275 2379 laceto

92 2417 243 2480 describit
264 2435 381 2499 eosque
406 2437 468 2480 nou
491 2416 685 2498 sperandum
710 2437 779 2480 csse
810 2418 875 2480 lore
898 2429 933 2482 ut
957 2422 1125 2501 quisquam
1148 2421 1277 2500 effugiat

92 2523 255 2585 lateralia
279 2522 328 2582 his
350 2520 500 2584 versibus
522 2510 690 2599 adfirmat,¹

241 2644 302 2712 aon
325 2632 351 2686 ta
373 2624 501 2688 cucullis
524 2623 645 2687 adseret
666 2632 757 2706 caput
778 2632 896 2702 actual,

242 2729 347 2791 lectica
367 2746 423 2789 nac
444 2735 471 2789 ta
493 2735 558 2790 tata
577 2728 656 2809 pelle
678 2729 799 2810 veloque

241 2851 296 2895 neo
318 2829 483 2893 vindicabit
504 2831 581 2893 sella
603 2833 726 2913 saepias
748 2833 853 2894 clusa:

242 2938 340 2998 rimas
359 2951 418 3016 per
440 2951 540 2996 ammo
563 2932 699 2996 basiator
721 2934 857 2998 intrabit.

90 3041 231 3102 Nicotaus
261 3039 410 3102 Heinsius
440 3038 472 3098 in
502 3036 655 3100 vocabulo
683 3037 767 3118 quod
797 3049 846 3100 cst
874 3045 940 3101 tata
969 3056 1031 3100 uon
1063 3048 1147 3101 reeta
1175 3040 1276 3103 haesit

89 3144 275 3224 putavitque
297 3139 502 3203 scribendum
526 3159 595 3202 esse
618 3148 704 3217 sata,
733 3140 819 3221 quod
841 3159 881 3203 ne
906 3141 982 3203 lerri
1006 3141 1135 3223 quidem
1158 3151 1273 3231 potest.

89 3246 143 3309 sed
168 3247 253 3309 idam
278 3255 363 3308 recte
387 3245 542 3307 intellexit
558 3245 681 3326 saepius
702 3243 788 3325 quod
803 3245 945 3325 proximo
961 3264 1058 3308 versu
1074 3245 1191 3326 legitur
1207 3267 1276 3308 csse

88 3349 327 3432 corrigendum:
358 3365 548 3429 quamquam
572 3365 654 3427 quae
677 3346 871 3410 substituere
894 3348 1007 3427 voluit,
1038 3347 1168 3430 pellibus
1190 3351 1277 3413 elasa

90 3455 138 3515 vel
156 3454 281 3536 penitas
303 3453 439 3527 occlusa,
465 3469 574 3513 eorum
596 3451 687 3531 prius
709 3451 802 3532 pellis
817 3450 970 3513 vocabulo
988 3451 1120 3513 moleste
1144 3455 1277 3533 repetito

87 3556 252 3638 displicet,
281 3566 431 3618 neutrum
454 3555 523 3616 veri
546 3555 649 3615 simile
672 3564 730 3616 cst.
778 3552 834 3616 sed
858 3554 1081 3635 corrigendum
1105 3574 1173 3617 esse
1198 3557 1277 3618 illud

86 3663 208 3744 saeptas
238 3670 361 3722 certum
392 3667 456 3721 est:
494 3675 599 3738 nequa
630 3658 715 3719 enim
745 3657 824 3719 sella
853 3675 934 3738 quac
962 3657 1111 3738 pluribus
1138 3658 1277 3740 pellibus

86 3766 205 3827 valisva
222 3763 407 3826 adcuratius
422 3761 475 3822 vel
497 3761 631 3841 spissius
654 3761 741 3822 elusa
764 3769 813 3822 est
835 3763 963 3842 saepius
978 3762 1065 3824 clusa
1080 3760 1143 3823 dici
1160 3772 1275 3844 potest,

86 3867 169 3948 quod
191 3867 347 3948 temporis
376 3863 472 3926 habet
500 3864 771 3945 significationem.
818 3881 881 3926 una
912 3866 1016 3928 littera
1038 3864 1161 3928 adiecta
1184 3884 1276 3928 suum

86 3971 216 4034 llartiali
242 3967 443 4046 retribuitur,

240 4093 295 4137 neo
316 4069 482 4136 vindicabit
506 4071 582 4134 sella
604 4087 737 4132 suenrus
759 4070 857 4134 elusa.
