3204 5104
398 1077 571 1176 INDEX
597 1075 915 1176 LEOTIONVM
946 1075 1309 1173 HIBERNARVM
1340 1083 1456 1174 1867.

340 1329 637 1459 Adgredientibus
660 1379 752 1442 nobis
781 1378 895 1441 menda
918 1379 1036 1460 aliquot
1059 1379 1169 1440 tollore
1192 1399 1233 1442 ex
1254 1378 1347 1440 libris
1368 1381 1405 1440 ll.
1428 1378 1509 1440 Tullii

340 1481 519 1545 verendum
542 1502 643 1564 paene
666 1492 714 1544 est
737 1501 778 1544 ne
800 1501 862 1546 non
885 1481 985 1544 simus
999 1501 1113 1562 operae
1129 1483 1266 1563 pretium
1283 1482 1406 1544 lacturi.
1447 1499 1510 1542 nam

341 1587 372 1648 in
396 1605 458 1648 non
482 1585 578 1648 nullis
600 1605 709 1648 eorum
736 1604 817 1666 quae
840 1583 1074 1666 disputabimus
1094 1585 1137 1648 ab
1163 1605 1201 1648 eo
1223 1587 1292 1648 viro
1322 1584 1511 1648 dissentimus

340 1690 390 1750 cui
414 1690 446 1750 in
471 1689 529 1750 hac
558 1689 734 1752 litterarum
763 1697 853 1769 parte
882 1689 1054 1769 plurimum
1083 1688 1227 1752 tribuere
1255 1690 1407 1765 solemus;
1437 1697 1509 1750 unta

339 1801 388 1856 est
410 1803 515 1855 autern
539 1793 571 1854 in
588 1792 711 1854 Nicolao
726 1791 881 1872 Madvigio
896 1793 997 1854 Latini
1021 1793 1176 1854 sermonis
1194 1793 1327 1874 peritia,
1353 1802 1414 1853 tam
1428 1809 1510 1872 sagax

340 1905 371 1957 et
393 1895 504 1958 sollers
527 1905 574 1958 cst
597 1895 631 1956 in
653 1897 787 1957 veritate
811 1915 851 1956 ex
873 1895 960 1958 ialsis
981 1906 1077 1976 atque
1100 1895 1245 1958 obscuris
1272 1894 1432 1974 eruenda,
1457 1904 1508 1956 tam
1583 1881 1584 1888 ἵ

340 2008 426 2062 recto
448 2009 480 2060 et
502 2001 627 2060 sincero
649 1999 750 2061 utitur
773 1997 889 2062 iudicio
918 1995 1008 2079 (quae
1031 2019 1153 2061 summa
1176 1999 1258 2061 docti
1274 2000 1411 2062 hominis
1423 2000 1509 2060 virtus
1583 1981 1584 2020 ³

339 2111 403 2180 est,
429 2101 488 2164 sed
509 2121 526 2164 a
552 2103 659 2164 multis
681 2102 735 2182 qui
754 2102 908 2182 ingeniosi
925 2100 1019 2164 bodie
1035 2101 1195 2166 habentur
1209 2101 1339 2186 aliena),
1364 2111 1399 2166 ut
1412 2101 1508 2164 merito
1583 2139 1584 2192 ἦ

339 2204 395 2265 tihi
420 2203 546 2268 diffidas
569 2206 715 2285 quotiens
737 2224 755 2266 a
770 2207 928 2268 sententia
943 2205 1013 2268 eius
1028 2205 1257 2270 discedendum
1273 2216 1329 2270 aut
1343 2205 1507 2270 adsecutum
1583 2243 1584 2298 p

338 2317 370 2369 te
394 2326 463 2370 esse
485 2317 579 2389 putas
598 2307 684 2388 quod
707 2309 759 2370 illo
776 2307 893 2371 frustra
909 2309 1122 2390 investigavit.
1162 2328 1276 2372 verum
1293 2310 1326 2372 in
1343 2310 1400 2372 bac
1414 2327 1508 2370 enien-

338 2409 516 2474 dandorum
530 2421 678 2474 veterum
700 2410 854 2474 librorum
870 2421 954 2489 arte,
980 2432 1061 2493 quae
1085 2413 1251 2494 multiplici
1274 2431 1371 2493 quam
1393 2411 1508 2494 requirit
1583 2407 1584 2434 ³

340 2515 533 2578 minutarum
556 2533 651 2594 saepe
675 2533 783 2577 rerum
806 2515 1056 2578 consideratione
1079 2535 1142 2578 non
1158 2516 1352 2595 absolvitur,
1375 2515 1430 2579 sed
1443 2534 1508 2597 opus

338 2619 433 2680 etiam
456 2616 552 2680 habet
574 2618 643 2680 sive
665 2637 739 2700 casu
761 2617 848 2681 lelioi
870 2620 938 2680 sive
960 2619 1064 2699 potius
1088 2621 1256 2702 repentina
1285 2621 1331 2682 rei
1355 2631 1434 2702 quae
1454 2637 1507 2680 me
1583 2695 1584 2700 ἵ

338 2732 480 2783 mentum
511 2719 584 2782 lacit
612 2723 781 2801 memoria,
814 2722 883 2784 lieri
911 2741 973 2783 non
1003 2731 1107 2803 potest
1136 2723 1215 2804 quin
1241 2725 1410 2804 primarios
1429 2724 1506 2785 etiam

338 2824 481 2887 homines
504 2825 600 2888 mrdta
616 2823 736 2886 fallant.
784 2826 892 2908 itaque
914 2826 992 2888 sioni
1016 2845 1080 2888 non
1102 2827 1189 2889 nulla
1206 2829 1325 2890 rectius
1343 2827 1506 2906 intellegere

337 2929 521 3008 eontigerit,
555 2927 706 3008 gaudebit
733 2947 826 3007 sane,
859 2929 916 2991 sed
945 2930 1006 2992 nisi
1036 2930 1141 2993 latuus
1169 2940 1217 2993 est
1240 2931 1365 3011 pusillis
1388 2929 1506 2994 inventis

337 3049 443 3112 neque
460 3029 647 3110 gloriabitur
662 3051 769 3113 nequo
784 3031 824 3094 ad
841 3051 950 3096 eorum
969 3034 1209 3096 insectationem
1224 3034 1377 3098 abutetur
1391 3051 1504 3116 quorun

337 3153 450 3216 magna
473 3136 586 3196 messis
608 3135 711 3215 spicas
733 3135 803 3198 aliis
825 3135 976 3216 legendas
1000 3137 1138 3218 reliquit.

423 3236 486 3299 Sed
509 3247 616 3300 utrum
639 3257 716 3300 vera
738 3247 792 3302 aut
813 3240 928 3302 similia
950 3241 1061 3302 saltem
1085 3241 1152 3303 veri
1175 3241 1240 3303 sint
1269 3261 1352 3324 quae
1374 3239 1504 3324 pmlaturi

336 3359 445 3404 sumus
468 3343 689 3424 possimusque
712 3341 852 3422 gaudere
874 3361 914 3406 an
930 3344 1047 3406 frustra
1069 3343 1321 3408 laboraverimus
1336 3365 1440 3408 eorum
1453 3353 1504 3404 esto

336 3441 489 3506 iudicium
513 3445 568 3523 qui
592 3454 623 3508 et
645 3445 776 3526 cogitata
798 3445 900 3508 solent
922 3445 1071 3511 adcurate
1087 3466 1124 3512 ao
1139 3447 1300 3514 subtiliter
1323 3445 1504 3532 perpendere

337 3554 368 3606 ot
396 3545 570 3608 Tullianam
595 3547 733 3610 dicendi
762 3549 1023 3612 consuetudinem
1054 3551 1308 3631 perdidicerunt.
1362 3551 1401 3616 ad
1428 3567 1503 3632 quum

335 3648 598 3712 consuetudinem
621 3660 718 3732 atque
739 3654 866 3716 omnino
887 3652 929 3716 ad
948 3655 1048 3716 Latini
1071 3655 1226 3718 sermonis
1248 3675 1344 3719 usum
1366 3675 1425 3718 non
1443 3655 1503 3716 satis

335 3751 486 3836 videntur
518 3752 693 3818 attendisse
726 3757 782 3836 qui
811 3767 953 3819 veterem
983 3757 1143 3838 quandam
1172 3760 1357 3840 opinionem
1385 3769 1502 3822 nostran

335 3855 570 3938 spreverunt.*)
619 3875 714 3939 quam
743 3878 814 3922 cum
838 3860 1035 3922 retinendam
1059 3881 1131 3924 esse
1159 3847 1363 3943 censeamus,
1393 3863 1431 3926 ab
1449 3863 1503 3924 eius

334 3957 571 4022 confirmatione
593 3959 719 4024 initium
742 3961 846 4025 iacere
869 3963 1013 4026 volumus
1036 3965 1282 4028 commentandi.

421 4063 455 4124 ln
472 4062 553 4124 libro
570 4063 666 4144 igitur
688 4063 728 4127 do
753 4065 877 4146 legibus
893 4085 902 4127 r
919 4065 936 4149 §
952 4067 994 4128 35*
1016 4079 1182 4150 postquam
1198 4071 1321 4133 liorem
1338 4071 1412 4132 haec
1425 4066 1497 4140 dixit

334 4183 411 4248 quoa
429 4168 690 4246 praemuniuntur
705 4173 808 4231 omnia
828 4170 943 4252 reliquo
959 4172 1092 4233 sermoni
1113 4172 1367 4256 disposicionem
1387 4178 1496 4234 melam

334 4286 391 4349 qam
410 4269 536 4350 facilior
559 4271 607 4332 ius
631 4271 662 4332 ia
684 4279 800 4334 aeterra
815 4291 879 4336 esse
898 4276 1030 4355 positum
1045 4276 1177 4358 obtollepi
1194 4279 1310 4358 possit:
1334 4279 1370 4339 da
1383 4288 1496 4359 praem

403 4424 427 4485 *l
454 4422 676 4576 [jcemnmnorato
701 4433 757 4478 erat
781 4442 798 4476 α
825 4429 941 4490 Kaysero
965 4434 992 4480 tn
1011 4431 1175 4495 mactatione
1198 4435 1233 4482 cd
1254 4421 1369 4484 Ciceros.
1392 4431 1435 4480 rol.
1456 4423 1496 4474 llll

330 4523 357 4572 p.
381 4510 431 4560 XX
437 4511 463 4558 V.
