<?xml version="1.0" encoding="UTF-8"?>
<!DOCTYPE html PUBLIC "-//W3C//DTD XHTML 1.0 Transitional//EN"
    "http://www.w3.org/TR/xhtml1/DTD/xhtml1-transitional.dtd">
<html xmlns="http://www.w3.org/1999/xhtml" xml:lang="en" lang="en">
 <head>
  <title>
</title>
<meta http-equiv="Content-Type" content="text/html;charset=utf-8" />
  <meta name='ocr-system' content='tesseract 3.04.00' />
  <meta name='ocr-capabilities' content='ocr_page ocr_carea ocr_par ocr_line ocrx_word'/>
</head>
<body>
  <div class='ocr_page' id='page_1' title='image "./mavriciihavptii00haupgoog/mavriciihavptii00haupgoog_0134.png"; bbox 0 0 3186 5108; ppageno 0'>
   <div class='ocr_carea' id='block_1_1' title="bbox 122 1329 1201 1461">
    <p class='ocr_par' dir='ltr' id='par_1_1' title="bbox 122 1329 1201 1461">
     <span class='ocr_line' id='line_1_1' title="bbox 122 1329 1201 1461; baseline -0.008 -24"><span class='ocrx_word' id='word_1_1' title='bbox 122 1337 287 1437; x_wconf 80' lang='lat' dir='ltr'>INDEX</span> <span class='ocrx_word' id='word_1_2' title='bbox 319 1333 640 1461; x_wconf 74' lang='lat' dir='ltr'><strong>uuelluuvu</strong></span> <span class='ocrx_word' id='word_1_3' title='bbox 671 1329 1040 1432; x_wconf 77' lang='lat' dir='ltr'><strong>lusulvluvu</strong></span> <span class='ocrx_word' id='word_1_4' title='bbox 1076 1338 1201 1429; x_wconf 86' lang='grc'><strong>1857.</strong></span> 
     </span>
    </p>
   </div>
   <div class='ocr_carea' id='block_1_2' title="bbox 74 1593 1258 4620">
    <p class='ocr_par' dir='ltr' id='par_1_2' title="bbox 77 1593 1256 2550">
     <span class='ocr_line' id='line_1_2' title="bbox 80 1593 1255 1720; baseline -0.007 -17"><span class='ocrx_word' id='word_1_5' title='bbox 80 1593 288 1704; x_wconf 71' lang='lat' dir='ltr'><strong>Litteratores</strong></span> <span class='ocrx_word' id='word_1_6' title='bbox 305 1649 431 1702; x_wconf 86' lang='lat' dir='ltr'><strong>veteres</strong></span> <span class='ocrx_word' id='word_1_7' title='bbox 453 1641 515 1702; x_wconf 88' lang='lat' dir='ltr'><strong>otio</strong></span> <span class='ocrx_word' id='word_1_8' title='bbox 537 1657 633 1720; x_wconf 87' lang='lat' dir='ltr'><strong>saepe</strong></span> <span class='ocrx_word' id='word_1_9' title='bbox 652 1637 768 1700; x_wconf 80' lang='lat' dir='ltr'><strong>abusos</strong></span> <span class='ocrx_word' id='word_1_10' title='bbox 783 1656 853 1700; x_wconf 89' lang='lat' dir='ltr'><strong>esse</strong></span> <span class='ocrx_word' id='word_1_11' title='bbox 876 1635 917 1698; x_wconf 89' lang='lat' dir='ltr'><strong>od</strong></span> <span class='ocrx_word' id='word_1_12' title='bbox 941 1636 1052 1698; x_wconf 87' lang='lat' dir='ltr'><strong>inanes</strong></span> <span class='ocrx_word' id='word_1_13' title='bbox 1066 1633 1255 1717; x_wconf 89' lang='lat' dir='ltr'><strong>quaestiun-</strong></span> 
     </span>
     <span class='ocr_line' id='line_1_3' title="bbox 79 1738 1256 1823; baseline -0.006 -19"><span class='ocrx_word' id='word_1_14' title='bbox 79 1745 153 1806; x_wconf 81' lang='lat' dir='ltr'><strong>rulas</strong></span> <span class='ocrx_word' id='word_1_15' title='bbox 173 1745 291 1807; x_wconf 90' lang='lat' dir='ltr'><strong>minuta</strong></span> <span class='ocrx_word' id='word_1_16' title='bbox 315 1741 482 1823; x_wconf 76' lang='lat' dir='ltr'><strong>diligentia</strong></span> <span class='ocrx_word' id='word_1_17' title='bbox 505 1739 718 1805; x_wconf 86' lang='lat' dir='ltr'><strong>instituendas</strong></span> <span class='ocrx_word' id='word_1_18' title='bbox 738 1759 810 1803; x_wconf 91' lang='lat' dir='ltr'><strong>oum</strong></span> <span class='ocrx_word' id='word_1_19' title='bbox 833 1739 904 1800; x_wconf 87' lang='lat' dir='ltr'><strong>aliis</strong></span> <span class='ocrx_word' id='word_1_20' title='bbox 926 1738 1082 1820; x_wconf 87' lang='lat' dir='ltr'><strong>exemplis</strong></span> <span class='ocrx_word' id='word_1_21' title='bbox 1104 1738 1256 1800; x_wconf 86' lang='lat' dir='ltr'><strong>doeemur</strong></span> 
     </span>
     <span class='ocr_line' id='line_1_4' title="bbox 79 1839 1253 1928; baseline -0.007 -19"><span class='ocrx_word' id='word_1_22' title='bbox 79 1847 229 1928; x_wconf 88' lang='lat' dir='ltr'><strong>plurimis,</strong></span> <span class='ocrx_word' id='word_1_23' title='bbox 260 1855 327 1910; x_wconf 90' lang='lat' dir='ltr'><strong>tum</strong></span> <span class='ocrx_word' id='word_1_24' title='bbox 357 1865 393 1909; x_wconf 92' lang='lat' dir='ltr'><strong>ea</strong></span> <span class='ocrx_word' id='word_1_25' title='bbox 423 1843 638 1926; x_wconf 90' lang='lat' dir='ltr'><strong>disputatione</strong></span> <span class='ocrx_word' id='word_1_26' title='bbox 668 1863 763 1926; x_wconf 91' lang='lat' dir='ltr'><strong>quam</strong></span> <span class='ocrx_word' id='word_1_27' title='bbox 786 1841 824 1905; x_wconf 86' lang='grc' dir='ltr'><strong>Α.</strong></span> <span class='ocrx_word' id='word_1_28' title='bbox 842 1841 962 1906; x_wconf 79' lang='lat' dir='ltr'><strong>Gellius</strong></span> <span class='ocrx_word' id='word_1_29' title='bbox 993 1839 1088 1904; x_wconf 91' lang='lat' dir='ltr'><strong>babet</strong></span> <span class='ocrx_word' id='word_1_30' title='bbox 1116 1841 1253 1904; x_wconf 92' lang='lat' dir='ltr'><strong>noetium</strong></span> 
     </span>
     <span class='ocr_line' id='line_1_5' title="bbox 79 1943 1254 2027; baseline -0.003 -17"><span class='ocrx_word' id='word_1_31' title='bbox 79 1969 193 2014; x_wconf 91' lang='lat' dir='ltr'><strong>suarum</strong></span> <span class='ocrx_word' id='word_1_32' title='bbox 223 1949 297 2012; x_wconf 90' lang='lat' dir='ltr'><strong>libri</strong></span> <span class='ocrx_word' id='word_1_33' title='bbox 335 1950 415 2012; x_wconf 86' lang='lat' dir='ltr'><strong>sexti</strong></span> <span class='ocrx_word' id='word_1_34' title='bbox 447 1949 497 2010; x_wconf 87' lang='lat' dir='ltr'><strong>vel</strong></span> <span class='ocrx_word' id='word_1_35' title='bbox 528 1959 563 2011; x_wconf 94' lang='lat' dir='ltr'><strong>ut</strong></span> <span class='ocrx_word' id='word_1_36' title='bbox 592 1948 667 2010; x_wconf 93' lang='lat' dir='ltr'><strong>olim</strong></span> <span class='ocrx_word' id='word_1_37' title='bbox 701 1944 930 2010; x_wconf 76' lang='lat' dir='ltr'><strong>numerabatur</strong></span> <span class='ocrx_word' id='word_1_38' title='bbox 957 1945 1082 2027; x_wconf 77' lang='lat' dir='ltr'><strong>septimi</strong></span> <span class='ocrx_word' id='word_1_39' title='bbox 1118 1943 1254 2026; x_wconf 91' lang='lat' dir='ltr'><strong>eapitulo</strong></span> 
     </span>
     <span class='ocr_line' id='line_1_6' title="bbox 78 2045 1256 2134; baseline -0.002 -22"><span class='ocrx_word' id='word_1_40' title='bbox 78 2054 225 2116; x_wconf 81' lang='lat' dir='ltr'><strong>vicesimo.</strong></span> <span class='ocrx_word' id='word_1_41' title='bbox 273 2052 314 2116; x_wconf 90' lang='lat' dir='ltr'><strong>de</strong></span> <span class='ocrx_word' id='word_1_42' title='bbox 337 2071 399 2134; x_wconf 91' lang='lat' dir='ltr'><strong>qua</strong></span> <span class='ocrx_word' id='word_1_43' title='bbox 421 2051 636 2134; x_wconf 87' lang='lat' dir='ltr'><strong>disputatione</strong></span> <span class='ocrx_word' id='word_1_44' title='bbox 658 2071 730 2114; x_wconf 91' lang='lat' dir='ltr'><strong>eum</strong></span> <span class='ocrx_word' id='word_1_45' title='bbox 754 2049 863 2132; x_wconf 82' lang='lat' dir='ltr'><strong>pausis</strong></span> <span class='ocrx_word' id='word_1_46' title='bbox 885 2047 993 2117; x_wconf 86' lang='lat' dir='ltr'><strong>dieere</strong></span> <span class='ocrx_word' id='word_1_47' title='bbox 1015 2049 1153 2112; x_wconf 86' lang='lat' dir='ltr'><strong>velimus</strong></span> <span class='ocrx_word' id='word_1_48' title='bbox 1179 2045 1256 2128; x_wconf 84' lang='lat' dir='ltr'><strong>(lao-</strong></span> 
     </span>
     <span class='ocr_line' id='line_1_7' title="bbox 78 2151 1256 2236; baseline -0.004 -18"><span class='ocrx_word' id='word_1_49' title='bbox 78 2167 134 2218; x_wconf 90' lang='lat' dir='ltr'><strong>tum</strong></span> <span class='ocrx_word' id='word_1_50' title='bbox 155 2167 202 2220; x_wconf 88' lang='lat' dir='ltr'><strong>ost</strong></span> <span class='ocrx_word' id='word_1_51' title='bbox 224 2158 310 2220; x_wconf 90' lang='lat' dir='ltr'><strong>enim</strong></span> <span class='ocrx_word' id='word_1_52' title='bbox 332 2154 535 2219; x_wconf 84' lang='lat' dir='ltr'><strong>librariorum</strong></span> <span class='ocrx_word' id='word_1_53' title='bbox 558 2155 650 2236; x_wconf 93' lang='lat' dir='ltr'><strong>eulpa</strong></span> <span class='ocrx_word' id='word_1_54' title='bbox 674 2163 709 2218; x_wconf 93' lang='lat' dir='ltr'><strong>ut</strong></span> <span class='ocrx_word' id='word_1_55' title='bbox 731 2153 851 2217; x_wconf 83' lang='lat' dir='ltr'><strong>Gellius</strong></span> <span class='ocrx_word' id='word_1_56' title='bbox 880 2171 942 2215; x_wconf 91' lang='lat' dir='ltr'><strong>non</strong></span> <span class='ocrx_word' id='word_1_57' title='bbox 966 2151 1058 2214; x_wconf 93' lang='lat' dir='ltr'><strong>modo</strong></span> <span class='ocrx_word' id='word_1_58' title='bbox 1080 2151 1176 2214; x_wconf 91' lang='lat' dir='ltr'><strong>nimis</strong></span> <span class='ocrx_word' id='word_1_59' title='bbox 1197 2169 1256 2214; x_wconf 91' lang='lat' dir='ltr'><strong>eu·</strong></span> 
     </span>
     <span class='ocr_line' id='line_1_8' title="bbox 77 2253 1255 2342; baseline -0.003 -22"><span class='ocrx_word' id='word_1_60' title='bbox 77 2260 178 2340; x_wconf 86' lang='lat' dir='ltr'><strong>riosus,</strong></span> <span class='ocrx_word' id='word_1_61' title='bbox 203 2259 261 2324; x_wconf 89' lang='lat' dir='ltr'><strong>sed</strong></span> <span class='ocrx_word' id='word_1_62' title='bbox 283 2261 377 2342; x_wconf 88' lang='lat' dir='ltr'><strong>plana</strong></span> <span class='ocrx_word' id='word_1_63' title='bbox 401 2261 530 2340; x_wconf 86' lang='lat' dir='ltr'><strong>ineptus</strong></span> <span class='ocrx_word' id='word_1_64' title='bbox 551 2257 648 2323; x_wconf 84' lang='lat' dir='ltr'><strong>luisse</strong></span> <span class='ocrx_word' id='word_1_65' title='bbox 671 2256 843 2340; x_wconf 82' lang='lat' dir='ltr'><strong>videatur),</strong></span> <span class='ocrx_word' id='word_1_66' title='bbox 874 2256 943 2320; x_wconf 82' lang='lat' dir='ltr'><strong>lieri</strong></span> <span class='ocrx_word' id='word_1_67' title='bbox 965 2273 1029 2318; x_wconf 91' lang='lat' dir='ltr'><strong>nou</strong></span> <span class='ocrx_word' id='word_1_68' title='bbox 1052 2263 1156 2337; x_wconf 86' lang='lat' dir='ltr'><strong>potest</strong></span> <span class='ocrx_word' id='word_1_69' title='bbox 1177 2253 1255 2335; x_wconf 91' lang='lat' dir='ltr'><strong>quin</strong></span> 
     </span>
     <span class='ocr_line' id='line_1_9' title="bbox 77 2362 508 2428; baseline 0.002 -4"><span class='ocrx_word' id='word_1_70' title='bbox 77 2381 136 2424; x_wconf 89' lang='lat' dir='ltr'><strong>eam</strong></span> <span class='ocrx_word' id='word_1_71' title='bbox 158 2374 253 2426; x_wconf 90' lang='lat' dir='ltr'><strong>totam</strong></span> <span class='ocrx_word' id='word_1_72' title='bbox 276 2362 508 2428; x_wconf 79' lang='lat' dir='ltr'><strong>adscribamus.</strong></span> 
     </span>
     <span class='ocr_line' id='line_1_10' title="bbox 154 2462 1255 2550; baseline -0.007 -20"><span class='ocrx_word' id='word_1_73' title='bbox 154 2468 324 2550; x_wconf 79' lang='lat' dir='ltr'><strong>‘Scriptum</strong></span> <span class='ocrx_word' id='word_1_74' title='bbox 354 2467 386 2529; x_wconf 91' lang='lat' dir='ltr'><strong>in</strong></span> <span class='ocrx_word' id='word_1_75' title='bbox 416 2465 553 2549; x_wconf 91' lang='lat' dir='ltr'><strong>quodam</strong></span> <span class='ocrx_word' id='word_1_76' title='bbox 583 2465 809 2528; x_wconf 86' lang='lat' dir='ltr'><strong>eommentario</strong></span> <span class='ocrx_word' id='word_1_77' title='bbox 838 2465 966 2547; x_wconf 87' lang='lat' dir='ltr'><strong>repperi</strong></span> <span class='ocrx_word' id='word_1_78' title='bbox 996 2481 1111 2528; x_wconf 82' lang='lat' dir='ltr'><strong>vorsus</strong></span> <span class='ocrx_word' id='word_1_79' title='bbox 1140 2462 1255 2525; x_wconf 86' lang='lat' dir='ltr'><strong>istesa</strong></span> 
     </span>
    </p>

    <p class='ocr_par' dir='ltr' id='par_1_3' title="bbox 76 2566 946 2653">
     <span class='ocr_line' id='line_1_11' title="bbox 76 2566 946 2653; baseline 0.001 -24"><span class='ocrx_word' id='word_1_80' title='bbox 76 2571 202 2653; x_wconf 77' lang='lat' dir='ltr'><strong>Vergilio</strong></span> <span class='ocrx_word' id='word_1_81' title='bbox 225 2573 267 2633; x_wconf 92' lang='lat' dir='ltr'><strong>ita</strong></span> <span class='ocrx_word' id='word_1_82' title='bbox 289 2571 428 2653; x_wconf 90' lang='lat' dir='ltr'><strong>primum</strong></span> <span class='ocrx_word' id='word_1_83' title='bbox 452 2589 522 2633; x_wconf 89' lang='lat' dir='ltr'><strong>esse</strong></span> <span class='ocrx_word' id='word_1_84' title='bbox 546 2570 692 2633; x_wconf 87' lang='lat' dir='ltr'><strong>reeitatos</strong></span> <span class='ocrx_word' id='word_1_85' title='bbox 714 2579 810 2651; x_wconf 88' lang='lat' dir='ltr'><strong>atque</strong></span> <span class='ocrx_word' id='word_1_86' title='bbox 833 2566 946 2648; x_wconf 85' lang='lat' dir='ltr'><strong>editos,</strong></span> 
     </span>
    </p>

    <p class='ocr_par' dir='ltr' id='par_1_4' title="bbox 192 2673 922 2756">
     <span class='ocr_line' id='line_1_12' title="bbox 192 2673 922 2756; baseline -0.005 -18"><span class='ocrx_word' id='word_1_87' title='bbox 192 2675 283 2738; x_wconf 80' lang='lat' dir='ltr'><strong>tolera</strong></span> <span class='ocrx_word' id='word_1_88' title='bbox 304 2673 389 2738; x_wconf 84' lang='lat' dir='ltr'><strong>dives</strong></span> <span class='ocrx_word' id='word_1_89' title='bbox 412 2681 485 2736; x_wconf 82' lang='lat' dir='ltr'><strong>oret</strong></span> <span class='ocrx_word' id='word_1_90' title='bbox 507 2673 614 2756; x_wconf 74' lang='lat' dir='ltr'><strong>Gopare</strong></span> <span class='ocrx_word' id='word_1_91' title='bbox 635 2681 664 2736; x_wconf 84' lang='lat' dir='ltr'><strong>et</strong></span> <span class='ocrx_word' id='word_1_92' title='bbox 685 2674 787 2736; x_wconf 69' lang='lat' dir='ltr'><strong>obeso</strong></span> <span class='ocrx_word' id='word_1_93' title='bbox 814 2674 922 2736; x_wconf 81' lang='lat' dir='ltr'><strong>Vesevo</strong></span> 
     </span>
    </p>

    <p class='ocr_par' dir='ltr' id='par_1_5' title="bbox 74 2778 1258 4202">
     <span class='ocr_line' id='line_1_13' title="bbox 193 2778 372 2861; baseline -0.011 -20"><span class='ocrx_word' id='word_1_94' title='bbox 193 2778 271 2841; x_wconf 83' lang='lat' dir='ltr'><strong>Nolo</strong></span> <span class='ocrx_word' id='word_1_95' title='bbox 293 2778 372 2861; x_wconf 80' lang='lat' dir='ltr'><strong>iope,</strong></span> 
     </span>
     <span class='ocr_line' id='line_1_14' title="bbox 76 2877 1256 2962; baseline -0.003 -22"><span class='ocrx_word' id='word_1_96' title='bbox 76 2891 172 2959; x_wconf 85' lang='lat' dir='ltr'><strong>postea</strong></span> <span class='ocrx_word' id='word_1_97' title='bbox 194 2881 368 2962; x_wconf 74' lang='lat' dir='ltr'><strong>Vergilium</strong></span> <span class='ocrx_word' id='word_1_98' title='bbox 397 2881 517 2962; x_wconf 88' lang='lat' dir='ltr'><strong>petisse</strong></span> <span class='ocrx_word' id='word_1_99' title='bbox 545 2898 563 2941; x_wconf 92' lang='lat' dir='ltr'><strong>a</strong></span> <span class='ocrx_word' id='word_1_100' title='bbox 586 2879 713 2942; x_wconf 89' lang='lat' dir='ltr'><strong>Nolanis</strong></span> <span class='ocrx_word' id='word_1_101' title='bbox 742 2897 856 2960; x_wconf 90' lang='lat' dir='ltr'><strong>aquam</strong></span> <span class='ocrx_word' id='word_1_102' title='bbox 886 2879 933 2942; x_wconf 91' lang='lat' dir='ltr'><strong>uti</strong></span> <span class='ocrx_word' id='word_1_103' title='bbox 956 2877 1090 2940; x_wconf 89' lang='lat' dir='ltr'><strong>dueeret</strong></span> <span class='ocrx_word' id='word_1_104' title='bbox 1118 2877 1150 2940; x_wconf 88' lang='lat' dir='ltr'><strong>iu</strong></span> <span class='ocrx_word' id='word_1_105' title='bbox 1181 2895 1256 2956; x_wconf 90' lang='lat' dir='ltr'><strong>pro-</strong></span> 
     </span>
     <span class='ocr_line' id='line_1_15' title="bbox 75 2979 1256 3066; baseline -0.003 -22"><span class='ocrx_word' id='word_1_106' title='bbox 75 2984 220 3066; x_wconf 90' lang='lat' dir='ltr'><strong>pinquum</strong></span> <span class='ocrx_word' id='word_1_107' title='bbox 244 3003 309 3062; x_wconf 88' lang='lat' dir='ltr'><strong>rus,</strong></span> <span class='ocrx_word' id='word_1_108' title='bbox 340 2984 475 3046; x_wconf 90' lang='lat' dir='ltr'><strong>Nolanos</strong></span> <span class='ocrx_word' id='word_1_109' title='bbox 504 2982 695 3046; x_wconf 90' lang='lat' dir='ltr'><strong>beuelieium</strong></span> <span class='ocrx_word' id='word_1_110' title='bbox 723 2983 858 3064; x_wconf 88' lang='lat' dir='ltr'><strong>petitum</strong></span> <span class='ocrx_word' id='word_1_111' title='bbox 881 2999 944 3044; x_wconf 93' lang='lat' dir='ltr'><strong>non</strong></span> <span class='ocrx_word' id='word_1_112' title='bbox 969 2979 1099 3059; x_wconf 75' lang='lat' dir='ltr'><strong>temese,</strong></span> <span class='ocrx_word' id='word_1_113' title='bbox 1131 2989 1256 3060; x_wconf 89' lang='lat' dir='ltr'><strong>poetam</strong></span> 
     </span>
     <span class='ocr_line' id='line_1_16' title="bbox 74 3083 1257 3167; baseline -0.002 -20"><span class='ocrx_word' id='word_1_114' title='bbox 74 3087 217 3150; x_wconf 79' lang='lat' dir='ltr'><strong>offensum</strong></span> <span class='ocrx_word' id='word_1_115' title='bbox 247 3105 362 3150; x_wconf 90' lang='lat' dir='ltr'><strong>nomen</strong></span> <span class='ocrx_word' id='word_1_116' title='bbox 393 3086 484 3150; x_wconf 82' lang='lat' dir='ltr'><strong>urbis</strong></span> <span class='ocrx_word' id='word_1_117' title='bbox 513 3105 622 3148; x_wconf 86' lang='lat' dir='ltr'><strong>eorum</strong></span> <span class='ocrx_word' id='word_1_118' title='bbox 653 3086 743 3167; x_wconf 88' lang='lat' dir='ltr'><strong>quasi</strong></span> <span class='ocrx_word' id='word_1_119' title='bbox 774 3104 815 3148; x_wconf 82' lang='lat' dir='ltr'><strong>ex</strong></span> <span class='ocrx_word' id='word_1_120' title='bbox 844 3085 1006 3148; x_wconf 88' lang='lat' dir='ltr'><strong>homiuum</strong></span> <span class='ocrx_word' id='word_1_121' title='bbox 1037 3083 1188 3146; x_wconf 87' lang='lat' dir='ltr'><strong>memoria</strong></span> <span class='ocrx_word' id='word_1_122' title='bbox 1210 3083 1257 3145; x_wconf 89' lang='lat' dir='ltr'><strong>sie</strong></span> 
     </span>
     <span class='ocr_line' id='line_1_17' title="bbox 75 3186 1257 3270; baseline -0.003 -20"><span class='ocrx_word' id='word_1_123' title='bbox 75 3209 107 3251; x_wconf 81' lang='lat' dir='ltr'><strong>ex</strong></span> <span class='ocrx_word' id='word_1_124' title='bbox 129 3192 267 3254; x_wconf 86' lang='lat' dir='ltr'><strong>oarrnius</strong></span> <span class='ocrx_word' id='word_1_125' title='bbox 296 3201 363 3253; x_wconf 77' lang='lat' dir='ltr'><strong>sno·</strong></span> <span class='ocrx_word' id='word_1_126' title='bbox 383 3187 540 3252; x_wconf 87' lang='lat' dir='ltr'><strong>derasisse</strong></span> <span class='ocrx_word' id='word_1_127' title='bbox 569 3207 721 3270; x_wconf 82' lang='lat' dir='ltr'><strong>oramque</strong></span> <span class='ocrx_word' id='word_1_128' title='bbox 749 3207 808 3270; x_wconf 90' lang='lat' dir='ltr'><strong>pro</strong></span> <span class='ocrx_word' id='word_1_129' title='bbox 831 3189 905 3252; x_wconf 91' lang='lat' dir='ltr'><strong>Nola</strong></span> <span class='ocrx_word' id='word_1_130' title='bbox 934 3197 1072 3251; x_wconf 87' lang='lat' dir='ltr'><strong>mutasse</strong></span> <span class='ocrx_word' id='word_1_131' title='bbox 1095 3195 1191 3268; x_wconf 87' lang='lat' dir='ltr'><strong>atque</strong></span> <span class='ocrx_word' id='word_1_132' title='bbox 1215 3186 1257 3248; x_wconf 88' lang='lat' dir='ltr'><strong>ita</strong></span> 
     </span>
     <span class='ocr_line' id='line_1_18' title="bbox 75 3289 1257 3376; baseline -0.001 -23"><span class='ocrx_word' id='word_1_133' title='bbox 75 3294 250 3375; x_wconf 85' lang='lat' dir='ltr'><strong>reliquisse,</strong></span> <span class='ocrx_word' id='word_1_134' title='bbox 283 3301 312 3356; x_wconf 86' lang='lat' dir='ltr'><strong>et</strong></span> <span class='ocrx_word' id='word_1_135' title='bbox 340 3293 444 3356; x_wconf 76' lang='lat' dir='ltr'><strong>oieirm</strong></span> <span class='ocrx_word' id='word_1_136' title='bbox 470 3294 578 3355; x_wconf 83' lang='lat' dir='ltr'><strong>Vesevo</strong></span> <span class='ocrx_word' id='word_1_137' title='bbox 606 3311 663 3354; x_wconf 85' lang='lat' dir='ltr'><strong>ore</strong></span> <span class='ocrx_word' id='word_1_138' title='bbox 687 3294 766 3376; x_wconf 73' lang='lat' dir='ltr'><strong>sirpo.</strong></span> <span class='ocrx_word' id='word_1_139' title='bbox 817 3311 852 3355; x_wconf 87' lang='lat' dir='ltr'><strong>ea</strong></span> <span class='ocrx_word' id='word_1_140' title='bbox 883 3311 934 3356; x_wconf 85' lang='lat' dir='ltr'><strong>res</strong></span> <span class='ocrx_word' id='word_1_141' title='bbox 962 3309 1082 3355; x_wconf 86' lang='lat' dir='ltr'><strong>verane</strong></span> <span class='ocrx_word' id='word_1_142' title='bbox 1110 3307 1150 3352; x_wconf 84' lang='lat' dir='ltr'><strong>ou</strong></span> <span class='ocrx_word' id='word_1_143' title='bbox 1180 3289 1257 3352; x_wconf 89' lang='lat' dir='ltr'><strong>lalsa</strong></span> 
     </span>
     <span class='ocr_line' id='line_1_19' title="bbox 74 3392 1258 3478; baseline -0.002 -22"><span class='ocrx_word' id='word_1_144' title='bbox 74 3395 189 3458; x_wconf 90' lang='lat' dir='ltr'><strong>sitnon</strong></span> <span class='ocrx_word' id='word_1_145' title='bbox 211 3395 336 3474; x_wconf 89' lang='lat' dir='ltr'><strong>loboro;</strong></span> <span class='ocrx_word' id='word_1_146' title='bbox 370 3397 449 3478; x_wconf 91' lang='lat' dir='ltr'><strong>quin</strong></span> <span class='ocrx_word' id='word_1_147' title='bbox 479 3405 585 3460; x_wconf 70' lang='lat' dir='ltr'><strong>wmen</strong></span> <span class='ocrx_word' id='word_1_148' title='bbox 609 3397 724 3460; x_wconf 90' lang='lat' dir='ltr'><strong>melius</strong></span> <span class='ocrx_word' id='word_1_149' title='bbox 744 3397 938 3478; x_wconf 84' lang='lat' dir='ltr'><strong>suaviusque</strong></span> <span class='ocrx_word' id='word_1_150' title='bbox 964 3394 1005 3458; x_wconf 92' lang='lat' dir='ltr'><strong>ad</strong></span> <span class='ocrx_word' id='word_1_151' title='bbox 1028 3393 1115 3458; x_wconf 89' lang='lat' dir='ltr'><strong>auris</strong></span> <span class='ocrx_word' id='word_1_152' title='bbox 1137 3392 1179 3456; x_wconf 84' lang='lat' dir='ltr'><strong>sit</strong></span> <span class='ocrx_word' id='word_1_153' title='bbox 1200 3411 1258 3455; x_wconf 87' lang='lat' dir='ltr'><strong>oro</strong></span> 
     </span>
     <span class='ocr_line' id='line_1_20' title="bbox 74 3497 1257 3580; baseline -0.001 -20"><span class='ocrx_word' id='word_1_154' title='bbox 74 3517 159 3578; x_wconf 90' lang='lat' dir='ltr'><strong>quam</strong></span> <span class='ocrx_word' id='word_1_155' title='bbox 182 3499 270 3576; x_wconf 85' lang='lat' dir='ltr'><strong>Nolo,</strong></span> <span class='ocrx_word' id='word_1_156' title='bbox 304 3497 438 3562; x_wconf 89' lang='lat' dir='ltr'><strong>dubium</strong></span> <span class='ocrx_word' id='word_1_157' title='bbox 468 3497 503 3562; x_wconf 92' lang='lat' dir='ltr'><strong>id</strong></span> <span class='ocrx_word' id='word_1_158' title='bbox 524 3517 588 3562; x_wconf 91' lang='lat' dir='ltr'><strong>non</strong></span> <span class='ocrx_word' id='word_1_159' title='bbox 611 3509 670 3562; x_wconf 85' lang='lat' dir='ltr'><strong>est.</strong></span> <span class='ocrx_word' id='word_1_160' title='bbox 717 3518 790 3562; x_wconf 91' lang='lat' dir='ltr'><strong>nam</strong></span> <span class='ocrx_word' id='word_1_161' title='bbox 820 3500 938 3563; x_wconf 91' lang='lat' dir='ltr'><strong>voealis</strong></span> <span class='ocrx_word' id='word_1_162' title='bbox 966 3499 1000 3560; x_wconf 89' lang='lat' dir='ltr'><strong>in</strong></span> <span class='ocrx_word' id='word_1_163' title='bbox 1031 3498 1138 3580; x_wconf 89' lang='lat' dir='ltr'><strong>priore</strong></span> <span class='ocrx_word' id='word_1_164' title='bbox 1159 3515 1257 3559; x_wconf 82' lang='lat' dir='ltr'><strong>versu</strong></span> 
     </span>
     <span class='ocr_line' id='line_1_21' title="bbox 75 3600 1258 3686; baseline 0.001 -25"><span class='ocrx_word' id='word_1_165' title='bbox 75 3611 205 3666; x_wconf 84' lang='lat' dir='ltr'><strong>extrema</strong></span> <span class='ocrx_word' id='word_1_166' title='bbox 234 3603 412 3685; x_wconf 88' lang='lat' dir='ltr'><strong>eademque</strong></span> <span class='ocrx_word' id='word_1_167' title='bbox 443 3602 475 3664; x_wconf 92' lang='lat' dir='ltr'><strong>iu</strong></span> <span class='ocrx_word' id='word_1_168' title='bbox 503 3605 651 3686; x_wconf 85' lang='lat' dir='ltr'><strong>sequenti</strong></span> <span class='ocrx_word' id='word_1_169' title='bbox 681 3605 783 3685; x_wconf 76' lang='lat' dir='ltr'><strong>prinu</strong></span> <span class='ocrx_word' id='word_1_170' title='bbox 812 3621 927 3666; x_wconf 90' lang='lat' dir='ltr'><strong>eanoro</strong></span> <span class='ocrx_word' id='word_1_171' title='bbox 957 3602 1052 3666; x_wconf 92' lang='lat' dir='ltr'><strong>simul</strong></span> <span class='ocrx_word' id='word_1_172' title='bbox 1080 3611 1178 3682; x_wconf 90' lang='lat' dir='ltr'><strong>atque</strong></span> <span class='ocrx_word' id='word_1_173' title='bbox 1207 3600 1258 3663; x_wconf 92' lang='lat' dir='ltr'><strong>iu·</strong></span> 
     </span>
     <span class='ocr_line' id='line_1_22' title="bbox 75 3703 1258 3789; baseline 0.001 -25"><span class='ocrx_word' id='word_1_174' title='bbox 75 3703 168 3768; x_wconf 85' lang='lat' dir='ltr'><strong>eundo</strong></span> <span class='ocrx_word' id='word_1_175' title='bbox 189 3707 279 3770; x_wconf 90' lang='lat' dir='ltr'><strong>biatu</strong></span> <span class='ocrx_word' id='word_1_176' title='bbox 300 3705 426 3769; x_wconf 89' lang='lat' dir='ltr'><strong>traetim</strong></span> <span class='ocrx_word' id='word_1_177' title='bbox 449 3715 549 3769; x_wconf 86' lang='lat' dir='ltr'><strong>sonat.</strong></span> <span class='ocrx_word' id='word_1_178' title='bbox 598 3715 647 3770; x_wconf 88' lang='lat' dir='ltr'><strong>est</strong></span> <span class='ocrx_word' id='word_1_179' title='bbox 668 3705 747 3770; x_wconf 92' lang='lat' dir='ltr'><strong>adeo</strong></span> <span class='ocrx_word' id='word_1_180' title='bbox 770 3707 917 3770; x_wconf 85' lang='lat' dir='ltr'><strong>invenire</strong></span> <span class='ocrx_word' id='word_1_181' title='bbox 934 3705 1020 3789; x_wconf 89' lang='lat' dir='ltr'><strong>apud</strong></span> <span class='ocrx_word' id='word_1_182' title='bbox 1035 3703 1159 3768; x_wconf 86' lang='lat' dir='ltr'><strong>nobiles</strong></span> <span class='ocrx_word' id='word_1_183' title='bbox 1180 3722 1258 3786; x_wconf 86' lang='lat' dir='ltr'><strong>poe-</strong></span> 
     </span>
     <span class='ocr_line' id='line_1_23' title="bbox 75 3809 1255 3892; baseline -0.001 -22"><span class='ocrx_word' id='word_1_184' title='bbox 75 3817 115 3870; x_wconf 87' lang='lat' dir='ltr'><strong>tas</strong></span> <span class='ocrx_word' id='word_1_185' title='bbox 141 3809 359 3874; x_wconf 89' lang='lat' dir='ltr'><strong>buiuseemodi</strong></span> <span class='ocrx_word' id='word_1_186' title='bbox 390 3809 554 3872; x_wconf 87' lang='lat' dir='ltr'><strong>suavitatis</strong></span> <span class='ocrx_word' id='word_1_187' title='bbox 584 3809 700 3890; x_wconf 87' lang='lat' dir='ltr'><strong>multa,</strong></span> <span class='ocrx_word' id='word_1_188' title='bbox 737 3828 819 3892; x_wconf 90' lang='lat' dir='ltr'><strong>quae</strong></span> <span class='ocrx_word' id='word_1_189' title='bbox 850 3819 1003 3892; x_wconf 89' lang='lat' dir='ltr'><strong>appareat</strong></span> <span class='ocrx_word' id='word_1_190' title='bbox 1030 3817 1143 3871; x_wconf 84' lang='lat' dir='ltr'><strong>navata</strong></span> <span class='ocrx_word' id='word_1_191' title='bbox 1173 3825 1255 3886; x_wconf 89' lang='lat' dir='ltr'><strong>esse,</strong></span> 
     </span>
     <span class='ocr_line' id='line_1_24' title="bbox 76 3909 1255 3995; baseline 0 -25"><span class='ocrx_word' id='word_1_192' title='bbox 76 3927 130 3974; x_wconf 88' lang='lat' dir='ltr'><strong>nou</strong></span> <span class='ocrx_word' id='word_1_193' title='bbox 153 3910 290 3992; x_wconf 81' lang='lat' dir='ltr'><strong>fortuita,</strong></span> <span class='ocrx_word' id='word_1_194' title='bbox 314 3909 374 3976; x_wconf 87' lang='lat' dir='ltr'><strong>sed</strong></span> <span class='ocrx_word' id='word_1_195' title='bbox 396 3921 525 3994; x_wconf 83' lang='lat' dir='ltr'><strong>praeter</strong></span> <span class='ocrx_word' id='word_1_196' title='bbox 544 3921 667 3976; x_wconf 86' lang='lat' dir='ltr'><strong>eeteros</strong></span> <span class='ocrx_word' id='word_1_197' title='bbox 688 3915 791 3976; x_wconf 91' lang='lat' dir='ltr'><strong>omnis</strong></span> <span class='ocrx_word' id='word_1_198' title='bbox 813 3913 898 3995; x_wconf 93' lang='lat' dir='ltr'><strong>apud</strong></span> <span class='ocrx_word' id='word_1_199' title='bbox 914 3915 1083 3977; x_wconf 87' lang='lat' dir='ltr'><strong>llomerum</strong></span> <span class='ocrx_word' id='word_1_200' title='bbox 1106 3911 1255 3992; x_wconf 89' lang='lat' dir='ltr'><strong>plurima.</strong></span> 
     </span>
     <span class='ocr_line' id='line_1_25' title="bbox 77 4013 1258 4099; baseline 0.002 -25"><span class='ocrx_word' id='word_1_201' title='bbox 77 4031 132 4076; x_wconf 92' lang='lat' dir='ltr'><strong>uno</strong></span> <span class='ocrx_word' id='word_1_202' title='bbox 152 4018 272 4099; x_wconf 88' lang='lat' dir='ltr'><strong>quippo</strong></span> <span class='ocrx_word' id='word_1_203' title='bbox 295 4017 328 4078; x_wconf 93' lang='lat' dir='ltr'><strong>in</strong></span> <span class='ocrx_word' id='word_1_204' title='bbox 351 4015 418 4078; x_wconf 89' lang='lat' dir='ltr'><strong>loeo</strong></span> <span class='ocrx_word' id='word_1_205' title='bbox 442 4015 520 4078; x_wconf 89' lang='lat' dir='ltr'><strong>tales</strong></span> <span class='ocrx_word' id='word_1_206' title='bbox 541 4025 669 4097; x_wconf 72' lang='lat' dir='ltr'><strong>umque</strong></span> <span class='ocrx_word' id='word_1_207' title='bbox 694 4017 819 4080; x_wconf 87' lang='lat' dir='ltr'><strong>hiantes</strong></span> <span class='ocrx_word' id='word_1_208' title='bbox 841 4017 963 4081; x_wconf 89' lang='lat' dir='ltr'><strong>sonitus</strong></span> <span class='ocrx_word' id='word_1_209' title='bbox 985 4016 1018 4078; x_wconf 91' lang='lat' dir='ltr'><strong>in</strong></span> <span class='ocrx_word' id='word_1_210' title='bbox 1040 4013 1179 4078; x_wconf 86' lang='lat' dir='ltr'><strong>assiduis</strong></span> <span class='ocrx_word' id='word_1_211' title='bbox 1201 4033 1258 4076; x_wconf 88' lang='lat' dir='ltr'><strong>vo-</strong></span> 
     </span>
     <span class='ocr_line' id='line_1_26' title="bbox 75 4115 433 4202; baseline 0.011 -27"><span class='ocrx_word' id='word_1_212' title='bbox 75 4115 157 4182; x_wconf 88' lang='lat' dir='ltr'><strong>cibus</strong></span> <span class='ocrx_word' id='word_1_213' title='bbox 178 4119 325 4202; x_wconf 89' lang='lat' dir='ltr'><strong>plurimis</strong></span> <span class='ocrx_word' id='word_1_214' title='bbox 349 4116 433 4197; x_wconf 86' lang='lat' dir='ltr'><strong>laeit,</strong></span> 
     </span>
    </p>

    <p class='ocr_par' dir='ltr' id='par_1_6' title="bbox 192 4215 897 4309">
     <span class='ocr_line' id='line_1_27' title="bbox 192 4215 897 4309; baseline 0.003 -24"><span class='ocrx_word' id='word_1_215' title='bbox 192 4215 212 4307; x_wconf 83' lang='grc' dir='ltr'><strong>ἡ</strong></span> <span class='ocrx_word' id='word_1_216' title='bbox 236 4215 266 4285; x_wconf 77' lang='grc' dir='ltr'><strong>δ’</strong></span> <span class='ocrx_word' id='word_1_217' title='bbox 293 4219 381 4308; x_wconf 68' lang='grc' dir='ltr'><strong>ὗτὲρη</strong></span> <span class='ocrx_word' id='word_1_218' title='bbox 405 4219 489 4308; x_wconf 66' lang='lat' dir='ltr'><strong>ulpia</strong></span> <span class='ocrx_word' id='word_1_219' title='bbox 510 4219 633 4307; x_wconf 76' lang='lat' dir='ltr'><strong>spoplst</strong></span> <span class='ocrx_word' id='word_1_220' title='bbox 653 4219 752 4288; x_wconf 69' lang='lat' dir='ltr'><strong>alseio</strong></span> <span class='ocrx_word' id='word_1_221' title='bbox 773 4217 897 4309; x_wconf 75' lang='grc' dir='ltr'>χαλάζῃ</span> 
     </span>
    </p>

    <p class='ocr_par' dir='ltr' id='par_1_7' title="bbox 76 4315 879 4508">
     <span class='ocr_line' id='line_1_28' title="bbox 191 4315 879 4414; baseline -0.006 -4"><span class='ocrx_word' id='word_1_222' title='bbox 191 4317 316 4412; x_wconf 68' lang='lat' dir='ltr'><strong>axe</strong></span> <span class='ocrx_word' id='word_1_223' title='bbox 337 4325 439 4411; x_wconf 66' lang='lat' dir='ltr'><strong>otta</strong></span> <span class='ocrx_word' id='word_1_224' title='bbox 463 4315 484 4409; x_wconf 77' lang='lat' dir='ltr'><strong>a</strong></span> <span class='ocrx_word' id='word_1_225' title='bbox 506 4324 538 4397; x_wconf 72' lang='lat' dir='ltr'><strong>a</strong></span> <span class='ocrx_word' id='word_1_226' title='bbox 559 4316 668 4398; x_wconf 58' lang='lat' dir='ltr'><strong>aas&lt;</strong></span> <span class='ocrx_word' id='word_1_227' title='bbox 689 4319 879 4414; x_wconf 61' lang='lat' dir='ltr'><strong>armet,</strong></span> 
     </span>
     <span class='ocr_line' id='line_1_29' title="bbox 76 4427 441 4508; baseline 0.011 -21"><span class='ocrx_word' id='word_1_228' title='bbox 76 4435 163 4508; x_wconf 79' lang='lat' dir='ltr'><strong>atque</strong></span> <span class='ocrx_word' id='word_1_229' title='bbox 186 4427 270 4493; x_wconf 83' lang='lat' dir='ltr'><strong>idam</strong></span> <span class='ocrx_word' id='word_1_230' title='bbox 292 4429 353 4492; x_wconf 91' lang='lat' dir='ltr'><strong>alio</strong></span> <span class='ocrx_word' id='word_1_231' title='bbox 375 4429 441 4492; x_wconf 90' lang='lat' dir='ltr'><strong>looo</strong></span> 
     </span>
    </p>

    <p class='ocr_par' dir='ltr' id='par_1_8' title="bbox 194 4521 714 4620">
     <span class='ocr_line' id='line_1_30' title="bbox 194 4521 714 4620; baseline -0.006 -22"><span class='ocrx_word' id='word_1_232' title='bbox 194 4533 270 4598; x_wconf 74' lang='lat' dir='ltr'><strong>tom</strong></span> <span class='ocrx_word' id='word_1_233' title='bbox 292 4521 359 4597; x_wconf 70' lang='lat' dir='ltr'><strong>deo</strong></span> <span class='ocrx_word' id='word_1_234' title='bbox 381 4521 499 4598; x_wconf 68' lang='lat' dir='ltr'><strong>olbam</strong></span> <span class='ocrx_word' id='word_1_235' title='bbox 520 4526 588 4598; x_wconf 75' lang='lat' dir='ltr'><strong>soal</strong></span> <span class='ocrx_word' id='word_1_236' title='bbox 610 4523 714 4620; x_wconf 75' lang='grc' dir='ltr'>λόφον.</span> 
     </span>
    </p>
   </div>
   <div class='ocr_carea' id='block_1_3' title="bbox 0 0 1598 5108">
    <p class='ocr_par' dir='ltr' id='par_1_9' title="bbox 0 0 1598 5108">
     <span class='ocr_line' id='line_1_31' title="bbox 0 0 1598 5108; baseline 0 0"><span class='ocrx_word' id='word_1_237' title='bbox 0 0 1598 5108; x_wconf 95' lang='lat' dir='ltr'><strong> </strong></span> 
     </span>
    </p>
   </div>
  </div>
 </body>
</html>
