3186 5108
350 398 440 460 qunx
463 417 629 462 tscrronru
653 419 831 480 smarrsnru
857 401 950 462 teto.
1177 385 1247 458 139

75 587 183 650 dicendi
209 587 441 652 consuetudine
463 587 686 670 abhorrentia,
719 591 813 672 quale
843 599 892 654 est
919 592 1077 672 prolatum
1099 611 1117 654 a
1139 591 1248 654 Bothio

75 711 120 754 croc
149 692 214 753 otro.
272 711 335 755 non
370 691 521 756 abhorret
553 713 571 756 a
605 695 760 756 sermonis
790 693 916 775 legibus
945 693 1031 776 quod
1059 694 1249 756 Ritschelins

74 796 192 876 scripsit,

183 901 212 962 si
230 899 317 982 falsu
338 899 419 964 dictu
442 903 534 978 serio,
559 900 788 978 eccmctacere,

74 1001 118 1064 sed
137 1003 268 1066 nimium
284 1002 381 1066 distat
402 1003 514 1084 abeis
536 1005 652 1068 litteris
668 1024 749 1086 quae
772 1006 805 1068 in
828 1004 1138 1086 libris-perscriptae
1161 1014 1246 1084 sunt,

74 1117 223 1186 praeterea
247 1106 453 1188 frigidissima
481 1117 531 1172 est
552 1110 662 1170 oratio.
709 1127 823 1171 verum
846 1118 895 1172 est
918 1107 1003 1190 quod
1025 1110 1159 1172 loannes
1180 1109 1250 1170 Fri-

72 1209 181 1274 dericus
204 1210 381 1274 Gronovius
404 1211 612 1274 scribendum
635 1231 705 1276 esse
727 1213 896 1292 intellexit,

182 1318 212 1393 qi
228 1314 317 1397 salso
338 1316 430 1395 dices,
455 1317 575 1394 Luccio,
602 1315 832 1380 εωωιιειαὺετε.

73 1439 130 1480 narn
152 1437 222 1480 cum
246 1420 279 1480 in
302 1420 392 1482 initio
415 1420 511 1484 huius
533 1439 648 1483 scenae
671 1418 746 1482 libri
769 1419 887 1500 scripta
910 1418 1047 1482 habeant
1063 1419 1249 1482 Palaestrio-

72 1524 112 1584 nis
131 1533 161 1584 et
182 1524 347 1586 Lucricnis
369 1525 497 1586 nomina
521 1533 553 1584 et
575 1523 693 1586 deinde
716 1524 763 1584 eis
786 1541 868 1604 quae
891 1523 1002 1586 Lucric
1028 1522 1170 1603 loquitur
1190 1520 1249 1584 ad-

71 1628 189 1708 scriptas
210 1626 269 1688 has
291 1627 415 1688 litteras
436 1646 484 1704 cv,
515 1625 603 1689 undo
633 1625 762 1688 tandem
784 1634 949 1707 acceptum
973 1645 1042 1688 esse
1065 1624 1249 1708 putabimus

71 1729 117 1790 hcc
136 1749 251 1792 nomen
280 1731 343 1791 nisi
366 1749 408 1792 ex
429 1732 498 1811 ipsa
527 1729 656 1793 iabula‘l
689 1749 762 1792 nam
791 1728 877 1810 quod
905 1730 1021 1792 novicii
1051 1738 1161 1810 poetae
1184 1748 1248 1792 non

70 1851 228 1914 numquam
250 1834 467 1910 committunt,
499 1842 535 1896 ut
561 1835 691 1916 tragicis
714 1833 881 1896 comicisve
912 1834 1058 1914 personis
1087 1833 1119 1894 in
1144 1831 1249 1896 indice

70 1934 180 1998 tabulae
207 1937 336 2001 nomina
362 1935 539 2000 attribuant
569 1957 649 2018 quae
679 1939 713 1999 in
744 1939 812 2018 ipsa
841 1935 948 1999 tabula
976 1955 1151 2017 numquam
1173 1956 1250 2018 pro-

69 2041 253 2116 nuntiantur,
280 2039 314 2102 id
328 2039 370 2101 ab
384 2042 516 2121 antiqua
537 2051 606 2103 arte
629 2050 724 2123 atque
748 2040 979 2104 consuetudine
994 2041 1088 2120 plane
1108 2041 1248 2104 alienum

69 2151 117 2204 est.
160 2143 268 2224 itaque
298 2163 370 2206 cum
399 2145 562 2207 Lucrionis
591 2163 705 2208 nomen
735 2163 840 2224 neque
869 2163 1004 2226 usquam
1033 2142 1109 2205 alibi
1134 2144 1167 2206 in
1190 2145 1250 2206 hac

68 2245 159 2310 tabula
182 2256 447 2317 commemoretur
477 2266 582 2329 neque
611 2249 654 2310 sit
676 2248 757 2311 alius
779 2248 957 2312 versiculus
980 2249 1036 2328 qui
1063 2247 1143 2310 illud
1166 2249 1250 2310 reoi-

68 2349 132 2428 piat,
155 2350 207 2411 hic
228 2360 336 2413 autem
351 2349 540 2414 vccabulum
563 2351 714 2432 adpareat
730 2350 816 2432 quod
831 2351 973 2432 intellegi
992 2361 1131 2431 nequeat
1152 2362 1249 2432 atque

68 2452 291 2519 emendandum
314 2455 356 2516 sit
378 2457 573 2534 necessario,
599 2474 705 2536 neque
728 2456 840 2518 Lucrio
862 2474 926 2516 non
948 2453 1128 2536 adpelletur
1148 2454 1250 2536 aptis-

66 2555 145 2634 sime,
168 2557 255 2620 nulla
278 2566 384 2640 potest
406 2577 477 2620 esse
499 2557 655 2622 dubitatio
678 2559 757 2638 quin
780 2558 958 2622 Gronovius
979 2557 1013 2620 id
1036 2560 1141 2640 ipsum
1163 2556 1250 2639 quod

67 2677 165 2722 vcrurn
194 2671 244 2723 est
272 2662 447 2723 invenerit.
494 2660 618 2724 accedit
639 2661 726 2742 quod
751 2680 792 2723 ne
821 2662 999 2726 litterarum
1023 2661 1154 2744 quidem
1178 2681 1250 2726 mu-

65 2764 129 2824 tatio
151 2762 360 2845 inprobabilis
383 2775 508 2828 estant
530 2765 659 2828 modurn
682 2764 818 2828 excedit.

142 2868 217 2930 Nam
246 2868 306 2929 hoc
335 2886 411 2930 sane
442 2868 537 2930 ctiam
566 2869 599 2932 iu
629 2868 679 2932 his
709 2867 982 2950 depravatissimis
1004 2868 1104 2931 Plauti
1133 2867 1250 2932 fabulis

65 2970 231 3032 cavendum
246 2979 305 3050 est,
331 2989 374 3032 ne
396 2969 575 3034 emendatio
597 2973 717 3034 avitiis
731 2972 830 3034 nimia
846 2970 1106 3035 dissimilitudine
1129 2981 1250 3035 remota

65 3073 109 3132 sit.
154 3075 301 3154 quocirca
323 3075 350 3136 si
373 3075 583 3152 llitschelius,
608 3075 665 3155 qui
688 3075 785 3138 multa
815 3073 971 3138 librorum
993 3075 1070 3138 vitia
1092 3084 1161 3138 arte
1185 3076 1249 3140 leni

65 3183 92 3236 et
105 3178 191 3256 quasi
213 3177 357 3242 modesta
380 3179 508 3258 egregie
531 3179 664 3257 curavit,
689 3179 767 3240 alias
790 3197 827 3240 ea
849 3179 981 3260 protulit
995 3197 1077 3260 quae
1093 3178 1249 3258 quomodo

65 3276 100 3337 ita
120 3289 154 3342 ut
176 3279 293 3346 iactum
316 3301 388 3344 esse
416 3291 506 3363 putat
528 3280 698 3363 depravari
726 3283 890 3365 potuerint
912 3291 966 3346 aut
995 3282 1088 3364 plane
1112 3302 1174 3344 non
1198 3284 1250 3346 in-

65 3381 215 3464 tellegitur
236 3394 292 3448 aut
314 3386 506 3448 coniecturis
532 3385 757 3466 explicandum
779 3395 829 3448 est
851 3385 1088 3464 incertissimis,
1121 3386 1250 3468 ineptus

66 3484 187 3562 quidem
208 3497 293 3552 esset
315 3489 418 3570 siquis
440 3489 499 3552 hoc
521 3509 713 3571 magnopere
741 3487 996 3570 reprehenderet
1023 3486 1139 3569 (neque
1162 3491 1249 3552 enirn

64 3585 196 3654 oblivisci
217 3611 276 3673 per
299 3601 348 3656 est
370 3593 597 3656 accuratiorem
620 3592 894 3658 emendandamm
918 3593 1133 3656 Plautinarum
1157 3591 1250 3656 labu-

64 3689 154 3754 larum
176 3706 278 3758 artem
293 3715 396 3776 paene
412 3714 526 3758 novam
550 3707 620 3760 esse
643 3707 740 3778 atquc
762 3698 965 3761 allitschelio
985 3699 1102 3760 eximie
1118 3696 1247 3777 quidem

64 3792 299 3862 demonstratam
326 3809 358 3861 et
379 3802 620 3880 communitam,
653 3799 711 3864 sed
740 3810 776 3863 ut
804 3801 967 3882 paullatim
993 3809 1117 3864 tantum
1138 3810 1245 3880 atque,

64 3907 92 3958 ut
111 3910 204 3964 antea
224 3901 384 3980 diximus,
418 3904 588 3968 multorum
612 3905 774 3967 hominum
797 3903 955 3968 industria
979 3905 1089 3987 perfici
1113 3904 1244 3987 possitl:

63 4019 165 4066 verum
188 4005 266 4068 illud
289 4008 525 4089 vituperatione
553 4007 685 4089 dignum
717 4007 874 4089 estquod
901 4009 955 4070 alii
985 4028 1027 4071 ne
1050 4009 1082 4071 in
1105 4009 1153 4072 eis
1175 4009 1250 4088 qui-

64 4101 128 4166 dem
150 4125 230 4188 quae
253 4110 348 4191 plane
371 4111 491 4172 nullam
513 4110 632 4174 habent
653 4113 724 4174 veri
746 4111 989 4175 similitudinem
1011 4111 1166 4174 adsentiri
1192 4131 1248 4174 no-

64 4207 135 4270 lunt.
173 4213 271 4276 veluti
294 4215 328 4276 in
353 4215 450 4276 Milite
473 4235 505 4276 v.
525 4213 606 4292 676,
638 4217 729 4295 quasi
750 4225 817 4278 tuta
847 4217 912 4278 sint
934 4217 1056 4294 omnia,
1090 4217 1248 4296 repetitur

64 4313 139 4390 quod
161 4316 351 4380 Ritschelius
373 4319 512 4398 scripsit,

182 4417 270 4482 ἀειιιι
291 4423 404 4484 uirtute
425 4424 501 4486 cotis
524 4429 579 4500 ost,
603 4421 685 4484 uude
707 4423 855 4504 accepium
878 4430 905 4484 tc
927 4430 1003 4504 aput
1020 4441 1067 4485 me
1088 4409 1231 4486 comiter-¹

64 4521 129 4600 quis
149 4531 276 4605 praeter
297 4525 436 4602 comiter,
465 4524 551 4606 quod
573 4526 740 4590 verissime
764 4527 946 4592 restitutum
970 4534 1036 4605 est,
1069 4525 1150 4588 hanc
1171 4536 1271 4590 ver-⁷
