3184 5108
375 442 466 502 44444444
488 455 653 500 taurionis
675 439 968 500 memorantem.
1194 425 1264 502 241

228 631 278 691 44.
318 629 357 690 Et
379 630 413 690 in
437 627 567 690 Perside
590 626 715 708 fingunt
741 645 811 688 esse
841 625 960 690 bestias
988 645 1067 710 quas
1090 647 1268 710 cynopenos

167 732 341 814 appellant,
380 731 498 812 quibus
527 730 590 793 sub
617 729 739 792 caninis
773 730 930 811 capitibus
960 734 1078 813 equina
1108 731 1269 812 dependet

166 853 222 915 per
236 835 380 896 cervices
403 833 478 897 iuba
500 843 533 895 et
553 852 608 895 ore
631 832 828 915 naribusque
852 835 958 914 ignem
982 833 1188 916 flammasque
1212 854 1269 896 ex-

167 939 281 1019 pirant.
867 1019 869 1022 Ι

110 1040 126 1097 5
228 1041 280 1102 45.
321 1039 480 1103 Cerberus
509 1049 613 1103 autem
650 1039 711 1102 tria
739 1039 841 1120 capita
879 1039 1029 1105 habuisse
1062 1039 1267 1102 describitur.

166 1161 259 1224 quem
289 1153 400 1225 poetae
423 1153 456 1204 et
483 1141 663 1224 philosophi
692 1141 734 1204 ab
756 1144 850 1205 ianua
880 1142 998 1205 interni
1022 1144 1170 1206 mortales
1196 1161 1272 1224 pro-

164 1245 293 1308 turbare
317 1248 401 1308 trino
423 1245 623 1308 arbitrantur
645 1245 779 1308 latratu:
812 1255 862 1308 set
888 1255 995 1308 tamen
1024 1265 1098 1309 eum
1127 1255 1272 1308 tremen-

164 1358 226 1412 tem
256 1347 299 1410 ab
327 1348 402 1409 Orci
431 1349 516 1430 regis
545 1348 663 1409 interni
694 1349 771 1410 solio
799 1346 1042 1411 famosissimum
1071 1345 1205 1409 Alciden
1237 1348 1269 1409 in

163 1440 306 1514 4444444444Ι
337 1453 472 1513 traxisse
503 1453 588 1532 turpi
618 1449 811 1531 depromunt
840 1451 1005 1514 mendacio
1036 1460 1068 1514 et
1089 1448 1174 1531 quod
1198 1467 1312 1513 eumao

90 1554 122 1614 tt
164 1556 330 1618 inritatum
353 1554 405 1616 ille
429 1562 597 1616 contumax
621 1555 742 1616 insanis
764 1557 947 1634 provocavit
969 1554 1146 1617 latratibus.

230 1658 281 1719 46.
322 1658 362 1718 Et
382 1659 468 1718 inter
489 1658 558 1737 ipsa
577 1673 659 1738 quae
676 1655 787 1719 dicunt
810 1657 916 1720 inania
939 1656 1047 1721 ierunt
1068 1657 1215 1720 formicas
1238 1658 1270 1718 in

164 1761 302 1843 quadam
325 1775 394 1822 esse
424 1761 543 1838 insula,
575 1769 608 1820 et
630 1759 715 1840 quod
738 1777 795 1821 sex
816 1759 917 1842 pedes
947 1771 979 1824 et
1003 1771 1107 1823 atrum
1136 1761 1271 1822 colorem

165 1875 195 1926 et
217 1865 332 1925 miram
356 1861 494 1926 habeant
515 1863 710 1925 celeritatem
733 1861 937 1944 depromunt.
985 1881 1056 1926 curu
1079 1861 1198 1944 quibus
1221 1865 1272 1925 in-

165 1966 331 2029 credibilis
352 1968 423 2029 auri
446 1963 642 2029 abundantia
665 1964 870 2045 describitur,
903 1965 989 2047 quod
1012 1968 1100 2047 ipsae
1123 1983 1179 2028 sua
1202 1985 1272 2028 ser-

90 2069 122 2128 45
165 2079 242 2132 vent
265 2068 435 2132 industria.
1195 2135 1197 2140 Α

231 2171 282 2233 tt.
323 2173 393 2235 Fuit
419 2170 586 2254 praeterea
609 2169 766 2252 quaedam
789 2173 821 2233 iu
845 2170 995 2234 ludorum
1023 2169 1126 2234 bestia
1155 2171 1272 2233 finibus

163 2278 274 2354 maior,
299 2284 336 2338 ut
357 2276 475 2354 iemnt,
502 2273 649 2353 elefanto,
675 2275 776 2335 colore
800 2273 902 2354 nigro,
932 2291 1027 2355 quam
1049 2274 1120 2337 lndi
1144 2274 1272 2337 dentem

84 2501 164 2550 secuti
183 2501 210 2549 tn
229 2501 353 2549 aeternas
372 2498 442 2550 44444
460 2497 614 2558 incidimus,
634 2495 668 2547 (44
687 2509 802 2561 quarum
821 2497 923 2548 vertice
943 2501 997 2548 cod.
1013 2497 1075 2550 Por.
1091 2502 1157 2548 4544
1177 2513 1194 2548 o
1207 2498 1272 2549 ller-

82 2595 140 2644 pero
157 2585 380 2647 commemoratus)
401 2587 480 2635 acuta
498 2587 654 2648 serrataque
673 2581 829 2634 eminebant
841 2595 911 2634 ossa.
950 2587 977 2634 et
994 2584 1046 2634 hae
1063 2586 1178 2635 arietino
1197 2595 1272 2635 more

82 2667 207 2720 adversus
220 2670 345 2721 homines
357 2669 511 2720 currebant
542 2673 601 2720 tum
614 2670 727 2720 invictae
740 2668 919 2734 plurimorum
932 2669 1049 2720 militum
1062 2670 1174 2735 clypeos
1186 2683 1272 2720 cornu

83 2765 128 2804 suo
146 2754 409 2806 transverberabant.
495 2760 518 2805 4.
540 2769 594 2804 44444
612 2755 650 2806 444
669 2755 864 2819 cenopenosd,
891 2768 935 2805 xm
954 2756 1091 2821 Conopeni
1107 2756 1149 2806 B?
1208 2768 1272 2820 per-

81 2839 134 2892 sida
147 2843 201 2892 Ab.
274 2853 343 2906 quoa
356 2840 385 2890 A.
458 2841 671 2905 coenopenosA,
698 2853 852 2904 conopenos
867 2841 896 2890 44.
935 2841 967 2890 ab
985 2841 1049 2891 Iulio
1073 2841 1174 2891 Valerio
1191 2853 1220 2890 111
1239 2845 1270 2890 44

79 2932 183 2986 praeter
200 2927 289 2978 beluas
307 2925 457 2977 Alexandro
475 2926 618 2976 occurrisse
640 2931 790 2976 4444444444
813 2925 938 2976 homines
962 2925 1035 2976 senis
1059 2925 1185 2976 manibus
1207 2939 1273 2990 por-

83 3014 211 3076 tentuosi,
237 3012 444 3077 himantopodes
466 3012 511 3072 (im
534 3010 683 3076 antapodas
706 3013 787 3062 codem
811 3013 889 3072 444444,
917 3013 1000 3062 immo
1025 3009 1165 3076 antlpodes
1187 3014 1273 3074 inepte

83 3097 173 3159 44444444)
194 3099 275 3150 etiam
294 3101 322 3149 et
339 3097 547 3163 cynopcndiees.
637 3102 661 3149 4.
683 3097 778 3147 oannis
796 3096 825 3158 A,
852 3097 930 3147 annia
950 3098 979 3146 44.
1052 3098 1152 3162 aquina
1169 3098 1200 3147 A.

82 3182 209 3248 dependit
225 3183 278 3234 Ab.
382 3188 405 3234 4.
427 3181 490 3249 iuba
509 3197 558 3248 per
575 3184 649 3234 cerin
668 3195 781 3234 munces
799 3185 828 3233 A.
901 3183 947 3248 qul
967 3184 1056 3247 ignem
1074 3183 1103 3233 A.
1194 3186 1220 3234 ⁵.
1239 3196 1271 3232 xv

83 3271 133 3328 4444
152 3269 181 3331 Β)
202 3269 240 3320 144
259 3269 372 3320 cerbero
391 3268 443 3318 Ab.
522 3267 681 3319 discribitur
696 3269 726 3318 A.
822 3273 846 3318 c.
867 3282 882 3319 a
901 3269 981 3318 ianua
1001 3269 1031 3318 44.
1122 3273 1147 3320 4.
1162 3272 1186 3318 7.
1208 3280 1272 3332 per-

82 3354 188 3406 turbare
206 3355 259 3406 Ab.
332 3358 374 3406 set
392 3356 495 3403 tantum
508 3355 537 3404 A.
598 3355 671 3418 Vera.
691 3355 796 3405 4444444
815 3357 863 3406 445
882 3354 1040 3405 Tartareum
1058 3354 1103 3404 ille
1123 3367 1205 3404 mauu
1223 3367 1271 3404 cn-

80 3441 183 3491 stodem
201 3442 229 3491 in
242 3439 331 3491 vincla
349 3439 452 3506 petivit,
472 3440 559 3504 lpsius
577 3440 674 3490 aeolio
691 3441 770 3502 regis,
792 3440 922 3504 traxitque
939 3443 1110 3492 trementem.
1186 3444 1211 3491 8.
1231 3441 1272 3490 al-

81 3526 212 3586 cedenA,
238 3526 354 3577 alcidem
375 3526 404 3575 44.
496 3527 537 3574 to.
557 3527 708 3590 prouocant
727 3526 758 3575 44.
858 3528 900 3575 44.
921 3541 963 3576 xvi
982 3527 1021 3577 De
1040 3526 1166 3578 formicas
1184 3529 1214 3587 A,
1241 3541 1272 3576 44

82 3611 548 3663 Formicaeaurumservantcalt?
608 3609 745 3661 Etomlt.
823 3613 865 3660 44.
886 3611 1034 3663 habenti.
1113 3615 1211 3664 44444.
1232 3611 1273 3662 iu·

82 3697 256 3749 credibilibus
276 3698 305 3747 B.
391 3694 575 3747 habundantia
592 3696 645 3746 Ab.
731 3695 925 3748 describuntur
942 3711 1024 3762 quam
1043 3699 1117 3763 ipsae
1136 3699 1166 3748 B.

83 3786 124 3832 tc.
145 3797 194 3834 4444
213 3784 251 3834 Da
269 3783 379 3834 dentam
398 3783 533 3833 tirannum
547 3781 578 3842 A,
597 3794 638 3830 xvi
657 3781 746 3832 Bestia
764 3782 831 3833 dens
850 3786 981 3848 tyrannus
993 3788 1087 3836 vocata
1102 3785 1143 3834 B?
1212 3781 1273 3834 tini·

82 3868 134 3919 bus
151 3869 234 3920 bestia
255 3871 284 3920 44.
394 3871 435 3917 47.
457 3867 524 3918 indii
541 3867 571 3918 A.
662 3866 760 3918 deinde
779 3869 916 3919 tirannum
937 3869 966 3920 44.
1009 3883 1062 3920 coo
1085 3871 1275 3920 restituendam

83 3967 138 4005 ease
153 3955 400 4020 odontntyrannum
419 3954 491 4004 docet
508 3953 653 4004 Alexandri
670 3953 782 4015 epicteto
796 3967 825 4016 p.
840 3958 882 4014 44,
909 3968 963 4006 una
985 3959 1127 4019 praeterea
1145 3956 1208 4006 novi
1228 3969 1274 4019 ge-

83 4041 156 4091 neris
173 4039 259 4092 bestia
278 4041 364 4090 maior
382 4038 524 4104 elephanta
548 4039 713 4103 comparuit,
740 4037 828 4090 tribus
851 4045 952 4090 armata
976 4041 1003 4091 in
1028 4040 1115 4092 ironte
1133 4039 1272 4104 cornibus,

83 4137 153 4188 equo
170 4125 257 4176 simile
276 4127 358 4191 caput
374 4125 426 4175 4444
444 4122 542 4175 coloris
560 4135 664 4188 gerone.
702 4123 773 4175 hanc
792 4125 850 4175 lndi
874 4125 1010 4192 appellare
1027 4127 1127 4178 odonta
1145 4126 1188 4178 vel
1206 4126 1275 4178 41444-

84 4213 139 4260 tcm
157 4214 299 4276 tyrannum
318 4210 391 4262 soliti
408 4213 480 4260 sunt.
519 4210 586 4261 haec
603 4215 747 4274 potaeque
767 4212 874 4262 intuens
893 4213 980 4262 eastra
1000 4211 1088 4264 subito
1108 4214 1134 4264 in
1153 4225 1203 4264 nos
1222 4214 1275 4264 im·

84 4299 173 4359 petum
191 4297 281 4358 dedit;
308 4309 342 4348 444
361 4297 429 4361 ignis
441 4295 552 4360 quidem
565 4296 680 4360 oppositi
700 4295 857 4346 tardabatur
874 4297 1026 4350 ardoribus.
1061 4299 1095 4350 ad
1108 4313 1190 4364 quam
1208 4309 1275 4364 snp-

83 4383 249 4445 primendam
268 4395 331 4433 cum
349 4381 536 4448 opposuissem
555 4380 732 4432 Macedonum
755 4395 875 4443 manum,
903 4384 1011 4447 triginta
1033 4386 1076 4449 (ot.
1097 4386 1199 4450 viginti)
1226 4395 1274 4436 sax

83 4469 188 4531 occidit,
208 4473 263 4520 tres
281 4472 309 4520 ct
327 4468 522 4533 qulnquaginta
541 4466 658 4518 calcatos
676 4467 783 4519 inutiles
802 4466 872 4528 iecit,
896 4470 995 4534 vixque
1013 4472 1123 4524 4444444444
1142 4472 1207 4538 ipsis
1225 4470 1275 4520 de-

85 4551 138 4603 fixa
154 4554 293 4606 venabulis
312 4553 448 4608 occubuit.

138 4653 252 4708 lleaptil
266 4653 378 4707 opuscula
395 4653 425 4694 ΙΙ.
1035 4659 1068 4710 15
