3268 5108
297 373 345 448 46
590 393 679 452 lsnsx
702 409 868 455 inorronvu
890 411 1070 454 sesuvium
1096 391 1189 453 tsst.

296 579 449 643 ardentes.
491 590 558 644 tum
580 599 672 644 murs
696 599 736 644 ox
751 579 866 644 Aldine
889 583 1063 663 exemplari
1088 591 1251 662 receptum
1275 591 1339 644 est:
1365 579 1490 642 codices

296 686 390 763 vires,
416 685 449 745 in
471 685 546 746 olim
570 687 735 767 inpressis,
761 685 815 767 qni
839 705 949 748 neruos
973 685 1103 766 habent,
1127 703 1145 747 a
1168 701 1245 747 vera
1267 683 1489 746 emendatione

296 785 479 850 aberratum
503 797 562 850 est.
610 789 824 870 paenultimus
845 807 959 852 versus
981 789 1008 850 is
1031 799 1078 851 est
1101 791 1133 851 in
1157 809 1236 870 qno,
1260 798 1416 870 utsupra
1439 786 1492 848 di-

297 892 421 983 ximus,‘
438 890 540 954 deleta
564 893 596 954 in
622 893 754 972 reliquis
776 891 938 956 codicibus
952 903 1065 974 poetae
1081 891 1180 954 verba
1202 911 1219 954 a
1236 891 1491 972 Cantabrigiensi

297 995 521 1057 restituuntur.
568 1013 641 1058 nam
665 995 742 1058 haec
763 997 823 1058 tria
847 995 946 1059 verba
968 997 1113 1059 recolatis
1136 995 1268 1059 aestibus
1291 997 1391 1058 amois
1414 1013 1492 1056 con-

296 1099 492 1178 plementum
515 1109 589 1161 sunt
613 1099 778 1178 italorum,
803 1101 918 1164 scitum
941 1099 1020 1162 illud
1044 1099 1192 1181 quidem,
1224 1099 1282 1162 sed
1303 1109 1409 1161 tamen
1434 1099 1494 1160 ial-

297 1219 379 1262 sum.
426 1203 545 1263 etenim
574 1203 607 1264 in
636 1201 799 1280 codicibus
829 1203 1073 1266 llelmstadiensi
1103 1213 1135 1264 et
1163 1202 1385 1283 Rehdigerano
1412 1203 1494 1265 haec

296 1305 414 1385 scripse
429 1315 514 1384 sunt,
540 1306 633 1368 donec
654 1305 802 1387 conducio
814 1309 920 1400 prelati,
946 1309 1060 1370 omissa
1084 1308 1206 1387 reliqua
1220 1307 1371 1369 versiculi
1387 1315 1492 1386 parte.

297 1425 367 1469 eam
397 1407 669 1489 Cantabrigiensis
699 1409 850 1491 praebet,
890 1411 983 1478 donec
1012 1411 1159 1493 continuio
1193 1411 1287 1473 vetuti
1318 1427 1494 1473 erraomsvs

254 1529 386 1576 totorts
408 1512 508 1574 Eoritit
529 1520 618 1594 otpaae
636 1511 747 1595 ferreas
771 1521 832 1576 tota
854 1515 946 1575 comit
967 1517 1073 1597 tyneus
1096 1502 1214 1575 detero.¹

383 1615 490 1677 Restat
512 1617 594 1678 alius
616 1635 730 1678 versus
752 1619 843 1680 ouius
864 1626 989 1699 partem
1013 1619 1045 1678 in
1069 1619 1185 1680 ceteris
1208 1616 1371 1679 codicibus
1393 1619 1496 1678 omis-

296 1735 363 1780 sam
386 1718 531 1781 eiusdem
547 1718 819 1800 cantabrigiensis
841 1721 916 1782 libri
939 1719 1122 1783 adiumento
1144 1737 1381 1802 recuperamus.
1419 1741 1496 1782 nam

298 1823 331 1882 in
355 1839 390 1883 ea
413 1832 504 1903 parte
527 1824 677 1885 carminis
699 1825 732 1884 in
756 1843 818 1905 qua
840 1824 921 1886 aliae
943 1835 1073 1908 praeter
1091 1818 1226 1886 Aetnam
1250 1825 1396 1904 regiones
1421 1827 1496 1905 igne

297 1923 449 1988 ardentes
472 1935 701 1989 enumerantur
723 1927 801 1988 haec
822 1929 917 2008 vulgo
939 1929 1090 2008 leguntur
1117 1929 1157 2010 (v.
1176 1929 1265 2010 lit),

427 2031 532 2092 insuto
553 2029 648 2092 daret
669 2029 769 2092 actua
796 2031 923 2094 Vulcani
942 2033 1062 2094 aomina
1083 2051 1194 2108 socro;

424 2151 504 2214 pars
526 2141 626 2196 tomen
648 2133 771 2196 incendi
791 2136 889 2196 motor
911 2135 1041 2217 refrinit
1062 2145 1090 2198 et
1111 2137 1171 2198 olto

427 2239 557 2299 iactatos
578 2238 686 2318 recipit
707 2237 821 2300 classes
839 2245 990 2321 portuque
1012 2247 1132 2314 acetum

427 2359 504 2422 quae
525 2347 632 2420 restat,
657 2341 808 2423 minoret
829 2340 913 2404 dives
936 2344 1012 2404 satis
1034 2341 1126 2404 utere
1149 2349 1235 2404 tetro
1257 2347 1311 2414 est,

428 2444 483 2506 scd
503 2463 565 2506 noo
586 2441 728 2506 Aetnaeis
750 2446 834 2506 coes
856 2461 934 2526 quoe
955 2445 1094 2528 conferat
1114 2445 1197 2508 iltis.-

427 2555 515 2629 otpue
536 2547 610 2610 boec
631 2549 699 2630 ipso
721 2555 820 2610 tomen
843 2549 905 2610 iota
927 2549 1078 2630 wordum
1101 2551 1238 2611 aetiana
1257 2547 1379 2630 scisset,

426 2653 462 2712 ni
478 2650 589 2733 fartim
611 2651 773 2734 adpareret
791 2653 915 2714 secretas
937 2651 1066 2714 coitibus
1088 2652 1197 2714 tamor

426 2755 588 2817 materiam
609 2755 778 2836 silvamque
799 2773 888 2840 suom
908 2771 1073 2837 pressoque
1095 2756 1200 2818 coculi

426 2858 485 2921 isac
507 2858 580 2920 illoc
601 2866 704 2941 operat
726 2867 829 2921 ventos
851 2867 880 2921 ct
898 2865 1040 2941 posceret
1061 2861 1156 2942 ipoes.

299 2963 332 3024 in
355 2963 406 3025 his
428 2961 513 3042 quod
537 2963 569 3023 in
593 2961 684 3024 initio
707 2962 825 3043 legitur
846 2962 940 3025 durat
962 2961 1076 3037 adbuc
1109 2981 1126 3024 a
1150 2961 1311 3040 scaligero
1335 2965 1505 3042 excogita-

298 3077 365 3128 tum
388 3075 452 3128 ast:
487 3063 561 3126 libri
585 3066 671 3127 enim
694 3079 756 3126 non
780 3066 859 3128 haec
881 3065 944 3128 duo
967 3065 1119 3129 vocabula
1142 3064 1279 3145 habent,
1312 3063 1370 3126 sed
1394 3085 1503 3129 unum

300 3167 522 3250 inexplicabile
549 3168 676 3231 duroto.
729 3189 835 3250 neque
868 3179 974 3233 tamen
1005 3169 1146 3250 Scaliger
1175 3187 1288 3231 verum
1323 3145 1505 3232 adsecutus

298 3293 368 3336 esse
391 3272 530 3336 videtur.
577 3291 651 3334 nam
680 3273 739 3334 boc
767 3273 922 3355 perplexe
953 3273 1073 3336 dictum
1103 3283 1168 3349 est,
1201 3273 1261 3335 etsi
1292 3273 1391 3334 maior
1421 3293 1506 3354 pars

298 3376 438 3438 incendii
461 3377 640 3457 refrixerit,
673 3377 774 3458 ipsam
798 3387 903 3438 mmen
927 3377 1062 3439 insulam
1086 3377 1201 3439 llieran
1225 3376 1329 3439 adhuc
1353 3375 1501 3440 durare:

298 3483 389 3561 quasi
404 3483 521 3543 mirum
544 3482 586 3543 sit
609 3499 678 3542 eam
701 3497 763 3542 non
787 3481 966 3542 evanuisse.
990 3481 1126 3542 rectius
1146 3479 1276 3542 lacobus
1292 3497 1373 3560 quae
1398 3480 1508 3545 inerit

207 3645 217 3668 ,
259 3611 261 3614 ·
298 3594 410 3666 poetae
433 3587 591 3647 sententia
616 3582 783 3646 intellexit.
823 3585 899 3645 satis
923 3585 1009 3645 enim
1031 3583 1165 3665 adparet
1187 3603 1260 3646 eum
1284 3584 1342 3644 hoc
1360 3580 1505 3666 dixisse,

298 3689 433 3750 insulam
468 3706 539 3750 esse
572 3690 623 3752 cui
659 3689 760 3769 ipsius
789 3687 919 3749 Videani
948 3705 1064 3750 nomen
1095 3697 1225 3770 propter
1252 3689 1359 3768 ignem
1390 3706 1433 3748 ex
1468 3709 1508 3751 ea

299 3800 521 3873 erumpentem
544 3793 715 3874 inpositum
731 3793 782 3872 sit,
808 3791 958 3852 maiorem
975 3803 1082 3856 tamen
1103 3791 1242 3854 incendii
1258 3801 1383 3872 partem
1401 3791 1508 3855 refri-

297 3898 395 3973 xisse,
421 3913 492 3956 cnm
516 3915 579 3958 non
602 3897 738 3978 amplius
761 3903 948 3976 suppeteret
971 3894 1083 3958 idonea
1102 3895 1217 3976 lapidis
1232 3894 1360 3956 molaris
1383 3897 1502 3977 copia:

298 4017 371 4061 nam
394 4008 457 4061 tota
480 3999 558 4061 haec
584 4001 734 4062 carminis
763 4017 838 4081 pars
861 3999 894 4060 in
925 4015 962 4059 eo
984 4009 1132 4061 versatur
1159 4007 1195 4060 ut
1218 3997 1416 4060 demonstret
1437 4020 1507 4082 pa-

298 4102 371 4164 tnta
393 4110 421 4164 ot
448 4102 582 4165 ardendi
609 4119 735 4166 causato
764 4101 895 4184 lapidem
923 4119 988 4164 csse
1014 4101 1172 4165 molarem.
1217 4113 1367 4184 putamus
1389 4113 1506 4168 autem

297 4223 355 4267 nos
376 4223 512 4287 pravum
535 4205 615 4269 illud
637 4206 792 4268 librorum
815 4205 929 4267 dicrota
949 4203 1160 4286 probabiliter
1182 4205 1344 4285 corrigere
1362 4217 1508 4286 poetae-

298 4329 361 4390 que
385 4309 470 4389 quod
492 4311 621 4390 scripsit
651 4311 693 4372 ita
722 4311 892 4372 restituere
914 4327 1025 4390 posse,
1059 4311 1168 4372 insuta
1190 4327 1320 4372 coruom
1343 4329 1395 4371 mr
1425 4315 1507 4377 Vul-

298 4415 370 4475 cani
394 4415 514 4475 nomiae
542 4414 653 4475 Soc-rc.
701 4412 868 4476 dicebatur
898 4413 982 4474 enim
1013 4413 1091 4475 haec
1117 4407 1219 4476 insula
1247 4412 1342 4494 pleno
1364 4419 1507 4481 nomine

290 4509 373 4602 ‘lapsi
388 4511 566 4602 Ἡφαίστου.
606 4517 711 4598 paullo
733 4528 803 4598 post
818 4515 959 4579 dubitari
975 4525 1078 4597 potest
1096 4529 1204 4580 utrum
1220 4518 1391 4580 resumsit
1408 4523 1506 4600 quod
