3184 5108
382 417 470 478 lunnx
492 435 658 479 nncrronvu
681 437 859 481 ansrrvtnvu
877 420 971 482 4865.
1197 409 1272 480 289

98 611 215 664 strenue
237 601 393 683 agendam
417 605 627 668 instituuntur
657 607 718 669 iam
741 607 984 690 adulescentuli,
1016 618 1113 692 atque
1142 621 1177 672 ut
1199 611 1272 673 olim

97 705 173 786 apud
195 705 320 768 Chattos
349 717 384 769 ut
405 708 477 788 quis
504 710 642 788 primum
666 711 804 774 adolevit
826 713 947 774 crinem
976 711 1174 794 barbamque
1196 713 1274 776 snb-

99 809 231 870 mittebat
259 828 366 892 neque
396 811 456 872 nisi
494 812 583 874 hoste
613 832 702 876 caeso
730 818 870 877 votivum
899 815 1135 896 obligatumque
1163 819 1274 879 virtuti

98 914 152 973 oris
173 911 315 975 habiturn
338 913 475 976 exuebat
504 935 602 996 seque
625 926 692 979 tum
716 917 844 980 demum
873 919 975 999 pretia
998 903 1148 981 nascendi
1173 929 1275 983 rettu-

97 1015 161 1077 lisse
183 1015 378 1097 dignumque
401 1019 503 1098 patria
526 1037 563 1079 ac
584 1020 772 1098 parentibus
795 1021 1012 1101 existimabat,
1041 1024 1084 1084 ita
1107 1022 1201 1085 hodie
1223 1024 1275 1086 vel

97 1117 254 1198 inberbes,
286 1121 312 1180 si
342 1120 461 1200 aliquot
489 1122 662 1184 versiculos
691 1132 838 1186 veterum
866 1135 1030 1204 poetarum
1060 1126 1272 1206 trucidarunt,

97 1231 192 1284 votum
213 1223 346 1285 solvisse
369 1224 614 1305 tirociniumqne
644 1227 787 1306 posuisse
817 1226 999 1290 iudicantur
1029 1237 1061 1290 et
1083 1229 1183 1292 doctis
1210 1228 1276 1290 for·

94 1324 234 1406 tibusque
256 1327 337 1388 viris
358 1325 596 1389 adscribuntur.
643 1329 770 1410 longum
793 1338 842 1390 est
864 1349 1053 1394 enumerare
1075 1333 1179 1394 omnia
1202 1333 1276 1413 qui-

96 1426 149 1490 bus
175 1430 321 1491 effectum
344 1439 392 1492 est
421 1439 456 1491 ut
479 1429 573 1492 hodie
601 1431 706 1494 studia
737 1433 789 1494 illa
813 1442 977 1514 tantopere
1000 1442 1128 1515 tamque
1158 1436 1274 1516 insigni

96 1530 263 1594 litterarum
287 1532 423 1594 utilitate
446 1531 609 1596 ferveant:
644 1534 751 1614 itaque
774 1553 869 1597 unam
891 1545 1015 1599 tantum
1038 1537 1107 1600 eius
1130 1539 1177 1598 rei
1200 1557 1277 1600 cau-

96 1653 153 1694 sam
174 1633 340 1716 adicimus,
371 1637 462 1699 cuius
489 1639 817 1700 commemorationem
846 1640 871 1702 si
899 1641 1126 1721 omitteremus,
1160 1641 1276 1721 ingrati

96 1745 145 1798 aut
172 1737 270 1800 invidi
300 1739 553 1819 praeclarissima
582 1749 687 1802 tacere
709 1740 906 1804 videremur.
954 1743 1013 1804 etsi
1044 1744 1129 1806 enim
1158 1744 1277 1806 scimus

96 1859 158 1902 esse
190 1840 343 1922 quosdam
377 1843 520 1904 homines
554 1841 700 1906 difficiles
736 1853 767 1906 et
800 1864 938 1906 morosos
972 1847 1027 1926 qui
1062 1846 1181 1908 criticis
1214 1864 1277 1906 non

96 1944 183 2006 nullis
205 1945 394 2026 Hesychiani
418 1946 561 2026 glossarii
585 1943 650 2008 'usu
673 1947 706 2008 in
729 1945 841 2010 decern
863 1949 1030 2011 minimum
1053 1967 1153 2010 annos
1175 1949 1278 2010 inter-

97 2044 151 2108 dici
171 2050 311 2129 cupiant,
337 2067 394 2110 nos
416 2067 457 2109 ex
479 2049 532 2110 illa
554 2050 764 2128 scaturrigine
787 2051 957 2114 salutarem
980 2052 1138 2133 potionem
1161 2049 1277 2113 cotidie

96 2149 207 2214 hauriri
231 2161 263 2214 et
286 2151 386 2231 gavisi
409 2159 519 2214 sumus
541 2151 717 2214 iandndum
741 2162 772 2214 et
795 2154 892 2216 multo
915 2154 949 2217 id
971 2157 1065 2217 etiam
1088 2154 1188 2234 magis
1211 2153 1278 2215 lae-

94 2260 190 2315 tamur
211 2273 251 2316 ex
274 2273 336 2335 quo
360 2255 514 2318 medicata
538 2255 590 2317 illa
613 2274 694 2336 aqua
717 2255 859 2319 Electrae
882 2257 1066 2338 Sophocliae
1089 2257 1151 2319 duo
1173 2257 1277 2318 versi-

94 2357 159 2436 culi,
197 2375 277 2438 qnos
305 2357 414 2419 morbo
442 2345 635 2438 gra¹vissimo
664 2357 807 2420 laborare
837 2361 931 2441 plane
963 2359 1184 2424 nesciebamus
1204 2357 1301 2441 (tamo

94 2457 185 2522 fallaci
207 2461 352 2523 sanitatis
375 2462 480 2542 specie
499 2459 643 2524 morbosa
660 2481 791 2542 corpora
812 2481 874 2524 non
894 2482 1067 2545 numquam
1083 2461 1273 2546 decipiunt),

94 2559 265 2626 felicissime
289 2565 451 2644 percurati
470 2576 555 2627 sunt.
591 2563 829 2627 admirabamur
844 2564 918 2627 olim
934 2585 1047 2629 versus
1070 2567 1149 2646 illos,
1176 2557 1275 2650 ὥσπερ

93 2659 143 2749 γὰρ
163 2661 249 2738 ἵππος
271 2660 415 2751 εὐγενής,
439 2659 494 2730 κᾶν
517 2657 537 2752 ἦ
561 2665 670 2753 γέμων,
690 2661 742 2730 Ἐν
764 2667 840 2732 τοῖσι
863 2668 970 2763 δειινοῖς
993 2663 1089 2752 θυμὸν
1113 2663 1167 2732 οὐκ
1191 2662 1277 2732 ἀπώ-

95 2767 184 2847 λεσεν,
215 2781 310 2851 atque
341 2791 404 2833 non
427 2773 533 2833 minus
559 2789 654 2851 quarn
677 2772 811 2834 maiores
840 2773 940 2834 nostri
972 2782 1035 2834 tam
1066 2770 1173 2834 hebeti
1204 2790 1276 2834 era-

96 2889 158 2934 mus
179 2892 274 2936 sensu
297 2885 331 2936 ut
355 2875 435 2936 nihil
458 2872 502 2935 ibi
526 2874 688 2955 languoris
703 2873 1030 2955 deprehenderemus.
1070 2875 1190 2956 quippe
1212 2894 1276 2937 non

95 2975 164 3036 satis
190 2977 382 3039 triveramus
411 2977 612 3058 Hesychium.
666 2995 751 3040 nuno
780 2976 951 3042 didicimus
979 2978 1164 3059 Sophoclem
1198 2979 1277 3040 haec

95 3079 191 3154 potius
212 3080 389 3160 scripsisse,
415 3071 515 3165 decep
537 3074 595 3165 γὰρ
617 3075 705 3152 ἵππος
728 3073 871 3164 εὐγενής,
896 3073 951 3144 κᾶν
972 3071 993 3165 ἦ
1017 3079 1120 3165 τέρος,
1141 3074 1193 3143 Ἐν
1215 3079 1276 3152 τοῖς

95 3171 217 3253 ἀλίνδοις
239 3177 335 3266 θυμὸν
351 3177 405 3247 οὐκ
421 3176 588 3247 ἀπώλεσεν.
635 3182 720 3263 quod
743 3184 845 3264 siquis
867 3185 945 3246 haec
967 3193 1098 3264 spernat
1120 3193 1152 3245 et
1173 3201 1275 3263 paene

95 3282 220 3347 ridicula
249 3305 320 3349 esse
349 3287 527 3365 existimet,
566 3285 781 3367 periculorum
812 3296 917 3348 antem
948 3288 1275 3350 commemorationem

99 3381 139 3464 (ea
160 3391 243 3450 enim
265 3399 340 3452 sunt
361 3383 399 3452 τὰ
422 3383 514 3471 δεινά)
545 3409 579 3451 se
603 3387 788 3452 desiderare
816 3388 912 3469 dicat,
945 3389 1146 3471 cogitandum
1176 3391 1205 3450 ei
1229 3399 1278 3451 est

94 3493 272 3572 conpensari
303 3492 454 3556 damnum
477 3491 612 3555 duorum
636 3491 905 3574 Hesychianorum
926 3490 1152 3556 vocabulorum
1183 3493 1277 3554 resti-

95 3595 219 3674 tutione,
249 3595 499 3659 adlaborandum
523 3615 592 3658 esse
621 3605 728 3658 autem
751 3594 878 3658 cordato
901 3595 1020 3657 homini
1044 3597 1076 3658 in
1101 3596 1213 3678 primis
1235 3614 1276 3656 ne

96 3695 276 3778 Hesychium
300 3698 417 3762 frustra
441 3700 555 3780 legisse
580 3698 738 3761 videatur.

174 3802 246 3864 Tam
274 3802 436 3884 praeclara
469 3802 600 3864 minime
637 3803 696 3864 hac
729 3803 902 3882 scriptione
938 3801 1181 3877 aemulabimur,
1220 3798 1278 3862 sed

96 3899 317 3968 dubitationem
353 3915 475 3968 tanturn
510 3907 649 3987 aliquam
683 3914 823 3967 nostram
857 3903 1050 3984 (dubitamus
1087 3905 1171 3966 enim
1201 3900 1276 3963 dnm

97 4008 249 4084 praeclaro
279 4009 346 4070 viro
377 4018 408 4070 et
438 4009 471 4070 in
501 4009 551 4071 his
584 4008 699 4072 litteris
733 4009 884 4089 primario
912 4005 1123 4090 obloquimur)
1158 4004 1198 4066 de
1228 4003 1278 4066 his

96 4107 230 4174 Electrae
253 4111 439 4193 Sophpcliae
464 4111 613 4175 versibus
641 4109 710 4194 (l53
729 4109 785 4193 ss.)
812 4109 1021 4192 proieremuS,

333 4205 416 4280 edent
439 4209 485 4278 ool
508 4208 623 4299 μούνᾳ,
648 4213 763 4291 τέκνον,

334 4309 408 4405 ἄχος
430 4315 528 4406 ἐφάνη
552 4317 679 4404 βροτῶν,

331 4417 404 4507 πρὸς
425 4413 442 4486 ‘d
464 4445 493 4486 τι
515 4415 552 4485 od
574 4424 632 4484 τῶν
655 4418 741 4484 ἔνδον
764 4415 793 4484 el
812 4412 950 4503 περισσά,

332 4521 377 4597 οἷς
398 4520 509 4610 ὁμόθεν
533 4520 634 4588 εἶκαὶ
656 4527 730 4608 γονᾷ
753 4517 911 4607 ξύναιμος,

146 4636 256 4697 llouptli
270 4643 382 4696 Opuseuls
399 4643 428 4687 11.
