3240 5094
172 1091 344 1192 INDEX
372 1089 690 1191 moriemini
720 1087 1083 1189 Austlvnuvn
1117 1100 1241 1192 1870.

106 1346 300 1458 Helladius
328 1395 550 1476 grammaticus
579 1394 769 1475 aliquotiens
799 1403 991 1455 memoratur
1021 1395 1052 1454 in
1081 1395 1208 1457 scholiis
1227 1389 1293 1458 Ἰα-

106 1501 216 1583 τρικῶν
240 1501 423 1582 συναγωγῶν
446 1495 595 1558 Oribasii.
621 1505 643 1558 t.
662 1516 683 1558 ιι
706 1515 738 1578 p.
758 1496 818 1558 tls
839 1499 857 1556 6
880 1489 1028 1581 ὀξιίβαφόν
1050 1495 1112 1560 ἐστι
1132 1492 1166 1560 τὸ
1189 1499 1293 1570 σκεῦος

105 1599 140 1665 τὸ
171 1596 446 1686 ι’τντιδιαιρούμενον
472 1603 515 1686 τῷ
542 1598 682 1686 τρυβλίῳ.
728 1598 874 1686 γραπτέον
904 1596 938 1662 δὲ
966 1595 1017 1663 διὰ
1045 1604 1096 1665 τοῦ
1125 1597 1214 1665 ὑπαί
1236 1596 1293 1690 οὐχ

106 1697 148 1778 ὥς
172 1729 249 1777 τινες
271 1699 438 1790 ὂξόβαφον·
464 1703 615 1787 coaxatae
637 1697 694 1789 γὰρ
718 1699 753 1767 οὐ
774 1699 856 1788 παρὰ
878 1706 930 1767 τοῦ
953 1695 1035 1781 ὅξος,
1060 1699 1138 1768 ἀλλὰ
1156 1700 1239 1790 παρὰ
1259 1703 1292 1770 τὸ

105 1808 194 1895 γένος
209 1801 282 1895 ὅπερ
298 1804 375 1872 ἐστίν
392 1800 457 1886 oiri,
480 1801 689 1879 ὡςἘλλιίδιος
705 1807 736 1870 ἐν
750 1811 787 1893 τῇ
803 1801 920 1893 Χρήσει
935 1804 1036 1893 φησίν.
1077 1809 1161 1890 quod
1177 1809 1294 1874 dieitur

104 1908 257 1998 ὀξύβαφον
289 1931 358 1974 osse
389 1915 493 1983 σκεῦος
521 1905 554 1975 τὸ
579 1906 851 1996 ἄντιδιαιροιίρενον
880 1914 922 1998 τῷ
943 1908 1072 1997 τρυβλίῳ
1095 1911 1293 1977 Christianus

104 2016 290 2079 Friderious
311 2017 457 2078 Matthaei
480 2013 561 2078 lled.
587 2015 696 2078 Graec.
722 2036 753 2096 p.
773 2016 830 2076 364
860 2024 944 2078 recte
968 2017 1088 2078 rettulit
1110 2016 1150 2080 ad
1171 2015 1293 2080 Aristo-

104 2122 223 2202 phanis
238 2119 352 2184 Avium
369 2139 399 2181 ν.
417 2119 492 2199 sot,
509 2112 657 2204 ὀξύβαφον
673 2115 823 2182 ἐντευθενί
837 2119 968 2204 προσδοῦ
984 2113 1084 2204 λοβῶν
1100 2111 1119 2204 ἢ
1141 2113 1289 2206 τρύβλιον.

102 2224 162 2288 sed
188 2223 273 2286 idem
298 2224 404 2305 inepte
426 2217 509 2309 παρὰ
537 2217 570 2286 τὸ
592 2221 677 2307 γένος
699 2225 732 2285 iu
754 2219 836 2307 παρὰ
856 2217 890 2286 τὸ
913 2216 1013 2287 στενόν
1035 2233 1157 2286 mutare
1180 2226 1290 2287 voluit.

103 2348 189 2412 quae
213 2325 375 2390 Helladius
404 2325 496 2389 docet
524 2329 697 2408 sumpsisse
726 2347 798 2390 eum
828 2337 914 2408 patet
941 2347 959 2388 a
982 2327 1175 2409 Phrynicho,
1207 2329 1292 2410 apud

103 2451 203 2514 quem
228 2432 260 2493 in
283 2429 452 2493 Aneodotis
473 2431 611 2492 Bekkeri
640 2451 671 2512 p.
697 2431 738 2494 56
762 2432 801 2494 23
835 2433 918 2492 inter
946 2431 1006 2494 alia
1030 2431 1107 2493 haec
1130 2432 1289 2512 leguntur,

103 2535 196 2620 δηλοῖ
219 2529 252 2597 δὲ
273 2529 306 2598 τὸ
329 2529 379 2605 iti
402 2529 479 2597 κατὰ
501 2532 584 2618 γένος
606 2527 750 2618 ποιότητα
777 2537 876 2597 πᾶσαν
898 2528 1007 2605 ὀξεῖαν.
1055 2535 1291 2616 inscriptionem

102 2639 179 2701 lihri
211 2637 243 2701 ἐν
273 2641 310 2724 τῇ
339 2630 458 2722 Χρήσιι
488 2637 664 2700 Ludovious
686 2636 867 2700 Dindorlius
896 2638 928 2700 in
951 2638 1110 2700 Thesauro
1139 2637 1291 2719 Stephani

103 2754 125 2806 t.
153 2763 172 2805 ν
196 2763 229 2825 p.
255 2742 334 2806 aest
363 2743 395 2806 in
418 2740 450 2805 ἐν
472 2745 509 2826 τῇ
532 2736 752 2826 Χρηστομαβίφ
775 2740 956 2804 mutandam
980 2761 1051 2804 esse
1074 2742 1207 2805 censuit.

194 2845 313 2908 Eadem
338 2848 509 2908 mutatione
532 2845 708 2908 lleinehius
731 2849 763 2908 in
787 2844 1073 2909 Exercitationihus
1096 2845 1292 2927 philologieis

102 2954 133 3014 in
159 2949 361 3014 Athenaeum
385 2969 394 3011 ι
418 2971 448 3032 p.
477 2950 514 3010 to
547 2951 614 3011 sive
636 2947 791 3012 Athenaei
815 2959 837 3011 t.
864 2968 893 3010 rr
915 2968 947 3029 p.
973 2949 1014 3010 37
1044 2949 1198 3012 utendum
1222 2969 1291 3012 esse

101 3054 230 3137 putavit
255 3055 285 3113 in
310 3053 370 3115 alio
393 3053 510 3114 scholio
533 3052 619 3134 quod
642 3054 673 3114 in
696 3053 842 3115 llatthaei
864 3051 993 3116 Medicis
1016 3053 1143 3115 Graecis
1170 3072 1202 3133 p.
1228 3054 1290 3114 362

101 3169 134 3221 et
159 3160 194 3219 in
219 3155 436 3237 Darembergii
459 3155 605 3218 Oribasio
628 3165 650 3218 t.
670 3175 692 3218 u
714 3176 746 3238 p.
765 3155 826 3218 rte
846 3157 883 3216 ts
908 3157 1041 3238 legitur,
1067 3149 1194 3240 Δίδυμός
1217 3179 1293 3241 φησι

99 3258 249 3345 ποτηρίου
271 3257 350 3331 εἶδος
372 3254 503 3322 electro
526 3252 685 3345 κιβώριον,
710 3253 760 3323 καί
782 3253 861 3347 τάχα
884 3252 919 3323 ἂν
935 3255 982 3343 εἴη
998 3253 1035 3324 τὰ
1050 3252 1197 3344 λεγόμενα
1213 3281 1292 3322 σκα-

100 3367 175 3454 φεῖα
201 3358 307 3426 διὰτὸ
330 3362 515 3460 ἑκατέρωθεν
539 3364 581 3435 τίς
604 3359 703 3426 στενὸν
728 3363 879 3452 συνῆχθαι
901 3357 942 3435 ὡς
963 3359 1001 3427 τὰ
1022 3359 1170 3447 Αἰγύπτια
1193 3357 1291 3448 ιιιβυί-

100 3493 172 3555 ρια,
200 3459 243 3529 ὧν
267 3466 414 3551 μέμνηται
429 3464 596 3552 Νίκανδρος
612 3465 810 3554 Γεωργικοῖς,
835 3461 1045 3540 ὡςἛλλάδιος
1068 3468 1099 3530 ἐν
1121 3461 1292 3554 τῇΧρήσει

99 3570 207 3660 φησίν.
255 3571 400 3652 probavit
429 3573 575 3633 Meinehii
604 3571 636 3634 ἐν
665 3573 702 3656 τῇ
730 3567 950 3656 Χρηατομαβίφ
977 3573 1050 3634 Otto
1077 3571 1293 3634 Schneiderus

101 3674 355 3739 Nicandreomm
379 3695 411 3756 p.
439 3675 510 3736 tls.
558 3694 615 3738 nos
644 3694 706 3737 non
737 3675 919 3758 probamus.
967 3695 1039 3737 narn
1068 3686 1102 3738 ut
1131 3685 1292 3738 taceamus

100 3781 150 3844 bis
178 3781 210 3840 in
236 3779 285 3840 his
307 3779 435 3840 scholiis
458 3780 596 3842 inveniri
618 3777 650 3841 ἐν
672 3781 708 3864 τῇ
732 3773 864 3864 xptos,
893 3778 979 3860 apud
1001 3778 1121 3844 Suidan
1146 3779 1222 3840 haec
1244 3779 1293 3840 lo-

99 3885 225 3966 gimus,
244 3875 409 3954 Ἓλλάδιος
427 3876 651 3967 Ἀλεξανδρεύς,
675 3876 898 3968 γραμματικός,
922 3877 1052 3968 γεγονὼς
1074 3877 1151 3945 κατὰ
1173 3875 1290 3946 Θεοδό-

99 4009 166 4052 σιον
190 3979 242 4049 τὸν
265 3983 392 4071 βασιλέα
414 3979 463 4048 τὸν
486 3985 562 4049 νέον.
605 3985 719 4058 Attea<
741 3983 881 4058 παντοίας
903 3989 1010 4072 χρῆσιν
1034 3980 1111 4050 κατὰ
1129 3985 1289 4072 στοιχεῖον.

93 4083 270 4176 Ἔοιφρασιν
300 4087 481 4174 φιλοτιμίας.
528 4083 670 4153 Διόνυσον
698 4083 718 4174 ἢ
749 4087 886 4154 Μοῦσαν.
932 4081 1098 4176 Ἔκφρασιν
1126 4091 1186 4152 τῶν
1214 4093 1291 4154 λου-

97 4197 181 4280 τρῶν
205 4187 443 4256 Κωναταντίνου.
484 4183 631 4256 Ἔπαινον
647 4191 809 4258 Θεοδοσίου
830 4195 883 4258 τοῦ
905 4193 1063 4279 βασιλέως.
1103 4213 1166 4256 nou
1189 4204 1293 4276 potest

98 4301 151 4362 illa
179 4295 296 4368 Λέξεως
317 4295 460 4368 παντοίας
482 4299 588 4382 χρῆσις
611 4297 720 4360 συνίτην
745 4298 842 4360 luisse
871 4308 966 4378 atque
989 4295 1185 4384 Πραγματεία
1207 4320 1291 4383 χρη-

98 4399 304 4486 στομοιβειῶν.
352 4419 423 4462 nam
455 4419 536 4482 quae
561 4401 688 4463 Photins
718 4421 756 4464 ox
785 4403 878 4464 huius
899 4403 1005 4482 operis
1028 4401 1120 4464 lihris
1142 4411 1292 4483 quattuor
1401 4445 1409 4454 -

99 4506 264 4587 excerpsit
281 4515 325 4567 sat
332 4506 357 4566 is
373 4513 458 4566 certo
473 4505 644 4567 ostendunt
660 4524 722 4566 non
738 4507 891 4587 seriptum
911 4506 1007 4570 luisse
1029 4501 1107 4570 κατὰ
1130 4505 1287 4590 στοιχεῖον.
