3204 5104
375 402 463 464 laum
485 421 651 466 enarrarre!
673 421 853 466 assaretur!
871 402 964 465 tati.
1189 388 1264 462 357

92 593 158 654 tiras
178 593 303 654 latenter
325 592 497 670 invaserat,
531 591 586 655 ubi
610 592 744 675 adaerere
768 592 854 655 idem
877 601 924 654 εει
946 603 1041 674 atque
1065 611 1158 676 aeque
1179 614 1216 656 ac
1237 596 1267 657 si

91 701 165 757 esset
209 694 266 756 sod
289 697 403 758 Fronto
434 705 466 758 et
486 694 640 777 Apuleius
668 714 743 758 sane
765 695 870 758 videri
893 705 1026 778 possunt
1048 697 1132 758 illam
1155 717 1264 760 vocem

92 817 125 860 ex
149 800 249 880 prisco
280 808 313 861 et
335 799 476 862 Plautino
499 817 662 878 sermone,
695 799 785 862 cuius
811 798 980 862 admodum
1004 799 1136 862 studiosi
1160 811 1261 882 erant,

92 903 254 983 repetiisse.
301 921 416 965 verum
438 903 536 966 lulius
558 904 716 966 Romanus
739 904 962 983 grammaticus
984 903 1070 985 apud
1087 904 1264 968 charisium

90 1025 117 1086 p.
133 1007 189 1067 209
206 1007 242 1066 ll.
261 1005 442 1087 haecdicit,
468 1007 615 1068 rationem
635 1008 756 1088 peaitas
778 1007 920 1083 iavisere,
947 1007 983 1069 de
1005 1009 1153 1070 consortio
1167 1027 1265 1089 prae-

86 1111 254 1190 positionum
281 1128 368 1192 quam
397 1109 532 1192 adaeque
558 1109 615 1172 sab
637 1109 722 1174 titulo
745 1103 889 1194 ἀφορμῶν
918 1109 1055 1173 dedimus
1085 1111 1182 1194 tepere
1204 1131 1264 1173 aaa

88 1221 233 1295 gravetur.
281 1214 314 1275 in
338 1213 456 1295 quibus
478 1215 683 1295 perspicuum
707 1231 777 1275 esse
801 1213 892 1274 nobis
907 1212 1037 1276 videtur
1050 1233 1153 1296 quem,
1179 1214 1263 1295 quod

89 1335 143 1377 non
170 1315 264 1380 habet
293 1336 356 1399 quo
384 1317 558 1396 releratur,
590 1317 622 1378 in
654 1336 728 1389 ovar
758 1315 944 1378 mutandum
968 1336 1049 1379 esse.
1098 1328 1262 1399 practerea

87 1428 151 1481 ante
172 1421 320 1484 rationem
343 1440 405 1482 nou
428 1421 513 1483 nulla
541 1430 672 1502 propter
699 1413 922 1504 ὁμοιοτέλευτον
945 1420 1170 1502 praetermissa
1194 1441 1263 1485 esse

88 1521 237 1586 videntur.
286 1533 461 1587 astantem
484 1542 570 1587 nunc
590 1524 754 1607 protulerit
783 1525 963 1604 proximum
991 1533 1063 1587 ante
1087 1523 1165 1586 illud
1189 1544 1263 1587 ver-

88 1625 171 1689 bnm:
196 1626 283 1690 uude
307 1629 349 1690 ita
373 1627 439 1690 lere
455 1630 629 1691 Romanum
651 1627 817 1708 scripsisse
840 1629 1019 1708 suspicere,
1046 1645 1127 1714 arros
1150 1647 1195 1690 aar
1219 1647 1263 1690 sr-

87 1749 144 1802 aus
158 1749 301 1793 roaramr
316 1731 464 1794 rationem
477 1733 599 1814 penitus
614 1731 746 1793 invisere
762 1739 822 1792 eto.
862 1729 1002 1811 denique
1019 1731 1153 1812 adaeque
1168 1731 1264 1793 hahet

85 1835 209 1916 scriptor
237 1853 343 1916 neque
377 1835 599 1914 grammaticus
627 1853 733 1915 neque
763 1834 903 1914 priscum
932 1852 1111 1895 sermonem
1146 1835 1262 1896 imitari

85 1937 201 2016 solitus,
234 1937 368 2018 Optatus
397 1937 564 2018 episcopus
586 1937 786 1999 Mileuitanus
816 1935 856 1998 de
887 1937 1056 1999 schismate
1085 1937 1263 1999 Donatista-

84 2059 146 2102 mm
161 2061 171 2102 r
187 2043 223 2120 6,
249 2041 280 2104 si
299 2041 499 2103 schismaticis
520 2060 580 2102 aaa
604 2041 685 2119 lieet,
712 2039 845 2122 adaeque
867 2039 950 2102 vobis
973 2040 1062 2102 licere
1084 2060 1144 2101 aaa
1166 2039 1260 2118 debet,

84 2145 159 2224 opud
178 2163 252 2228 qaas
275 2147 358 2227 oripo
380 2143 550 2206 schismatis
573 2143 737 2206 amoeniter.
785 2143 910 2205 omnino
932 2163 996 2204 aon
1018 2144 1121 2205 omnia
1145 2163 1263 2225 peran-

84 2248 164 2327 tiqua
185 2267 268 2328 quae
290 2246 376 2328 apud
399 2248 593 2309 recentiores
613 2247 822 2309 inveniuntur
845 2267 885 2308 ex
906 2247 1010 2328 prisco
1025 2266 1170 2310 sermone
1194 2257 1263 2310 stu-

84 2348 163 2412 diose
185 2352 322 2432 repetita
350 2360 441 2430 sunt,
474 2349 532 2412 sed
555 2348 712 2432 quaedam
735 2369 817 2430 quae
840 2350 880 2412 ab
903 2353 1030 2432 optimis
1052 2351 1262 2432 scriptoribus

83 2453 309 2534 spernebantur
332 2453 364 2514 in
388 2453 474 2534 vulgi
498 2472 552 2514 ore
575 2472 638 2515 non
661 2452 911 2516 obsolescebant.
960 2452 1044 2534 quad
1068 2453 1100 2515 in
1117 2454 1262 2516 Philoxe-

83 2557 178 2619 niauis
201 2557 312 2639 glossis
335 2565 382 2619 est
405 2557 539 2639 adaeque
560 2550 633 2642 πρὸς
654 2551 687 2620 τὸ
710 2553 792 2634 ἴσον,
816 2554 940 2640 ἐπίσης,
969 2567 1074 2620 utrum
1099 2556 1139 2618 ad
1162 2558 1261 2620 Plauti

82 2679 252 2723 sermonem
280 2679 321 2723 an
350 2659 390 2722 ad
412 2661 499 2740 vulgi
528 2659 790 2723 consuetudinem
822 2659 1025 2723 referendum
1056 2661 1097 2722 sit
1119 2680 1183 2722 non
1204 2682 1263 2741 po-

83 2773 139 2826 test
159 2765 233 2828 dici.

160 2870 194 2931 ln
217 2867 366 2932 laudibus
388 2868 609 2950 neglegentiae
630 2887 663 2950 p.
682 2868 744 2931 235
761 2866 781 2952 [
782 2871 846 2933 215
861 2869 899 2930 N.
905 2865 925 2952 j
948 2869 1025 2931 baec
1040 2869 1155 2949 scripta
1174 2879 1259 2947 sunt,

82 2974 235 3036 amatis
258 2973 444 3056 neglegentia
472 2973 563 3034 venia
588 2973 731 3053 paratior
759 2972 853 3035 datar
881 2980 910 3034 et
937 2971 1009 3034 beae
1034 2971 1126 3054 sactis
1153 2973 1262 3055 protis

81 3080 177 3158 orosto
197 3076 335 3139 liabetur.
383 3084 416 3138 ut
439 3077 549 3159 pretiis
577 3075 773 3138 scriberetur
795 3074 1014 3138 antecedentis
1037 3075 1128 3137 verbi
1151 3077 1262 3137 termi-

80 3182 160 3242 natio
183 3179 294 3243 iecisse
309 3179 456 3260 videtur,
481 3179 567 3260 quod
590 3179 883 3261 frequentissimum
907 3189 955 3242 εει
978 3197 1123 3242 errorum
1139 3198 1257 3260 genus:

81 3285 231 3347 sententia
255 3285 339 3347 enirn
361 3284 498 3364 postulat
520 3293 555 3346 ut
578 3302 706 3346 astrion
729 3283 898 3346 scribatur.

161 3387 225 3450 Sed
253 3389 315 3452 iam
346 3389 418 3449 finis
447 3386 611 3449 faciendus
645 3397 693 3451 cst
722 3387 966 3450 commentandi.
1025 3388 1133 3468 itaque
1166 3389 1261 3451 misso

81 3492 227 3555 Frontone
255 3502 286 3555 et
315 3489 526 3555 subabsurdis
554 3509 634 3572 quas
663 3490 704 3553 ad
733 3492 953 3573 neglegentiae
981 3490 1107 3554 laudem
1131 3492 1262 3554 contulit

80 3597 206 3675 argutiis
228 3615 301 3676 vos,
335 3597 468 3657 iuvenes
491 3595 661 3674 carissimi,
695 3594 812 3676 quibus
834 3596 958 3676 copiosa
981 3595 1169 3658 emditionis
1191 3595 1261 3658 adi-

81 3699 244 3777 piscendae
266 3699 486 3780 opportunitas
507 3697 684 3760 scholarum
708 3717 789 3780 quae
805 3698 958 3779 proximis
973 3698 1138 3761 mensibus
1161 3698 1261 3761 haba-

79 3800 196 3864 buntur
224 3804 463 3865 enumeratione
491 3811 699 3881 monstratur,
735 3803 936 3865 cohortamur
964 3812 999 3865 ut
1027 3811 1158 3865 strenue
1187 3801 1262 3865 dili-

80 3915 250 3988 genterque
282 3907 396 3969 litteris
423 3924 553 3987 operam
580 3905 663 3968 detis
687 3914 718 3968 et
739 3924 797 3987 pro
820 3925 877 3968 sua
899 3907 1036 3987 quisque
1059 3915 1150 3987 parte
1172 3906 1261 3969 adla-

80 4005 193 4073 boretis
220 4029 262 4073 ne
291 4019 457 4092 postquam
486 4011 607 4091 patriae
633 4010 730 4090 gloria
754 4019 785 4072 ει
808 4009 982 4092 amplitudo
1005 4008 1119 4073 bellica
1142 4011 1259 4072 virtute

81 4112 242 4195 insigniter
263 4123 354 4177 aucta
377 4123 424 4176 εει
447 4115 534 4195 pacis
556 4115 672 4176 artium
695 4113 772 4176 liare
801 4123 832 4176 ει
855 4114 1060 4176 incrementis
1082 4114 1188 4176 minus
1210 4115 1261 4175 vi-

80 4214 188 4281 deatur
211 4218 387 4282 inlustrari.
