3240 5094
384 1217 557 1316 lNDllll
586 1216 904 1316 euertuntur
934 1213 1299 1318 lusuvluvu
1334 1223 1455 1318 1874.

325 1468 525 1583 scholarum
554 1529 673 1582 aestate
701 1520 776 1582 anni
806 1538 994 1582 unccccxuu
1023 1519 1241 1583 habendarum
1266 1519 1392 1584 tabulae
1414 1541 1507 1602 prae-

324 1626 450 1686 fiximus
473 1623 718 1705 disputationem
741 1642 803 1704 qua
827 1623 988 1704 ingentem
1012 1623 1201 1686 mendarum
1219 1623 1338 1705 quibus
1352 1623 1506 1686 Ammiani

221 1761 224 1766 ·
324 1727 495 1789 Marcellini
525 1727 643 1789 Rerum
677 1735 839 1806 gestarum
870 1721 943 1788 lib'ri
981 1728 1138 1808 inquinati
1168 1737 1242 1789 sunt
1272 1727 1506 1790 multitudinem

323 1832 428 1912 aliqua
452 1840 541 1912 parte
564 1830 708 1892 minuere
732 1829 924 1892 studuimus.
971 1849 1066 1911 quarn
1089 1829 1336 1912 disputationem
1360 1850 1444 1894 nunc
1467 1831 1507 1892 ita

324 1932 579 1996 continuabimus
602 1942 636 1995 ut
659 1951 741 2014 quae
763 1951 840 1995 vera
862 1932 955 1995 nobis
976 1943 1031 1996 aut
1053 1951 1199 1996 verorum
1222 1935 1336 1996 similia
1360 1931 1508 1996 videntur

323 2056 393 2100 esse
415 2037 605 2099 brevissime
627 2035 852 2116 significemus.
892 2037 977 2100 valet
999 2037 1084 2098 enim
1100 2038 1133 2097 in
1149 2035 1208 2098 hac
1223 2036 1318 2098 etiam
1332 2047 1402 2100 arte
1418 2045 1509 2099 vetus

324 2140 402 2203 illud
430 2133 542 2210 ἁπλοῦς
565 2133 580 2202 ὃ
603 2139 697 2222 μῦθος
724 2139 777 2222 τῆς
807 2132 954 2223 ἀληθείας
981 2136 1040 2226 ἔφυ
1065 2133 1121 2203 κού
1147 2137 1290 2202 ποικίλων
1319 2140 1366 2204 δεῖ
1387 2131 1504 2226 τᾶνδιχ’

323 2235 568 2328 ἑρμηνευμάτων,
592 2261 697 2324 neque
721 2244 768 2304 eis
790 2261 872 2322 quae
894 2243 1082 2324 simpliciter
1105 2242 1243 2305 indicata
1258 2262 1320 2304 non
1337 2241 1510 2307 excludunt

322 2346 552 2410 dubitationem
581 2344 770 2408 duraturum
799 2344 1032 2427 probabilitatis
1060 2347 1196 2408 colorem
1223 2364 1356 2427 operosa
1379 2345 1510 2410 induces

322 2449 606 2531 argumentatione.

410 2552 586 2615 Scribimus
609 2553 707 2632 igitur
728 2570 776 2612 xrr
799 2553 829 2631 6,
850 2553 889 2613 lb
912 2569 986 2634 quos
1009 2553 1143 2616 recitatae
1164 2561 1322 2616 matronae
1343 2553 1512 2636 complores

321 2658 433 2738 operto
455 2674 611 2718 clnrrrrrrs
634 2661 662 2717 et
682 2654 834 2718 basternis
853 2674 911 2737 per
933 2656 1033 2718 latero
1047 2657 1179 2720 deitatis
1194 2664 1303 2720 cuncto
1317 2657 1509 2720 discurrunt.

322 2769 391 2822 erat
411 2757 579 2841 capitibus:
603 2775 715 2820 verum
737 2759 764 2820 si
787 2756 954 2822 basternae
977 2767 1104 2839 opertae
1126 2770 1228 2838 erant,
1254 2759 1333 2841 quid
1356 2758 1512 2822 attinebat

322 2865 448 2945 operire
471 2863 596 2942 capital
625 2880 730 2942 neque
753 2860 837 2924 bene
859 2880 896 2924 ea
918 2880 1000 2942 quae
1023 2861 1128 2924 videri
1151 2872 1318 2944 nequeunt
1340 2873 1512 2926 narrantur

322 2967 412 3048 quasi
436 2967 469 3026 in
492 2974 662 3045 conspectu
684 2965 759 3026 sint.

409 3069 485 3150 Cap.
505 3067 559 3130 9'2
583 3067 660 3130 haec
684 3067 845 3148 leguntur,
871 3067 924 3130 sed
946 3068 1224 3132 seculariorum
1236 3071 1356 3152 peiores
1371 3071 1513 3146 haeserat

319 3173 442 3256 plcpos.
488 3173 594 3233 minus
616 3171 728 3232 vitiosa
751 3171 891 3232 oratione
911 3168 1096 3234 Ammianus
1118 3173 1284 3254 scripsisse
1306 3173 1438 3238 videtur
1460 3174 1513 3237 sed

321 3275 441 3338 cautela
462 3275 558 3336 nimio
579 3293 699 3337 rrronrs
715 3292 893 3338 runnssrnlr
912 3273 1036 3357 plopos.
1083 3275 1126 3336 ita
1147 3275 1271 3338 locutus
1293 3286 1343 3338 est
1357 3276 1513 3359 Apuleius

322 3380 470 3440 bisunu
497 3377 552 3455 t6,
584 3378 637 3440 scd
665 3377 844 3462 mquiprmm
870 3375 995 3458 frustra
1024 3379 1160 3440 timorem
1182 3379 1269 3441 illum
1290 3381 1368 3443 sotr's
1391 3383 1512 3443 manau

319 3480 477 3562 perfuncti
497 3481 582 3564 lonye
600 3482 721 3562 peiores
743 3479 929 3542 inbaesimus
952 3480 1086 3562 lepores.

409 3583 485 3664 Gap.
513 3584 550 3644 l0
573 3584 611 3645 t5
635 3581 839 3646 scribendum
864 3592 912 3646 est
934 3601 1008 3646 mom
1030 3579 1099 3671 (rr)
1122 3583 1204 3648 dicto
1214 3587 1340 3666 ficiunt
1354 3587 1512 3650 mtrttr'tudo

322 3685 419 3748 omnis
442 3685 483 3748 od
504 3705 581 3768 petae
603 3689 768 3768 imperator
789 3687 886 3749 voluit
899 3688 1070 3768 promptior
1086 3687 1208 3751 toodcu
1223 3689 1349 3752 comae
1364 3693 1513 3754 consensit

324 3791 355 3852 to
372 3807 481 3871 pacem
503 3799 563 3852 ete.
611 3791 671 3852 nisi
694 3797 729 3852 ut
748 3788 913 3852 addideris
935 3808 997 3851 non
1022 3791 1169 3854 cohaeret
1189 3793 1299 3871 oratio,
1325 3791 1412 3874 quod
1433 3794 1512 3855 alie-

323 3911 399 3956 num
423 3901 471 3954 est
493 3892 534 3954 ab
556 3892 731 3955 Ammiano.

411 3995 487 4076 Gap.
508 3997 541 4057 tl
560 3998 579 4057 6
603 3995 772 4059 scribimus
794 4015 872 4079 proc
887 3997 955 4060 licet
969 3995 1133 4081 ombiperet
1146 4005 1280 4060 menceus
1296 4017 1388 4082 saepe
1402 4019 1511 4063 ouen-

322 4108 402 4176 tum‚
433 4119 486 4182 spe
515 4107 614 4162 tomen
644 4099 722 4182 quod
752 4119 820 4162 eum
842 4101 939 4163 lenire
961 4119 1083 4163 rorrnrr
1106 4108 1140 4163 ut
1159 4119 1341 4184 permonere
1362 4103 1507 4188 prosecat,

323 4222 390 4264 curu
412 4201 586 4284 Bithyniam
608 4205 761 4266 introisset
782 4205 815 4265 iu
837 4205 964 4266 statione
987 4223 1063 4286 quoe
1080 4205 1194 4267 Coenos
1212 4205 1387 4270 Gallicanos
1410 4209 1511 4290 appel-

323 4307 407 4368 latur
435 4305 595 4387 absumpto
623 4315 667 4369 est
696 4305 878 4388 vifebrium
900 4311 1070 4388 repentino.
1117 4309 1270 4389 seriptum
1294 4321 1362 4372 erat
1381 4319 1507 4393 poteret,

323 4407 408 4490 quod
437 4395 567 4471 delendi
596 4411 718 4491 nequit.
766 4419 874 4472 contra
897 4409 1088 4474 indicativus
1110 4410 1210 4474 futuri
1234 4410 1335 4475 refert
1356 4412 1514 4476 Ammiani·

324 4530 513 4574 sermonem.
