3240 5094
308 387 380 462 520
603 405 692 466 Iannx
714 422 881 468 ικοτιοανι
902 422 1087 467 aternam!
1104 403 1197 466 tart.

371 593 499 678 κέρασον
522 589 634 678 θερμὸν
655 593 697 665 είς
712 588 745 658 τὸ
759 593 872 677 μεῖζον.
903 594 1000 657 misee
1023 594 1162 658 calidum
1185 597 1218 656 in
1242 597 1354 658 maius.

371 691 576 781 Εἰςτίμικρὸν
590 692 746 782 ἀσμένας·
764 694 876 766 ἐλπίζοι
903 698 938 759 ln
961 715 1095 778 paruum
1118 697 1277 760 libenter:
1303 719 1397 781 spero

370 795 427 884 γὰρ
438 794 493 882 τὴν
508 790 603 884 ἄλλην
616 800 700 864 ἰδεῖν.
720 795 793 864 Ἐὰν
804 799 876 863 irrr-
903 801 989 862 enim
1011 802 1104 864 aliam
1128 800 1252 864 uidere.
1299 804 1331 864 Si
1356 822 1431 884 per-

370 903 491 990 τρίπρς,
505 901 638 988 προπίνω
650 927 709 968 σοι.
744 885 873 975 Καλῶς·
903 905 1020 984 mittas,
1046 905 1180 986 propino
1203 905 1273 967 tibi.
1321 907 1424 966 Bene:

328 1007 346 1064 5
370 1002 516 1092 λαμβάνω
531 1002 590 1072 ἀπὸ
607 1011 661 1071 σοῖν
676 1001 785 1092 ἡδέως.
819 1001 878 1071 Διὰ
902 1009 1023 1089 accipio
1045 1027 1063 1070 a
1086 1017 1117 1069 te
1141 1007 1292 1070 libenter.
1338 1011 1377 1072 tt

369 1107 447 1174 τίού
462 1109 572 1188 πίνεις
598 1109 659 1187 πίε,
677 1105 771 1196 κίριε.
799 1100 877 1174 Ἤν·
904 1111 982 1191 quid
996 1129 1058 1173 non
1071 1110 1178 1172 btbtsr
1189 1109 1426 1190 biiae‚donrine.
1443 1113 1498 1172 Pe-

370 1237 448 1298 τνρσα
476 1209 527 1277 καί
555 1207 652 1285 οὐδείς
675 1237 727 1298 μοι
749 1212 874 1277 δέδοικε.
903 1215 961 1277 tini
985 1224 1017 1276 et
1038 1215 1146 1276 nullus
1168 1215 1247 1276 mihi
1270 1215 1370 1278 dedit.

371 1313 429 1389 Δὸς
458 1311 529 1402 ἡμῖν
556 1316 669 1402 -ρλοκία
690 1318 872 1381 πλακοῦντα.
903 1319 948 1380 Da
970 1316 1064 1380 nobis
1086 1317 1212 1380 duteem
1235 1319 1426 1400 placentam.

367 1415 464 1506 Ἀρκεῖ
484 1414 567 1505 ἡμῖν.
615 1412 736 1506 ἄγωμεν
759 1414 873 1486 λοιπόν.
904 1421 1027 1484 Sufficit
1048 1420 1152 1484 nobis.
1199 1439 1309 1485 eamus
1331 1425 1406 1484 iarn.

310 1527 347 1585 to
371 1515 448 1610 ἕψον
464 1519 619 1608 λαμπάδα.
655 1525 744 1610 λαβέ.
776 1525 878 1594 καλῶς
903 1524 1043 1587 aceende
1066 1524 1212 1588 faculam.
1254 1545 1355 1588 sume.
1397 1526 1480 1588 bene

372 1622 452 1712 ἡμᾶς
474 1625 568 1714 εἶχες.
617 1625 761 1708 Παιδίον,
792 1625 876 1703 ἐλθέ,
905 1647 962 1690 nos
984 1627 1135 1692 habuisti.
1184 1630 1276 1709 Puer,
1302 1630 1391 1706 ueni,

372 1726 512 1802 σίλλιξον
541 1733 646 1797 ταῦτα.
692 1725 790 1796 πάντα
816 1729 878 1802 τοῖς
904 1732 1016 1812 collige
1040 1733 1111 1794 ista.
1158 1733 1262 1794 omnia
1284 1751 1340 1794 eu-

373 1833 460 1908 ίδίοις
470 1829 571 1909 τόποις
582 1829 699 1900 ἀπόθου
714 1834 875 1918 ἐπιμελῶς.
906 1837 933 1896 is
955 1835 1030 1897 locis
1054 1853 1171 1916 repone
1193 1836 1376 1916 diligenter.

374 1942 505 2025 στρῶσον
521 1933 574 2024 τίρν
589 1937 704 2023 κλίνην.
741 1931 879 2024 Ἐστρῶ-
904 1949 1014 2001 sterne
1036 1939 1165 2000 lectum.
1205 1940 1294 2001 Stra-

311 2044 349 2103 tt
372 2065 480 2127 σαμεν.
520 2036 583 2106 Καί
598 2036 640 2105 δι’
660 2036 733 2106 αίντὸ
749 2034 878 2127 σκληρόν
905 2045 1021 2104 nimus.
1069 2043 1107 2104 Et
1130 2041 1171 2103 eb
1194 2043 1227 2104 id
1256 2045 1361 2123 ipsum
1387 2043 1500 2107 durnin

373 2139 704 2229 ἐστινςἘΕετιναίξαμεν
716 2140 768 2207 καί
778 2165 877 2229 προσ·
905 2148 976 2208 esti
999 2147 1214 2209 Excessimue
1263 2148 1359 2208 etiam
1384 2149 1460 2230 pui—
1527 2189 1534 2204 .

373 2243 538 2335 κεφάλαιον
552 2246 757 2332 ἐμαλάξαμεν,
774 2243 878 2332 ἐπειδὴ
905 2248 1016 2311 nillum
1039 2249 1242 2330 melliuimuS,
1271 2251 1346 2332 qnia

269 2365 299 2410 ta
374 2348 432 2437 γὰρ
469 2347 525 2416 οὐκ
559 2347 692 2437 ὀκνηρῶς
725 2341 745 2416 ir
778 2345 878 2435 ἀναγ-
905 2353 990 2414 enirn
1013 2341 1084 2414 non'
1107 2355 1249 2435 segniter
1271 2373 1354 2435 quae
1378 2374 1490 2417 neees-

373 2449 447 2519 καῖά
469 2455 543 2520 εἰσιν
566 2450 761 2540 ἐποιήσαμεν.
803 2451 879 2539 Mn·
905 2456 989 2518 saria
1011 2465 1087 2518 sunt
1108 2457 1251 2519 ieeimuS.
1298 2459 1365 2520 Ne-

310 2561 349 2620 20
374 2556 434 2631 δείς
478 2557 535 2630 ἔξω
583 2552 815 2644 διανοκτερείσῃ
858 2553 956 2644 iimo
978 2571 1068 2622 extra
1089 2570 1254 2640 pernoctet
1275 2571 1330 2624 aut

374 2662 493 2748 ἐξέλθῃ.
515 2657 880 2749 ἐάντινοςρωνῆςᾶκοιί-
907 2674 1011 2726 exeat.
1058 2665 1085 2726 si
1108 2665 1199 2728 euius
1221 2683 1330 2727 uorem
1356 2665 1470 2728 audie·

374 2760 686 2852 σω,οίνσογχωρη’σα.
712 2762 881 2854 ἀναλάβετε
908 2787 960 2844 ro,
994 2785 1057 2828 non
1086 2785 1225 2850 parcam.
1272 2771 1411 2850 recipite

375 2863 463 2954 ὑμᾶς,
477 2869 636 2954 κοιμᾶσθε,
651 2865 880 2958 καίίιλεκτροο-
907 2889 974 2951 uos,
999 2871 1165 2952 quiescite,
1191 2880 1223 2932 et
1245 2870 1338 2951 geili-

375 2972 473 3060 ρωνίρ
488 2996 525 3057 με
540 2968 733 3059 ίξινανήσατε,
756 2970 807 3038 ἵνα
822 2974 878 3038 ίκ-
904 2975 988 3036 einio
1009 2993 1061 3036 me
1083 2975 1230 3052 excitate,
1254 2985 1290 3038 ut
1310 2993 1374 3038 ex-

375 3070 493 3162 δροίμω.
905 3095 1043 3142 curram.

544 3179 641 3252 τέλος.
1159 3181 1243 3244 finis.
1287 3161 1294 3172 Ι

379 3376 404 3422 2.
424 3367 542 3440 ἀσμίνισς
562 3372 598 3423 P:
624 3368 710 3440 ἡδίας
729 3371 759 3424 Β.
790 3369 800 3439 λλ
829 3377 854 3422 t.
879 3376 910 3424 ut
929 3373 965 3424 B:
990 3375 1017 3424 ei
1036 3374 1065 3424 P.
1095 3369 1106 3439 ss
1134 3375 1199 3438 petit
1219 3375 1249 3424 P.
1278 3371 1289 3442 ΙΙ
1317 3377 1345 3425 e.
1367 3373 1429 3443 ὑμῖν
1449 3375 1475 3424 B.
1491 3371 1499 3438 ρξ

311 3461 353 3508 te.
373 3453 437 3526 λαβί
459 3459 495 3509 B:
515 3455 606 3527 ἔλαβες
625 3460 654 3510 Ρ.
673 3455 683 3524 ΙΙ
707 3462 749 3509 ⁴2.
769 3457 852 3510 πάντα
867 3461 948 3510 ταῦτα
966 3464 990 3509 et
1008 3459 1058 3510 isia
1077 3461 1168 3510 omnia
1187 3459 1254 3511 haee
1273 3460 1302 3511 P.
1321 3457 1333 3526 ΙΙ
1353 3466 1396 3512 te.
1417 3459 1502 3522 ἐξεπι-

309 3540 420 3612 νάξαμεν
440 3544 470 3596 B.
489 3541 499 3611 ti
516 3546 597 3595 etiam
618 3545 654 3595 n.-
673 3549 700 3594 et
714 3546 742 3594 P.
762 3541 772 3612 ti
791 3549 832 3596 tt.
853 3544 988 3595 volvimus
1005 3545 1034 3594 P.
1053 3543 1064 3611 ΙΙ
1082 3549 1123 3595 48.
1144 3543 1192 3597 οὐκ
1209 3561 1251 3596 orn
1263 3546 1294 3597 B.
1313 3544 1324 3615 ΙΙ
1342 3561 1397 3598 non
1416 3549 1503 3611 segni-

312 3630 401 3692 terii,
422 3629 518 3682 ieviter
537 3631 566 3682 Ρ.
590 3629 600 3697 λλ
623 3634 665 3680 te.
686 3629 841 3699 ἐποιήσαμεν
860 3645 901 3682 em
920 3631 951 3683 B.
970 3627 981 3698 ΙΙ
1002 3635 1044 3680 ἱθ.
1065 3627 1244 3702 διανυκτεροίιῃ
1265 3633 1316 3683 ΒΡ.
1337 3631 1349 3698 Η
1372 3637 1412 3682 2³.
1432 3629 1503 3700 ἡμᾶς

313 3717 364 3768 BP.
379 3715 388 3784 tt
405 3719 448 3766 at.
464 3729 506 3768 me
525 3729 568 3767 em
580 3717 608 3772 P..
632 3715 854 3781 [ιιιὺσοιίρλίοασια
870 3719 964 3768 rodida
978 3718 1000 3766 P
1016 3719 1129 3768 moeret
1147 3718 1296 3778 Bructerae,
1315 3719 1385 3770 idem
1402 3720 1502 3768 tentae

311 3805 386 3855 tusce
402 3805 543 3856 vereatur

586 3888 629 3942 τὸν
648 3887 783 3948 δακτύλοις
799 3888 942 3962 γράψαντα,
961 3889 1005 3942 τὸν
1022 3887 1191 3962 κεκτημίνον,

587 3976 630 4030 τὸν
648 3975 853 4046 ἀναγινώσκοντα
871 3976 916 4030 σὺν
934 3975 1073 4048 προθυμίᾳ,

588 4061 698 4133 φύλαττε
715 4061 774 4122 τοὺς
791 4065 868 4133 τρεῖς,
889 4062 999 4134 &reric
1016 4061 1166 4135 τρισολβία.]

766 4303 1063 4336 ..n-*—

632 4561 705 4605 Druck
719 4573 762 4606 ιοα
776 4561 895 4616 Bruttiani
906 4561 949 4604 und
963 4563 1041 4605 Birtei
1054 4563 1078 4604 in
1093 4559 1193 4617 Leipzig.
