3204 5104
313 407 386 482 398
608 426 695 484 Ιιοιι
719 443 885 486 ιιπιιοιιιι
909 443 1092 487 stanimir!
1110 424 1203 485 isos.

311 611 517 693 proverbium
540 609 600 674 iuit
624 611 702 674 illud
717 613 826 699 χαῖρε,
851 610 938 698 φίλον
961 613 1034 698 φῶς)
1062 612 1120 676 sed
1143 611 1262 675 dictum
1278 611 1385 675 adfert
1401 613 1492 674 Theo-

310 715 414 777 dectis
436 713 522 796 quod
544 713 585 776 ad
606 714 813 795 proverbium
832 714 911 778 illud
927 716 1058 777 minime
1080 717 1232 796 pertinet.
1271 713 1358 796 quod
1381 715 1490 778 dictum

310 835 373 879 non
408 828 494 879 recte
529 817 684 880 intellexit
718 818 893 881 Lobechius
921 816 1074 899 Aglaoph.
1107 838 1140 899 p.
1173 819 1246 879 6i9.
1301 817 1380 880 dicit
1414 819 1489 880 enin

309 919 417 1005 χαῖρε,
450 917 542 985 καλὸν
566 923 631 1006 φῶς
659 920 809 984 blandam
832 919 930 984 luisse
952 923 1141 983 amasiorum
1163 920 1409 1002 adpellationem
1432 941 1490 982 me-

310 1033 474 1104 moratque
506 1035 675 1106 propterea
708 1021 937 1086 Anacreontem
971 1033 1003 1086 et
1036 1023 1249 1086 Plutarchum.
1302 1041 1339 1086 ac
1373 1023 1491 1086 videtur

309 1143 386 1189 sane
409 1124 615 1189 Anacreontis
645 1145 714 1189 esse
744 1126 830 1208 quod
859 1125 979 1208 profert
1007 1127 1167 1189 Himerius
1189 1127 1244 1188 Or.
1269 1145 1304 1188 ιιι
1327 1128 1363 1206 3,
1395 1127 1487 1212 χαῖρε,

309 1227 397 1313 φίλον
420 1223 514 1314 φάος,
544 1227 679 1314 χαρίεντι
701 1223 833 1314 μειδιόον
855 1223 1007 1314 προαιόπιμ
1041 1228 1184 1310 (adparet
1199 1228 1391 1292 Lobeckium
1415 1227 1489 1315 φίλον

309 1331 452 1394 scribere
475 1331 642 1412 debuisse,
669 1351 731 1394 non
746 1326 866 1416 καλόν),
892 1330 950 1395 sed
972 1351 1044 1394 cum
1059 1331 1217 1395 Plutarchi
1241 1333 1424 1394 narratione
1442 1333 1489 1393 hoc

309 1435 389 1496 nihil
413 1435 509 1497 habet
532 1455 714 1514 commune,
740 1437 774 1496 in
797 1454 860 1517 qua
878 1434 1072 1497 Theodectes
1094 1435 1255 1498 oculorum
1278 1433 1388 1495 morbo
1412 1435 1489 1496 laho-

311 1556 385 1599 rans
413 1558 485 1602 oum
514 1538 706 1601 adveniente
734 1539 834 1600 amica
870 1539 1023 1601 exclamat
1057 1537 1166 1623 χαῖρε,
1201 1534 1288 1622 φίλον
1318 1539 1400 1618 φῶς,
1436 1556 1488 1598 non

311 1641 396 1703 illam
425 1640 543 1703 blande
571 1640 709 1722 adpellat
738 1660 843 1722 neque
866 1641 989 1702 salvere
1013 1639 1117 1720 iubet,
1150 1639 1207 1704 sed
1235 1641 1298 1703 luci
1321 1641 1392 1702 vale
1423 1638 1488 1701 dicit

309 1745 453 1823 tantique
487 1741 583 1806 habet
616 1744 810 1824 voluptatem
842 1753 877 1807 ut
911 1745 1094 1806 caecitatem
1122 1762 1186 1805 non
1213 1753 1350 1805 recuset.
1404 1743 1488 1804 simili

308 1847 459 1908 orationis
476 1845 574 1908 iorma
590 1848 652 1909 luci
668 1847 738 1909 vale
754 1846 863 1909 dicere
880 1846 1001 1926 lippum
1023 1847 1211 1927 priusquam
1234 1846 1340 1908 oculos
1362 1847 1488 1926 pessimo

309 1950 446 2012 oculario
468 1951 631 2012 conmittat
653 1951 826 2011 Nicarchus
849 1946 1052 2011 lubechun.
1072 1949 1251 2026 Tabuit,
1277 1945 1352 2033 Πρίν
1376 1943 1402 2011 e’
1428 1949 1489 2010 ἐνα-

308 2049 487 2135 teloneum,
519 2049 731 2137 Δημόστρατε,
764 2044 895 2136 “χαῑρ’,
930 2046 1007 2136 ἱερὸν
1037 2050 1124 2136 φῶς”
1153 2047 1230 2114 Εἰπὲ
1256 2044 1368 2122 τάλας·
1404 2043 1488 2120 οὕτως

306 2145 451 2226 εόονοπός
473 2155 537 2218 ἐστι
552 2152 640 2217 Δίων.
688 2153 882 2217 Theodectes
904 2163 1010 2216 autem
1033 2155 1086 2216 ille
1109 2155 1182 2235 quis
1206 2152 1301 2216 inerit
1317 2157 1488 2216 coniectura

307 2256 440 2320 fortasse
463 2277 630 2338 possumus
643 2256 788 2338 adsequi.
829 2256 1091 2319 mendacissimus
1113 2258 1199 2319 enim
1222 2256 1410 2321 ludaeorum
1425 2257 1489 2318 hri·

306 2370 391 2420 steas
419 2359 459 2422 de
483 2379 537 2422 ιιι
566 2359 797 2441 interpretibus
826 2379 895 2441 cap.
923 2359 984 2420 l'TT
1008 2361 1085 2422 haec
1107 2357 1221 2437 habet,
1253 2356 1305 2423 καλ
1327 2356 1393 2446 περὶ
1415 2356 1487 2423 Θεο-

307 2460 412 2525 δέκτου
428 2459 461 2525 δὲ
475 2465 528 2527 τοῦ
543 2464 602 2526 τῶν
618 2461 793 2548 τραγῳδιῶν
810 2465 935 2545 ποιητοῦ
958 2461 1120 2546 μετέλαβον
1143 2456 1205 2546 ἐγώ
1221 2456 1297 2526 διότι
1312 2465 1487 2551 παραφέρειν

306 2560 466 2647 μέλλοντός
494 2587 523 2629 τι
550 2569 609 2628 τῶν
639 2559 913 2650 ἀναγεγραμμένων
943 2565 1033 2651 ἐντῇ
1060 2563 1155 2650 βίβλῳ
1176 2559 1250 2651 πρός
1271 2589 1301 2630 τι
1324 2567 1422 2652 δρᾶμα
1442 2563 1488 2638 τὰς

304 2657 389 2751 ’όψεις
412 2663 635 2752 ἀπεγλαοκιόθη
658 2664 710 2730 καὶ
732 2663 834 2753 λαβὼν
851 2662 992 2732 ὑπόνοιαν
1014 2659 1061 2732 ότι
1083 2663 1133 2731 διὰ
1155 2663 1235 2732 τοῦτ’
1257 2663 1339 2756 αὐτῷ
1359 2667 1392 2734 τὸ
1415 2663 1488 2754 σόρ-

304 2793 412 2854 πτιιιμα
428 2771 548 2856 γέγονεν
564 2765 775 2854 ἐξιλασάμενος
790 2765 840 2834 τόν
857 2766 927 2834 θεὸν
949 2769 981 2834 ἐν
1002 2771 1129 2843 πολλαῖς
1151 2765 1280 2857 ἡμέραις
1296 2768 1484 2856 ἀποιατὲπγ.

306 2884 498 2954 repetuntur
525 2875 620 2952 haec,
652 2885 687 2936 ut
717 2873 899 2956 syncellum
923 2873 1103 2936 Cedrenum
1134 2877 1274 2937 Zonaran
1305 2877 1485 2949 omittamus,

305 2976 346 3038 ab
375 2976 710 3058 losephohnt.1112
737 2979 787 3056 l3,
819 2977 860 3039 ah
885 2976 1023 3039 Eusebio
1046 2977 1157 3058 Praep.
1183 2997 1298 3060 euang.
1323 2999 1376 3041 ιιιι
1399 2982 1428 3058 6,
1458 2981 1485 3039 in

300 3073 432 3166 Ἐιλογῇ
457 3080 593 3165 ἱστοριῶν
615 3078 702 3160 apud
725 3080 909 3143 Crumerum
932 3080 1053 3142 Aneod.
1080 3081 1148 3143 Par.
1174 3089 1197 3140 t.
1223 3099 1246 3141 ιι
1269 3101 1302 3162 p.
1327 3085 1399 3144 273.
1443 3084 1487 3142 ri-

304 3182 400 3245 detur
428 3183 570 3245 Aristeas
604 3185 816 3246 narrationem
849 3183 975 3244 novisse
1007 3201 1070 3262 qua
1099 3182 1294 3246 Theodectes
1325 3185 1486 3247 Phaselites

306 3287 500 3366 glaucomate
523 3285 683 3347 laborasse
699 3284 930 3366 perhibebatur
952 3303 1053 3366 eaque
1076 3286 1258 3348 narratione
1277 3287 1317 3350 ad
1334 3285 1486 3351 conflanda

306 3387 470 3450 mendacia
493 3407 550 3450 sua
571 3387 691 3451 abusus
713 3407 795 3449 esse.
836 3385 893 3449 sed
916 3389 949 3449 in
968 3389 1050 3450 viam
1074 3390 1280 3451 revertimur.
1319 3389 1406 3475 χαῖρέ
1428 3411 1483 3472 μοι,

303 3490 392 3577 φίλον
422 3487 500 3577 φάος
529 3491 681 3553 moritura
710 3490 875 3571 iphigenia
903 3489 980 3552 dicit
1009 3489 1095 3571 apud
1123 3487 1311 3572 Euripidem
1341 3512 1371 3554 v.
1398 3493 1482 3552 ⁴505.

305 3595 338 3658 in
362 3596 588 3675 epigrammate
612 3593 793 3655 Callimachi
815 3593 912 3655 Anth.
939 3593 1001 3655 Pal.
1026 3613 1068 3656 ιιι
1093 3595 1147 3656 t7t
1184 3595 1334 3658 similiter
1362 3597 1484 3676 legimns

304 3693 401 3768 Εἷπας
428 3688 543 3780 Ηἥλιε,
567 3696 657 3782 χαῖρε
666 3697 680 3724 ”
699 3689 908 3780 Κλεόμβροτος
930 3690 1149 3782 ὡμβρανιαότης
1158 3683 1270 3762 'Hiar’
1300 3693 1354 3784 ἀφ’
1380 3693 1485 3783 ὑψηλοῦ

303 3797 418 3884 τείχεος
447 3799 489 3871 εἰς
507 3794 618 3884 Ἀίδην.
665 3809 797 3882 possunt
826 3798 887 3860 alia
909 3798 996 3862 addi.
1044 3802 1149 3882 itaque
1173 3821 1245 3863 cum
1267 3803 1376 3887 χαῖρε,
1405 3799 1483 3886 φίλον

303 3905 369 3988 φῶς
399 3914 430 3964 et
458 3903 573 3964 similia
601 3901 642 3963 ab
670 3904 717 3964 eis
746 3901 882 3983 proierri
913 3895 1134 3984 solerent'qui
1163 3904 1225 3965 luci
1248 3906 1317 3966 sive
1341 3904 1400 3967 diei
1423 3904 1483 3965 sire

303 4007 388 4067 vitae
409 4007 480 4068 vale
503 4005 665 4084 dicerent,
695 4004 829 4086 adparet
856 4005 1056 4085 prurientem
1086 4007 1171 4069 illam
1194 4007 1335 4069 vetulam
1362 4007 1481 4069 solemni

304 4108 388 4172 dicto
422 4108 556 4172 ridicule
590 4107 721 4170 abusam
754 4127 835 4170 esse.
893 4108 951 4171 sed
989 4110 1046 4170 hoc
1080 4109 1250 4172 ridiculum
1283 4119 1319 4173 ut
1352 4108 1482 4186 intellegi

304 4221 409 4294 posset
432 4231 511 4294 opus
534 4222 601 4273 erat
623 4209 697 4273 addi
721 4211 895 4293 epilogum:
926 4230 988 4292 qno
1010 4210 1118 4274 addito
1142 4213 1278 4275 ioculare
1303 4211 1392 4274 fiebat
1415 4230 1482 4292 pro-

303 4307 471 4378 verbium.'

276 4439 292 4486 a
391 4416 508 4479 Eadem
525 4416 652 4479 ridiculi
670 4417 767 4477 iorma
783 4418 885 4488 utitur
896 4415 1123 4498 Aristophanes
1139 4419 1171 4478 in
1183 4419 1297 4499 Vespis
1309 4437 1339 4479 ν.
1352 4417 1426 4478 lisa
1440 4436 1477 4476 ss.

302 4538 374 4582 nam
397 4530 565 4600 postquam
581 4519 734 4581 Philocleo
758 4529 885 4599 rogatus
907 4537 924 4580 a
948 4519 1011 4582 filio
1033 4539 1110 4582 num
1133 4538 1212 4601 quos
1228 4539 1333 4583 coram
1355 4521 1479 4581 homini-
