3204 5104
368 371 457 430 mom
478 386 645 430 nncrrorrvu
667 371 844 437 assiriam!
861 365 954 424 4868.
1181 350 1254 421 377

84 559 237 621 Vaticanus
258 557 374 620 haheat
392 565 513 639 partem
534 575 607 619 uero
629 557 804 632 sinistram,
829 554 941 616 arctois
963 553 1127 616 obnoxiam
1148 553 1253 634 stellis,

82 663 335 724 Haemimontanae
357 661 547 724 celsitudines
570 661 757 723 clauduntur
778 667 806 721 et
826 660 947 736 Hister,
979 667 1064 720 reate
1086 655 1257 720 Accursius

83 775 112 825 et
136 764 279 827 Gelenius
307 767 506 845 scripserunt
534 763 680 826 claudunt
710 770 738 825 et
767 763 889 825 Hister:
924 762 1036 825 falsum
1067 770 1114 823 est
1141 761 1256 823 Valesii

83 868 230 944 claudunt,
255 875 289 932 ut
310 876 338 930 et
360 869 474 930 Hister.

157 969 297 1033 Vidimus
325 989 438 1053 praues
467 968 547 1032 illud
568 988 631 1031 non
653 966 828 1031 tollendum
851 967 967 1047 fuisse,
1000 967 1058 1030 sed
1081 970 1257 1033 emendan-

82 1071 158 1135 dum.
202 1075 321 1136 maiore
350 1073 478 1135 licentia
501 1074 660 1152 integrum
687 1074 774 1133 colon
797 1071 1014 1134 oblitteratum
1038 1083 1086 1134 est
1107 1091 1155 1134 xm
1178 1075 1197 1134 8
1223 1073 1252 1152 7,

81 1175 129 1238 ubi
150 1175 239 1238 bodie
261 1178 340 1238 haec
363 1176 529 1256 leguntur,
555 1193 612 1255 pua
635 1176 749 1258 capuita
766 1176 958 1237 Constantius
977 1175 1112 1257 fremens
1135 1183 1163 1238 et
1177 1184 1256 1239 tam-

80 1297 160 1358 quam
180 1279 328 1342 uindicem
351 1279 460 1342 salutis
483 1297 557 1340 suae
580 1278 684 1361 lupens
707 1279 875 1340 eactinctum
897 1279 999 1341 missis
1022 1279 1168 1360 equilibus
1190 1281 1256 1342 aitis

85 1383 212 1444 Vesulum
235 1382 338 1445 redire
360 1381 402 1443 ad
423 1382 595 1443 comitatum
623 1382 782 1443 minaciter
804 1382 904 1444 iussit.
952 1389 978 1444 et
1001 1381 1051 1444 ille
1073 1384 1183 1463 spretis
1205 1385 1259 1464 qui

76 1483 262 1564 prohibebant
286 1487 431 1566 perrupit
458 1483 628 1564 intrepidus
657 1485 872 1566 immersosque
900 1484 1112 1547 consistorium
1144 1504 1197 1547 ore
1229 1493 1257 1548 et

78 1594 184 1666 pectore
205 1587 299 1650 libero
322 1587 422 1650 docuit
434 1595 519 1671 perta
537 1586 649 1668 bneque
660 1587 774 1667 fiducia
790 1588 902 1670 linquis
918 1587 1113 1650 adulatorum
1129 1588 1255 1651 occlusis

78 1690 308 1772 apraeseetum
337 1698 366 1753 et
394 1709 426 1753 se
456 1689 632 1753 discrimine
658 1692 751 1772 pram
778 1689 948 1753 subtranit.
999 1689 1057 1754 sed
1085 1683 1256 1754 leonisius

77 1790 156 1854 dedit
183 1795 344 1857 minaciter
372 1794 477 1871 iussit,
517 1794 665 1856 territatis
693 1801 723 1856 et
750 1794 948 1875 suppeditatis
978 1795 1034 1874 ¹‹pui
1057 1793 1257 1874 prohibebant

74 1899 205 1978 perrupit
231 1897 421 1978 intrepidus:
451 1915 533 1976 quae
556 1894 694 1958 absurda
716 1905 801 1957 sunt.
849 1895 934 1978 quod
957 1897 1107 1959 Gelenius
1128 1897 1256 1978 scripsit

75 1999 223 2062 minaciter
246 2001 345 2063 iussit.
393 2001 551 2062 territatus
573 2002 684 2081 spretis
707 2000 760 2081 qui
777 1999 978 2080 probibebant
994 2003 1138 2081 perrupit
1159 2001 1256 2062 intre-

72 2101 154 2180 pidus
175 2102 282 2183 paullo
305 2104 411 2166 minus
433 2103 577 2183 ineptum
593 2111 657 2182 est,
681 2120 794 2165 verum
809 2100 921 2164 haberi
944 2121 1006 2166 non
1029 2113 1133 2184 potest
1148 2121 1254 2184 neque
1293 2137 1296 2144 ·

74 2202 193 2268 videtur
220 2207 374 2286 scriptum
407 2206 505 2268 luisse
542 2206 575 2266 in
608 2204 691 2267 libra
719 2203 946 2268 Herslcldensi.
1000 2205 1255 2287 lindenbrogius

75 2307 146 2368 hana
174 2309 352 2388 scripturae
381 2310 522 2390 speciem
550 2317 777 2387 conmemorat,
810 2309 969 2370 minaciter
994 2328 1083 2390 posse
1112 2311 1256 2372 resistere

73 2413 203 2474 omentis
232 2417 260 2474 et
288 2412 347 2474 tale
374 2413 497 2493 spretis.
544 2412 712 2474 Vaticanus
736 2410 878 2492 denique
900 2411 983 2473 liber
1005 2412 1083 2474 haec
1105 2411 1250 2494 praehet,

74 2514 223 2577 minaciter
247 2533 337 2595 posse
364 2514 513 2576 adsistere
540 2515 679 2577 ueritatis
708 2521 737 2576 et
758 2514 817 2577 tale
839 2502 960 2596 spretis¹
984 2517 1038 2596 pui
1054 2515 1277 2596 prohibebantur

71 2618 204 2698 perrupit
231 2617 413 2698 intrepidus.
462 2624 548 2678 recte
573 2635 664 2697 posse
692 2617 726 2678 in
748 2618 838 2680 iussit
864 2627 895 2680 et
917 2619 977 2680 tale
1006 2619 1039 2679 in
1062 2618 1113 2680 ille
1134 2627 1254 2682 mutata

73 2729 154 2782 sumt:
180 2719 351 2782 scribimus
373 2728 479 2780 autem
501 2720 605 2781 omnia
629 2720 691 2798 ita,
729 2721 870 2782 Vesulum
892 2721 993 2784 redire
1019 2722 1061 2783 nd
1082 2723 1254 2784 comitatum

73 2822 222 2886 minaciter
250 2825 338 2885 tussit
367 2841 404 2883 aa
427 2840 541 2884 maruan
563 2841 707 2884 ιιιιτιιι.
754 2843 806 2884 snr
829 2824 879 2886 ille
900 2827 1013 2904 spretis
1042 2825 1095 2904 qui
1111 2823 1254 2904 probibe-

73 2922 138 2986 bant
160 2926 306 3007 perrupit
333 2924 514 3006 intrepidus.
570 2927 757 3004 Mavortius,
794 2923 975 3008 praefectus
1008 2925 1184 3008 praetoria,
1221 2935 1254 2987 at

73 3027 212 3107 Vrsulus,
238 3028 441 3109 largitionum
463 3046 584 3107 comes,
613 3048 711 3110 quem
733 3028 786 3090 ille
809 3028 870 3091 sihi
894 3031 927 3090 in
950 3029 1156 3109 inquisitione
1179 3029 1254 3090 iun-

72 3141 164 3212 xerat,
190 3131 349 3210 Rufinum,
369 3129 576 3212 adparitionis
592 3131 810 3212 praefecturae
825 3133 1045 3214 praetorianae
1060 3132 1250 3213 principem,

73 3231 224 3296 hominem
248 3234 428 3296 Constantio
458 3231 711 3314 deditissimum,
741 3245 873 3317 propter
902 3253 1052 3315 magnum
1074 3234 1177 3298 scelus
1200 3253 1253 3296 ca-

72 3334 153 3413 pitali
186 3355 289 3417 poena
323 3336 568 3399 damnaverant:
610 3337 811 3400 Constantius
845 3340 944 3400 iratus
977 3338 1070 3400 valde
1103 3338 1252 3400 Vesulum

72 3436 156 3501 iussit
185 3438 227 3502 ad
255 3440 435 3501 comitatum
460 3440 565 3503 redire
595 3450 690 3521 atque
714 3441 746 3503 in
769 3451 929 3522 posterum
953 3441 1102 3503 insistere
1125 3441 1251 3502 veritati

72 3550 99 3600 et
125 3562 142 3602 a
169 3543 257 3605 falsis
284 3562 319 3604 se
349 3543 530 3622 continere,
562 3544 682 3625 quippe
712 3545 767 3624 qni
796 3542 908 3607 falsum
931 3543 972 3606 de
995 3543 1106 3605 Rufino
1127 3543 1252 3606 tulisset

71 3642 228 3708 iudicium.
276 3647 475 3710 intransitiva
497 3627 631 3709 sistendi
652 3647 752 3709 verbo
773 3647 875 3709 utitur
895 3645 1079 3709 Ammianus
1095 3667 1142 3708 ιιι
1163 3647 1199 3707 lb
1219 3649 1249 3726 9,

71 3746 212 3810 tribunali
232 3748 309 3810 celso
331 3749 453 3811 sistens.
499 3748 585 3830 qnod
608 3769 647 3811 ex
662 3752 801 3813 ueritatis
819 3758 847 3813 el
868 3748 1000 3812 lecimus
1022 3752 1155 3812 veritati.
1195 3759 1249 3828 set,

71 3852 241 3913 neccssaria
257 3851 408 3914 scribitur
426 3859 471 3914 set
492 3871 598 3933 neque
613 3861 641 3915 et
655 3853 731 3915 lerri
747 3863 861 3934 potest,
887 3853 1123 3934 depravationis
1145 3865 1250 3916 nutem

71 3970 165 4030 genus
187 3953 482 4035 frequentissimum
506 3966 565 4018 est.
611 3959 713 4018 111119
739 3956 777 4017 ll
800 3957 894 4036 vulga
925 3956 1040 4036 legitur
1069 3955 1249 4039 ‘adproosco'

72 4057 220 4137 respondit
243 4058 340 4138 ‘quem
362 4057 461 4121 dicetis
483 4059 643 4140 offendisse
665 4078 712 4120 me
734 4061 815 4121 iusta
836 4059 873 4120 de
895 4077 1004 4132 causa,
1037 4066 1065 4120 et
1086 4059 1176 4121 silere
1198 4077 1251 4121 aas

71 4157 184 4221 interim
212 4169 445 4224 consentaneum
472 4169 517 4224 est
543 4161 615 4224 dum
643 4161 718 4224 mibi
744 4163 863 4224 inimt'co
887 4161 1002 4242 potiori
1024 4161 1123 4242 faciet
1150 4161 1251 4224 sorte!

71 4259 99 4321 in
119 4263 267 4325 Vaticano
294 4263 376 4326 libra
405 4266 559 4346 scriptum
588 4275 636 4328 est
664 4283 775 4328 masos
805 4273 849 4328 et:
877 4263 964 4326 unde
992 4263 1027 4326 lit
1055 4283 1167 4342 causa,
1193 4273 1247 4346 set,

71 4364 150 4442 quod
170 4375 233 4428 tota
255 4368 446 4430 narrationis
470 4369 548 4430 ratio
570 4367 778 4430 commendat.

150 4469 302 4550 Sequitur
335 4469 447 4532 codem
481 4469 556 4534 libri
584 4490 632 4533 ιιι
660 4473 763 4553 capite
791 4472 810 4531 8
841 4468 859 4553 ξ
885 4472 904 4532 8
935 4469 1069 4537 obscura
1098 4471 1247 4532 narratio.
