3184 5108
321 367 395 439 208
615 383 705 444 lrrnm
728 399 895 444 tscrtomrn
919 401 1103 446 ιιιιιιιιιιιινι
1122 383 1215 444 tuot.

320 569 649 651 argumentationibus
667 571 785 633 nostris
808 571 1048 650 cavendumque
1072 590 1141 634 esse
1157 581 1307 652 putamus
1330 590 1370 633 ne
1393 573 1501 652 egregii

322 675 458 736 hominis
481 674 611 754 quidam
635 693 724 738 error
753 675 831 736 alios
854 674 939 737 fellat
961 673 1229 754 quomadmodum
1252 673 1402 736 fefellisse
1424 673 1503 736 vide-

320 789 373 840 tur
396 776 677 840 Schneidewinum
701 779 733 840 in
756 778 880 842 delectu
903 787 1066 858 poetarum
1090 778 1302 858 elegiacoruru
1325 778 1502 840 Graeoomm

322 901 354 961 p.
376 881 434 942 tet
459 892 512 943 aut
536 880 722 963 probantem
746 899 827 962 quoe
851 899 926 942 vcra
952 879 1061 944 haberi
1085 882 1171 944 nullo
1195 881 1286 944 modo
1309 891 1439 962 possunt
1457 892 1502 943 aut

321 996 408 1046 certe
432 1005 494 1047 non
519 983 752 1064 inprobantem.
799 1003 872 1046 nam
896 1003 967 1045 oum
991 983 1120 1064 quidam
1143 985 1253 1066 Argis,
1282 985 1336 1046 aiii
1361 985 1505 1047 Lacedae-

322 1108 414 1152 mone
430 1089 534 1150 louem
550 1089 732 1152 convivium
747 1087 973 1150 iucundissimo
987 1092 1126 1152 carmine
1142 1107 1273 1151 ornasse
1290 1088 1503 1166 credidissent,

322 1193 446 1253 tertiam
456 1193 637 1273 opinionem
646 1190 771 1253 addidit
779 1191 967 1253 Welclarus
979 1193 1010 1253 in
1020 1194 1124 1254 Museo
1132 1193 1285 1254 llhenano
1295 1211 1325 1254 n.
1333 1211 1504 1254 nnccomrt

322 1315 354 1376 p.
367 1296 427 1356 tto
445 1293 506 1378 [ll.
522 1293 604 1359 sofr.
621 1293 752 1378 112t8J.
792 1293 878 1376 quod
900 1297 986 1358 enim
1001 1295 1055 1358 lon
1078 1295 1172 1358 libari
1196 1293 1283 1361 iubet
1301 1295 1426 1358 Herculi
1439 1294 1506 1358 Alo-

323 1417 435 1462 meuao
453 1399 550 1460 Procli
569 1398 707 1461 Persidis
723 1399 922 1477 Welokerus,
947 1418 985 1460 ea
1008 1418 1090 1480 quae
1108 1400 1277 1462 Pausanias
1301 1419 1342 1462 ιιι
1365 1402 1382 1460 l
1407 1409 1505 1460 narret

323 1521 584 1580 commemorans,
610 1521 646 1564 eo
669 1501 893 1583 explicandum
916 1523 986 1564 esse
1010 1513 1119 1564 conset
1141 1503 1228 1584 quod
1251 1504 1375 1566 Procles
1397 1502 1505 1583 Pityrei

323 1605 408 1668 illius
429 1605 563 1684 Argivos
593 1605 765 1687 Epidauria
796 1607 828 1667 in
857 1608 974 1668 loniarn
1003 1605 1193 1685 deduxerit,
1227 1607 1451 1686 existimatque
1478 1605 1504 1666 in
1583 1625 1584 1654 t

323 1711 463 1770 carmine
487 1710 568 1772 lonis
593 1709 677 1772 hunc
693 1710 845 1789 Proclem,
870 1712 926 1790 qui
948 1709 990 1770 ab
1005 1711 1078 1772 lone
1095 1711 1191 1772 Xuthi
1215 1711 1279 1772 filio
1295 1729 1397 1792 genus
1412 1710 1505 1784 duxit,

325 1811 574 1893 intellegendum
598 1833 685 1891 esse,
711 1832 774 1873 non
797 1812 1078 1876 Lacedaemonium
1101 1812 1294 1875 Aristodemi
1318 1814 1434 1892 lilium,
1457 1811 1508 1874 ad-

325 1916 436 1996 ditque
460 1917 603 1979 lleroulis
627 1915 894 1996 Persidarurnque
922 1916 1041 1979 cultum
1071 1929 1103 1980 et
1132 1919 1284 1979 honorent
1306 1915 1347 1980 ad
1368 1917 1506 1998 Argivom

326 2021 516 2084 familiarum
546 2039 609 2082 non
641 2020 800 2082 nullorum
831 2019 980 2100 Chiorum
1009 2021 1165 2098 originem
1197 2021 1404 2084 referendum
1432 2039 1506 2082 asse.

324 2126 457 2206 adparet
482 2125 579 2205 igitur
603 2125 720 2186 homini
738 2122 918 2184 doctissimo
940 2125 1045 2184 lonem
1065 2127 1169 2186 visum
1192 2143 1262 2186 esse
1286 2141 1415 2187 carmen
1439 2122 1506 2186 illud

325 2232 358 2291 in
383 2230 483 2290 insula
508 2229 596 2304 Chio,
624 2230 655 2301 in
678 2245 741 2308 qua
764 2235 857 2299 natus
879 2235 947 2287 erat
964 2228 1128 2309 vitamque
1152 2230 1343 2308 plerumque
1367 2227 1505 2308 degebat,

326 2344 357 2394 et
381 2343 511 2413 propter
533 2331 713 2392 convivium
737 2329 781 2390 ibi
805 2328 1033 2391 celebrandum
1050 2330 1241 2392 condidisse.
1277 2351 1391 2394 verum
1414 2335 1507 2393 enirn-

325 2455 401 2498 vero
426 2435 612 2497 Welckerus
640 2452 703 2495 non
731 2444 877 2496 accurate
908 2437 1132 2497 memoriter-ve
1162 2437 1304 2497 narrarit
1327 2455 1409 2516 quoe
1431 2433 1506 2517 apud
1582 2507 1583 2514 ρ

326 2540 510 2601 Pausaniam
534 2539 666 2618 legerat.
713 2537 927 2617 nequeenim
952 2539 1121 2600 Pausanias
1146 2539 1226 2600 ullos
1248 2539 1382 2619 Argivos
1405 2540 1506 2602 Chium
1581 2515 1583 2562 f

325 2643 513 2724 pervenisse
536 2640 613 2704 dicit
641 2660 746 2724 neque
771 2641 908 2702 Proolem
933 2639 1046 2702 Chium
1069 2643 1199 2722 petiisse
1222 2653 1349 2721 narrat,
1380 2641 1435 2704 sed
1457 2643 1507 2702 Sn-

327 2765 428 2826 mum,
454 2763 559 2826 noque
582 2745 710 2808 Samum
735 2744 874 2805 Proolem
897 2742 1071 2806 deduxisse
1094 2744 1266 2826 Epidauria
1289 2745 1436 2826 Argivos,
1459 2741 1506 2804 sed

328 2851 516 2932 Epidaurios
537 2849 578 2910 ab
592 2848 861 2929 Argivispulsos,
902 2868 974 2909 nam
998 2847 1038 2910 de
1055 2850 1157 2928 Samo,
1185 2867 1245 2910 noo
1270 2848 1310 2910 de
1327 2847 1414 2927 Chio,
1440 2847 1506 2907 haer

326 2957 395 3016 eius
425 2963 474 3015 est
503 2955 660 3031 narratio,
692 2946 759 3016 τότε
789 2949 822 3016 δέ
851 2951 880 3015 ol
907 2947 961 3036 τὴν
991 2955 1081 3035 νῆσον
1111 2949 1260 3023 οἰκοῦντες
1288 2946 1406 3036 ἀνάγκη
1427 2947 1505 3012 πλέω

326 3057 462 3128 ἐδέξαντο
485 3049 505 3140 ἢ
529 3051 630 3140 adrolo
653 3053 806 3126 συνοίκους
825 3045 944 3126 Ἴωνας.
990 3048 1111 3138 ἡγεμιδν
1136 3052 1169 3118 δέ
1194 3045 1232 3138 ἧν
1254 3055 1315 3126 τοῖς
1330 3045 1414 3118 Ἴωσι
1436 3049 1506 3136 Προ-

326 3164 400 3244 κλῆς
429 3155 445 3223 ὁ
471 3157 641 3245 Πιτυρέως,
673 3153 762 3229 αύτύς
791 3179 823 3221 τε
848 3150 1040 3243 Ἐπιδαύριος
1068 3153 1119 3221 καί
1143 3153 1353 3244 Ἐπιδαυρίους
1380 3155 1412 3223 τὸ
1439 3149 1505 3219 πολύ
1580 3201 1581 3204 ,

327 3255 427 3349 ἄγων,
452 3260 482 3326 οἳ
502 3257 559 3328 ῦπδ
583 3257 751 3348 Δηιφόντου
773 3257 824 3324 καί
841 3256 984 3346 Ἀργείων
1005 3260 1040 3323 ὲκ
1060 3265 1113 3345 τῆς
1132 3256 1334 3348 Ἐπιδαυρίας
1356 3253 1506 3333 lesemd-

325 3389 429 3431 κισαυ.
468 3361 564 3453 τούτῳ
586 3371 629 3453 τῷ
645 3363 777 3451 Προκλεῖ
797 3363 882 3448 γένος
904 3354 941 3447 ἧν
965 3359 1024 3429 ἀπὸ
1040 3356 1142 3436 Ἴωνος
1163 3369 1216 3429 τοῦ
1232 3359 1364 3429 Ξούθου.
1396 3358 1505 3449 Ἄνδρο-

327 3474 398 3542 κλος
420 3467 454 3534 δέ
474 3467 527 3533 καί
547 3465 687 3556 Ἐφέσιοι
708 3463 916 3554 στρατεύουσιν
939 3465 987 3532 tat
1004 3461 1161 3553 Λεωγόρον
1182 3464 1233 3532 τὸν
1257 3466 1437 3554 Προκλέους,
1459 3465 1505 3551 βα-

329 3567 484 3638 σιλεύοντα
507 3570 581 3658 μετὰ
603 3571 654 3637 τδν
678 3571 794 3658 πατέρα
817 3572 848 3636 έν
872 3567 986 3657 Σάμῳ,
1018 3567 1070 3634 καί
1093 3565 1177 3657 μοίχῃ
1201 3566 1376 3656 νικήσαντες
1397 3561 1505 3642 ditiori

327 3699 427 3742 νουσιν
450 3677 484 3741 ἐκ
505 3680 558 3761 τῆς
580 3671 673 3761 νήσου
697 3672 845 3759 Σαμίους·
872 3674 968 3740 αἰτίαν
993 3672 1025 3738 δέ
1048 3673 1192 3760 ἐπέφερον
1216 3671 1290 3758 μετὰ
1307 3671 1419 3762 Καρῦν
1440 3675 1504 3758 opit

328 3773 530 3867 ἐπιβουλεύειν
545 3771 641 3844 Ἴωσι.
681 3780 819 3842 conferri
843 3789 1010 3843 merentur
1028 3797 1110 3859 quae
1134 3780 1166 3840 in
1190 3781 1393 3860 etymologine
1409 3793 1504 3856 magno

329 3905 360 3966 p.
382 3886 441 3946 460
466 3895 613 3965 excerpta
638 3903 655 3945 e
678 3883 931 3963 Themistagorae
955 3883 1037 3944 libro
1059 3901 1156 3944 aureo
1178 3884 1342 3963 leguntur,
1370 3876 1414 3948 ὅτι
1436 3877 1503 3964 Προ-

327 3991 402 4072 κλῆς
424 3982 474 4052 καί
497 3984 669 4072 Τιμβρίων,
700 3983 840 4050 ἀποικίαν
862 3984 1028 4058 στείλαντες
1051 3985 1093 4058 είς
1117 3979 1232 4068 Σάμον,
1255 3981 1331 4071 πρὸς
1351 3982 1417 4056 τούς
1434 3983 1502 4046 ένοι-

328 4095 453 4163 κοῦντας
478 4085 581 4174 Κᾶρας
604 4087 761 4153 κοινωνίαν
785 4089 906 4173 θέμενοι
928 4081 1051 4177 ᾤκησαν
1073 4083 1156 4174 παρὰ
1177 4084 1227 4151 τὸν
1248 4083 1366 4172 Χήσιον
1386 4079 1501 4168 ποταμὸν

328 4190 381 4258 καί
403 4193 446 4265 εἰς
469 4186 521 4257 δύο
541 4189 637 4279 φυλὰς
658 4187 712 4277 τήν
734 4186 820 4257 πόλιν
843 4191 1011 4277 διένειμαν,
1037 4183 1079 4254 ὧν
1101 4187 1155 4276 τὴν
1179 4189 1232 4276 μὲν
1255 4188 1376 4276 Χησίαν
1398 4184 1501 4272 οίνύμα-

329 4318 384 4361 σαν
407 4291 467 4360 ἀπὸ
490 4299 541 4360 τοῦ
563 4291 682 4379 Χησίου
703 4300 838 4380 ποταμοῦ
859 4295 1081 4382 παρακειμένου
1102 4298 1139 4380 τῇ
1162 4289 1268 4374 πύλαι,
1292 4291 1346 4380 τὴν
1369 4293 1400 4358 δὲ
1416 4289 1501 4356 ’neo

327 4395 462 4465 adlatos
484 4394 543 4463 ιἰπδ
564 4404 617 4463 τοῦ
638 4401 770 4464 παλαιοῦ
793 4399 891 4464 ἐκεῖσε
912 4391 995 4471 ὄντος
1018 4391 1133 4471 ἄστεος.
1181 4389 1275 4471 οὕτως
1298 4389 1500 4483 Θεμιστπρύραι

329 4503 420 4588 λιτῇ
449 4507 546 4588 χρυσῇ
572 4499 678 4588 βίβλῳ.
724 4503 890 4583 distinguit
920 4504 1057 4564 colonias
1085 4521 1101 4564 a
1131 4501 1323 4566 Tembrione
1352 4515 1382 4564 et
1411 4495 1499 4560 noue
