3184 5108
348 360 437 420 lsnnx
459 379 624 423 nncrrorrrs
648 380 825 424 insrrvtnvrr
844 364 936 426 4863.
1162 355 1236 428 229

202 549 253 608 ab.
294 547 428 621 Quidam
451 569 577 631 quoque
600 552 744 616 homines
773 555 915 616 Brixonti
938 555 1070 637 Niloque
1095 558 1236 622 llumini-

142 649 197 712 bus
212 651 310 713 vicini
333 672 463 734 corpora
486 654 556 715 miri
579 654 724 718 candoris
747 657 901 720 babentes
923 678 965 721 111
987 659 1105 740 pedum
1128 663 1236 727 altitu-

140 753 242 816 dinem
267 755 417 818 babentia
432 757 511 821 iacie
527 757 656 838 quidem
681 758 829 842 bipertita
852 771 884 824 et
906 781 982 825 naso
1005 764 1095 846 longo
1118 776 1149 828 et
1167 787 1235 830 ma-

139 859 240 921 cilenti
265 880 394 941 corpore
418 850 664 925 describuntur.¹
1191 927 1193 932 .

85 961 100 1018 5
199 965 251 1024 at.
292 965 331 1026 Et
352 974 427 1028 sunt
448 947 591 1028 homines
613 985 692 1047 quos
714 967 903 1032 Graecorum
926 970 1075 1034 historiae
1094 993 1148 1036 ora
1171 987 1271 1037 nontr

137 1065 252 1128 babere
281 1067 454 1148 perhibent
480 1077 516 1131 ut
545 1080 686 1131 ceterum
717 1090 818 1151 genus
846 1074 1035 1154 humanum,
1076 1087 1107 1138 et
1136 1079 1233 1141 nullis

137 1189 186 1232 ecs
215 1171 297 1234 cibis
326 1173 426 1250 vesci,
465 1182 513 1235 set
541 1193 600 1254 per
627 1193 721 1236 nares
752 1175 850 1239 halitu
880 1179 1096 1242 tantummodo
1123 1183 1232 1244 vivere

136 1282 300 1337 testantur.

196 1379 249 1440 22.
290 1381 451 1460 Mulieres,
484 1391 519 1444 ut
548 1381 671 1460 ierunt,
714 1384 800 1444 iuxta
823 1393 959 1446 montem
983 1383 1152 1451 Armeniae
1173 1409 1232 1452 na-

67 1480 95 1538 10
133 1492 265 1546 sountur
287 1483 425 1564 pellibus
448 1483 589 1572 indutae,
615 1483 746 1548 barbam
763 1505 864 1567 usque
880 1487 920 1550 ad
936 1507 1086 1554 mammas
1108 1492 1232 1556 baben-

133 1595 178 1646 tes
201 1587 368 1666 prolixam,
401 1607 482 1668 quae
505 1588 580 1650 dum
603 1591 781 1652 venatrices
803 1601 877 1652 sunt
905 1591 967 1654 sibi
990 1595 1089 1674 tigres
1112 1605 1143 1656 et
1165 1597 1231 1659 leo-

132 1689 247 1768 pardos
270 1701 302 1752 et
323 1691 433 1772 rapida
457 1691 595 1754 serarum
619 1712 736 1773 genera
759 1712 816 1774 pro
839 1695 971 1758 canibus
994 1700 1151 1760 nutriunt.

193 1795 247 1856 23.
289 1795 328 1856 Ε4
349 1795 507 1876 quoddam
538 1797 675 1859 invisum
698 1816 799 1877 genus
828 1798 990 1861 hominum
1020 1802 1053 1863 in
1075 1804 1175 1866 antris
1198 1816 1230 1867 et

130 1899 275 1960 concavis
298 1901 449 1961 montium
480 1899 610 1962 latebris
636 1903 722 1963 nasci
744 1901 943 1982 perhibetur,
975 1906 1031 1985 qui
1061 1915 1135 1968 sunt
1164 1918 1229 1969 sta-

63 1999 90 2056 ts
130 2011 200 2064 tura
222 2001 378 2066 cubitales
399 2012 441 2082 et,
470 2014 506 2066 ut
528 2013 695 2084 testantur,
720 2005 889 2070 adversum
912 2026 1008 2088 grues
1031 2010 1063 2070 in
1087 2018 1228 2092 tempore

129 2107 241 2168 messis
269 2105 389 2170 bellum
416 2109 612 2188 coniungunt
639 2128 680 2171 ne
709 2129 817 2172 eorum
846 2119 912 2173 sata
938 2110 1102 2193 diripiant.
1150 2133 1228 2196 quos

127 2209 239 2271 Graeci
262 2229 280 2271 a
303 2209 409 2272 cubito
433 2231 601 2292 pygmaeos
623 2223 744 2276 vocant.

191 2315 245 2374 ut.
287 2315 368 2376 Sunt
389 2334 516 2396 quoque
538 2317 682 2380 homines
705 2319 737 2380 in
761 2319 863 2380 insula
878 2319 1037 2381 Brixontis
1058 2321 1147 2383 tluvii
1171 2326 1225 2403 qui

126 2416 248 2498 absque
277 2417 434 2499 capitibus
464 2429 648 2500 nascuntur,
681 2441 760 2502 quos
789 2422 938 2503 epistigos
960 2423 1072 2486 Graeci
1099 2435 1223 2506 vocant,

56 2519 87 2579 to
127 2531 158 2582 et
180 2540 222 2582 vu
244 2521 363 2601 pedum
385 2523 562 2585 altitudinis
584 2535 659 2587 sunt
681 2536 713 2587 et
735 2535 796 2586 tota
819 2526 852 2586 in
874 2534 1001 2607 pectore
1023 2530 1135 2609 capitis
1156 2529 1226 2592 oili·

126 2628 173 2688 cia
196 2635 323 2705 gerunt,
349 2627 408 2687 nisi
432 2626 516 2707 quod
539 2628 644 2690 oculos
668 2629 700 2689 in
723 2629 866 2690 humeris
887 2629 1006 2692 habere
1027 2630 1189 2694 videntur.

126 2785 148 2832 t.
171 2796 202 2831 xx
220 2779 258 2831 De
277 2781 380 2842 magnis
398 2781 553 2833 hominibus
576 2781 706 2833 brixontis
724 2783 754 2844 A,
781 2798 839 2834 xxm
858 2785 895 2836 De
914 2785 1077 2850 quibusdam
1095 2787 1148 2838 Nili
1165 2789 1224 2839 Bri-

53 2871 181 2934 rontisque
200 2867 343 2918 numinum
361 2867 457 2918 uicinis
477 2869 517 2918 n?
569 2869 692 2920 homines
710 2883 751 2920 om
770 2871 799 2920 n.
863 2871 979 2922 brixonti
997 2873 1024 2922 in
1044 2872 1152 2938 nlloque
1172 2875 1224 2925 tlu-

53 2955 159 3005 minibus
176 2955 206 3015 A,
233 2953 281 3006 nili
298 2953 484 3020 brixontisque
502 2955 621 3006 fluminis
642 2957 670 3006 li.
716 2957 848 3009 Brioeoutis
869 2961 943 3022 fluvii
962 2962 1056 3010 meutio
1071 2963 1102 3026 fit
1119 2963 1197 3010 etium
1215 2977 1221 3011 r

50 3041 126 3092 titt
156 3056 172 3092 rr
190 3045 215 3092 t.
232 3045 274 3092 at.
363 3043 387 3090 ³.
408 3040 539 3101 isciiA,
566 3040 648 3093 laetae
668 3043 697 3092 Β.
770 3043 897 3109 bipartita
914 3045 943 3094 B.
1033 3049 1057 3097 s.
1079 3047 1102 3097 t.
1120 3047 1223 3096 macel-

50 3125 102 3178 tenti
120 3130 152 3188 A,
178 3129 280 3179 macies
297 3128 362 3178 lenti
381 3129 411 3178 B.
482 3127 665 3178 disoribuntur
684 3130 713 3179 lt.
803 3135 826 3180 t.
852 3144 892 3180 xxi
918 3130 956 3180 lta
980 3130 1022 3180 bis
1046 3133 1093 3195 qui
1117 3133 1221 3184 tantum

51 3215 184 3276 uiuuntA,
208 3215 446 3266 messionis?
514 3217 611 3266 stortae
630 3215 695 3265 bora
714 3216 744 3266 A.
834 3220 858 3265 o.
878 3216 1054 3281 perhibentur
1071 3217 1101 3267 A.
1159 3219 1222 3268 nnt-

50 3300 282 3353 lisA1mellisB.
374 3305 396 3352 t.
418 3301 561 3352 sctomB.
632 3301 772 3353 alitantum
792 3302 872 3354 modo
885 3302 914 3352 A.
952 3303 1111 3368 Augustinus
1128 3307 1220 3357 deciu

49 3389 82 3438 te·
97 3403 137 3438 xri
156 3393 170 3439 8
188 3388 247 3439 eliis
265 3401 311 3438 ora
329 3401 383 3438 non
401 3400 461 3438 essa
479 3401 580 3452 eosque
598 3401 648 3452 per
666 3401 744 3439 nares
761 3389 948 3441 tantummodo
965 3389 1050 3441 halitu
1068 3391 1168 3442 vivere.

49 3477 68 3522 t.
86 3489 134 3526 nu
157 3476 194 3526 De
217 3474 340 3526 herbosis
363 3473 522 3526 mulieribus
540 3474 570 3534 A,
604 3489 652 3524 xxv
674 3475 799 3526 Mulieres
824 3475 949 3526 barbatae
974 3477 1015 3527 li?
1084 3481 1222 3542 ermocnte

49 3561 72 3609 A.
157 3565 256 3614 tuti.
276 3560 406 3627 prolixam
424 3560 556 3612 babentes
574 3560 688 3627 quisibi
706 3561 772 3612 dum
792 3562 822 3614 B.
905 3561 957 3614 sibi
975 3564 1038 3613 sunt
1055 3563 1086 3623 A,
1106 3567 1170 3613 sunt
1189 3566 1219 3617 e.

49 3650 122 3710 tygris
139 3649 167 3699 A.
258 3653 298 3699 tt.
319 3662 380 3698 nur
399 3648 436 3697 De
455 3648 568 3712 pigmeis
585 3647 614 3711 A,
641 3662 698 3698 nu
717 3649 842 3712 Pygmaei
861 3649 902 3698 B?
970 3648 1119 3700 bumenum
1139 3651 1170 3703 B.

50 3735 84 3782 44.
104 3735 276 3800 perhibentur
293 3735 348 3784 Ali.
405 3733 585 3798 quisuntA:
605 3736 710 3800 quisli.
782 3734 1012 3800 t6.deripientA.
1087 3738 1220 3800 ligneos

48 3819 72 3869 A.
140 3822 230 3872 cubitu
249 3820 302 3871 AB.
374 3821 408 3870 ad
424 3821 545 3884 pigmeos
562 3835 644 3884 supra
660 3823 820 3885 cumptum
836 3821 967 3872 cubitales
986 3823 1016 3873 lt.
1061 3821 1221 3887 Augsutiuua

48 3907 74 3955 de
90 3911 134 3958 cic.
154 3911 193 3960 rici
211 3922 251 3958 xri
271 3910 285 3957 ⁸
304 3905 372 3957 alios
390 3908 489 3956 statura
503 3919 562 3958 esse
579 3907 717 3968 cubitales,
738 3921 807 3972 quos
825 3921 971 3973 pygmaeos
988 3922 1004 3958 a
1021 3907 1112 3959 cubito
1126 3909 1220 3960 Graeci

49 3998 142 4045 vooent.
231 3997 272 4045 48.
293 4007 362 4044 ntur
381 3991 419 4043 lie
437 3993 563 4058 epistigos
585 3993 711 4060 (epistigis
735 3997 762 4045 iu
780 3993 871 4058 iudice)
892 3995 922 4056 A,
948 4009 1015 4046 uvir
1034 3995 1159 4061 Acepbali
1181 3998 1220 4046 B?

48 4078 106 4128 ttoni
124 4081 151 4132 A.
258 4085 298 4130 tt).
325 4079 452 4145 epistigos
475 4081 504 4142 A,
539 4079 659 4145 epilogos
683 4081 713 4130 B.
756 4079 869 4132 letentur
891 4077 1054 4150 interlitos?
1083 4085 1220 4135 couiuuctu

47 4171 102 4216 runt
124 4173 206 4220 amorre
226 4181 293 4231 quoa
312 4167 425 4218 Isidorus
443 4169 507 4232 erip.
527 4181 551 4216 rt
571 4171 585 4216 s
606 4171 647 4228 47,
674 4169 786 4218 Plinium
809 4173 862 4219 aot.
883 4169 941 4219 bist.
956 4182 991 4218 vir
1010 4173 1025 4218 t
1044 4174 1156 4228 secutus,
1182 4173 1219 4220 ito

44 4254 177 4318 distinguit,
196 4253 350 4319 Blemmyes
369 4255 395 4303 in
409 4253 490 4318 libya
503 4253 615 4305 credunt
632 4256 742 4306 truncos
760 4255 817 4305 sine
830 4255 915 4319 capita
934 4256 1009 4304 nasci
1027 4258 1054 4305 et
1065 4268 1096 4305 os
1114 4259 1141 4305 et
1152 4269 1220 4307 ocu-

47 4337 82 4388 tos
100 4341 191 4392 babere
209 4342 237 4391 in
256 4343 373 4406 pectore.
411 4339 477 4390 alios
495 4341 552 4390 sine
570 4340 724 4391 cervicibus
741 4341 826 4404 gigni,
855 4340 947 4391 oculos
971 4339 1104 4392 babentes
1122 4343 1148 4392 in
1167 4342 1218 4394 bu-

47 4427 128 4478 meris.
215 4431 259 4478 tt.
285 4429 338 4477 tota
359 4427 393 4477 li:
418 4427 489 4478 lenie
513 4427 543 4480 A.
615 4425 702 4477 officie
720 4425 749 4478 A.
838 4429 881 4476 st.
909 4425 1035 4480 uidentur
1055 4427 1090 4488 A,
1122 4427 1219 4478 dicun·

45 4511 85 4558 tur
103 4511 128 4563 Β.
