3204 5104
363 405 452 466 lunsx
473 421 640 468 ιιιτιοιιιι
663 426 842 470 ιιετιιιιιι
860 407 953 468 4866.
1175 394 1249 466 335

82 591 257 654 deverimus.
305 593 419 654 libror
445 593 483 656 tn
513 594 591 654 haec
619 595 785 674 leguntur,
815 598 924 676 paucis
952 596 1098 659 iudicium
1127 605 1181 659 aut
1204 616 1252 659 ret

77 694 199 774 publicae
226 713 334 770 amor;
364 697 453 758 multi
480 699 596 760 occultu
626 715 696 776 spe,
724 706 818 778 prout
845 701 912 780 qur's
935 702 1052 761 amicus
1074 700 1122 760 oet
1144 701 1248 780 cliens,

79 796 145 858 buno
164 799 212 860 vet
234 799 320 862 iilum
343 801 508 864 ambitiosis
532 799 706 862 rumoribus
720 801 930 879 destinabant,
955 805 1045 864 etiam
1068 804 1100 864 in
1123 805 1154 864 T.
1175 804 1253 865 Vinii

79 900 180 978 odium,
216 907 268 985 qui
300 906 332 966 in
365 905 429 966 dies
463 911 573 986 quanto
603 906 753 983 potentior
785 905 886 965 eodem
914 913 984 966 actu
1013 907 1142 966 invisior
1170 913 1249 967 erat.

79 1003 174 1066 ultima
196 1005 293 1068 verba
316 1007 447 1070 luerunt
470 1009 525 1088 qui
549 1006 736 1086 intellegere
759 1006 820 1067 sibi
841 1007 1044 1070 viderentur:
1071 1009 1252 1069 Latinorum

79 1103 225 1169 hominum
254 1128 347 1172 nemo
376 1129 412 1172 ea
441 1111 662 1171 intellexisset.
708 1108 900 1188 prudentius
922 1111 975 1172 alii
998 1109 1252 1172 emendationem

79 1210 320 1291 requisiverunt,
345 1231 452 1293 neque
475 1222 581 1274 tamen
604 1211 773 1292 quisquam
796 1212 881 1292 qued
902 1213 1033 1293 probari
1055 1215 1156 1293 possit
1177 1233 1253 1294 pro-

78 1311 149 1372 tulit.
187 1332 243 1375 nos
259 1315 301 1375 ita
317 1314 496 1393 scribimus,
522 1317 574 1396 qui
588 1315 700 1376 indies
719 1322 830 1394 quanto
846 1317 1046 1396 potentianae
1063 1335 1132 1376 mun
1148 1335 1252 1378 ruerus

79 1414 192 1476 inanior
213 1424 291 1478 erat.
338 1417 396 1478 sed
418 1416 619 1480 redeundum
642 1426 691 1478 est
713 1416 753 1478 ad
776 1419 940 1480 Senecam.

153 1517 270 1580 Eodem
293 1519 391 1600 igitur
412 1521 608 1583 Naturalium
631 1521 853 1600 quaestionum
879 1520 961 1582 libro
983 1539 1017 1581 ιιι
1043 1523 1082 1583 lb
1105 1523 1184 1583 haee
1205 1522 1254 1584 le-

79 1619 185 1699 gimus,
210 1629 283 1683 sunt
304 1630 332 1684 et
353 1621 408 1684 sub
431 1631 518 1684 terra
539 1625 640 1684 minus
662 1621 747 1684 nobis
769 1630 840 1684 nota
858 1627 931 1684 iura
944 1631 1094 1700 murac,
1119 1625 1173 1686 sed
1194 1643 1253 1686 aon

78 1722 167 1784 ninas
181 1731 283 1785 certo:
308 1724 396 1786 crede
412 1725 497 1806 infra
512 1725 657 1807 ptidquid
672 1724 756 1786 vides
779 1743 888 1806 supra.
928 1734 1001 1788 sunt
1014 1734 1043 1788 et
1063 1728 1126 1790 ittic
1147 1745 1254 1808 specus

77 1826 163 1902 vasti,
188 1833 260 1888 sunt
281 1829 414 1908 torpentes
436 1847 573 1891 recessus
596 1847 633 1889 ac
654 1829 756 1908 spatia
771 1830 928 1908 suspensis
949 1827 1018 1889 binc
1040 1835 1068 1890 et
1083 1829 1152 1891 inde
1169 1849 1256 1890 non-

77 1924 146 1988 trbus
168 1928 261 2004 tomo,
281 1937 366 1992 'sunt
392 1930 517 2012 abmpti
543 1933 575 1992 in
605 1931 754 2011 infinitum
780 1929 897 2007 biotus,
931 1933 983 2010 aui
1003 1949 1094 2012 saepe
1116 1932 1255 2013 inlapsos

76 2028 158 2091 urbes
190 2040 370 2112 receperunt
400 2041 428 2094 et
457 2035 604 2115 inperitam
632 2035 757 2094 ruinam
787 2034 819 2092 in
848 2033 909 2094 alto
937 2034 1138 2096 candidarum
1167 2034 1256 2115 (baec

77 2133 180 2210 spiritu
203 2135 297 2214 plena
324 2142 415 2196 sunt:
444 2135 521 2196 nibil
549 2138 627 2196 enim
654 2152 785 2215 uspiam
812 2136 903 2197 inane
932 2137 1003 2216 est),
1032 2140 1124 2198 etiam
1145 2146 1256 2221 stapna

77 2233 189 2297 obsessa
217 2236 347 2298 tenebms
376 2243 405 2298 et
434 2239 506 2299 locis
534 2238 655 2318 amplis.
708 2236 789 2298 male
819 2238 913 2318 vulgo
943 2236 1094 2321 disposita
1125 2242 1255 2302 meliore

76 2336 324 2418 interpunctione
346 2339 567 2401 distinximus:
599 2349 697 2401 restat
725 2348 760 2400 ut
782 2339 996 2402 foedissimam
1020 2343 1173 2405 maculam
1196 2344 1257 2405 tol-

76 2437 186 2518 lamus,
211 2459 306 2521 quam
330 2461 371 2503 ne
393 2441 691 2503 animadverterunt
709 2440 840 2521 quidem
863 2443 1006 2506 homines
1022 2444 1139 2506 eruditi
1162 2465 1258 2526 prae-

76 2549 214 2622 terquam
243 2542 327 2624 quod
363 2545 494 2606 llaasius
523 2545 637 2605 vitium
663 2545 794 2605 notavit.
847 2543 1053 2609 scribendum
1087 2558 1135 2610 est
1168 2551 1257 2610 etiam

78 2651 179 2726 stopno
200 2645 322 2708 obsessa
344 2646 473 2708 uuebris
497 2654 525 2708 ct
545 2663 635 2708 nicus
657 2665 757 2708 ιιιιι.
1023 2719 1030 2733 .

155 2748 366 2828 Neglegenter
381 2747 551 2811 admodum
574 2751 719 2811 homines
741 2748 824 2811 docti
848 2753 895 2812 eis
910 2753 959 2813 usi
981 2762 1056 2813 sunt
1071 2770 1154 2833 quae
1176 2753 1258 2816 libro

77 2867 107 2908 m
125 2849 160 2910 ts
175 2840 306 2913 uetusta¹
331 2853 525 2932 exemplaria
547 2851 715 2932 praebent.
758 2851 903 2915 scribunt
918 2853 1011 2916 hodie
1034 2863 1113 2916 certe
1136 2874 1203 2917 oum
1226 2859 1299 2920 inm

79 2952 166 3014 Coria
186 2955 271 3014 eirca
286 2953 451 3034 Hydissum
465 2953 572 3016 arbem
593 2955 664 3016 talis
687 2956 865 3017 easiluisset
880 2957 976 3018 unda.
1016 2956 1137 3018 habent
1152 2969 1259 3020 autem

76 3053 151 3115 liber
171 3054 417 3136 Bambergensis
439 3057 592 3136 idumnm,
618 3059 832 3119 berolinensis
853 3058 1003 3138 pdimum,
1027 3059 1080 3120 alii
1101 3061 1255 3140 ydumum,

76 3157 220 3234 monum,
250 3157 408 3238 bpdinium
430 3160 609 3240 similiaque
630 3161 718 3221 vitia.
766 3161 916 3222 Erasmus
938 3181 1009 3222 cum
1032 3163 1170 3242 primum
1194 3163 1260 3224 ldi-

78 3281 152 3324 mua
178 3261 339 3337 dedisset,
373 3273 481 3342 postea
510 3264 662 3324 Matthaeo
686 3265 853 3325 Fortunato
880 3263 1104 3344 obtemperans
1131 3266 1259 3344 scripsit

78 3367 226 3446 nudum.
274 3366 344 3428 aliis
366 3368 544 3445 Lorpmani,
570 3366 681 3427 llureti
704 3376 932 3444 commentum,
964 3367 1094 3447 placuit.
1142 3385 1256 3448 nuper,

77 3477 109 3528 ut
135 3469 289 3547 diximus,
322 3469 421 3548 magis
450 3469 569 3548 placuit
591 3468 772 3548 Hydissum,
804 3487 887 3549 quae
909 3467 1049 3530 Pinciani
1079 3471 1260 3532 coniectura

78 3581 131 3631 est.
176 3592 239 3634 non
263 3590 342 3652 opus
365 3580 433 3632 erat
456 3572 501 3631 sic
523 3573 690 3650 pervagari
707 3570 846 3632 Cariam:
874 3571 991 3632 etenim
1014 3589 1055 3631 ex
1069 3573 1259 3651 optimorum

78 3672 225 3736 librorum
252 3675 368 3735 litteris
397 3691 509 3734 verum
540 3691 655 3733 nomen
677 3673 761 3734 ultro
782 3673 905 3753 prodit,
939 3674 1070 3750 lnruvn,
1102 3675 1164 3734 nisi
1187 3675 1260 3755 quis

77 3775 176 3854 ipsum
205 3775 284 3839 illud
311 3776 452 3837 idumum
480 3793 669 3836 conservare
698 3777 827 3837 mavult.
881 3774 1062 3854 Stephanus
1091 3778 1261 3857 Byzantius

71 3867 189 3961 Ἴδυμα,
213 3873 300 3950 πόλις
319 3873 452 3961 Καρίας,
478 3869 513 3940 ob
535 3873 587 3939 ital
603 3867 721 3959 Ἴδυμος
743 3872 886 3960 ποταμός.
934 3873 967 3941 τὸ
989 3874 1108 3941 tessilo
1129 3873 1260 3961 'lbopebc

78 3975 126 4042 καὶ
141 3974 280 4064 Ἰδῦμιος.
322 3979 441 4064 λέγεται
463 3975 514 4042 καὶ
531 3973 634 4062 ’luipo
658 3975 677 4063 ἡ
700 3973 796 4050 πόλις.
837 3981 896 4043 sed
918 3981 1127 4068 aPtolemaeo
1143 3981 1257 4062 Geogr.

78 4101 97 4140 v
119 4086 136 4145 2
159 4086 197 4146 20
223 4085 334 4145 Cariae
359 4082 437 4148 illud
460 4081 611 4163 oppidum
628 4073 747 4166 ''lbopoc
770 4083 905 4162 dicitur,
937 4095 972 4146 ut
1002 4083 1100 4146 iorma
1123 4086 1262 4147 nominis

79 4187 190 4266 triplex
211 4187 321 4250 fuerit.

158 4289 252 4352 Libro
275 4309 305 4350 ιι
328 4291 347 4350 2
372 4289 412 4350 22
436 4290 555 4350 Seneca
582 4289 660 4349 haee
682 4300 806 4368 narret,
839 4288 1036 4370 Euthymenes
1059 4291 1262 4354 Massiliensis

78 4395 272 4456 testimonium
288 4392 370 4456 dicit.
414 4391 587 4474 ‘navipaui'
610 4392 708 4472 inquit
725 4390 924 4454 ‘Atlanticum
945 4411 1048 4469 mare,
1073 4392 1154 4454 unde
1171 4395 1261 4456 Nilus

77 4493 157 4572 fluit,
188 4501 288 4558 maior
309 4494 456 4577 quamdiu
476 4495 585 4555 etesiae
607 4501 724 4574 tempus
746 4493 924 4556 observant:
953 4503 1025 4557 tanc
1053 4497 1131 4557 enim
1154 4498 1261 4558 eicitur
