3204 5104
386 372 473 431 16666
496 389 659 433 6616666666
681 389 860 432 6666666666
887 370 980 430 laec.
1203 350 1273 422 411

94 557 225 638 herim,
255 559 421 620 6111116666
449 561 588 635 intereat,
621 561 726 621 Goticu
749 567 856 621 autem
880 559 972 636 hacc,
1005 557 1149 618 ltut'leilroi
1176 555 1279 618 6161616

99 667 204 738 cenna,
230 662 435 726 6166111616
454 663 647 726 66111616161.
687 661 859 744 opinabilia
883 661 923 723 de
947 662 997 722 his
1019 660 1127 722 verbis
1149 659 1280 740 protulit

97 764 223 840 lacobus
244 765 415 828 Grimmius
439 767 471 826 in
494 767 703 829 Grammatica
727 776 748 828 t.
768 785 797 827 rv
819 766 944 847 61111.
993 767 1024 824 in
1048 763 1147 825 altero
1169 782 1279 824 exem-

98 867 229 946 plarium
252 867 532 932 Mediolanensium
563 888 625 931 non
656 869 788 932 66111616
817 868 874 931 sed
904 867 1056 930 culthrcr's
1078 867 1194 928 lectum
1217 875 1276 927 est.

99 970 224 1032 66116616
240 970 439 1052 1666661661
462 981 613 1054 66166661
634 974 867 1054 cooperativum
885 991 954 1034 esse
972 969 1117 1033 adverbii
1135 969 1277 1047 termam,

96 1073 150 1134 sed
174 1075 291 1136 rectius
317 1077 371 1136 alii
401 1076 574 1155 genitivum
598 1075 820 1156 adgnoverunt
842 1075 1031 1138 substantivi
1055 1074 1203 1135 nominis.
1251 1073 1279 1134 61

97 1179 212 1239 nomini
247 1189 282 1242 61
316 1179 523 1242 masculinum
553 1199 654 1259 genus
682 1179 818 1242 tribuam
848 1178 1141 1257 nominativumque
1171 1185 1279 1258 putem

95 1300 161 1342 esso
192 1281 311 1344 6611166
321 1328 329 1358 ,
361 1301 423 1343 666
452 1291 567 1344 666166
594 1301 713 1362 genere
743 1282 863 1358 661116,
895 1301 931 1342 66
961 1279 1103 1342 adducor
1131 1277 1215 1360 quod
1247 1281 1279 1341 in

94 1383 209 1446 scheda
225 1385 372 1447 Brixiana
395 1404 426 1446 v.
445 1387 485 1446 29
509 1386 663 1466 scriptum
687 1395 735 1448 est
758 1384 994 1467 1666666111666
1016 1393 1094 1445 616.
1113 1383 1152 1443 30
1175 1382 1277 1464 666111.

94 1497 140 1548 661
163 1488 260 1568 igitur
283 1489 402 1550 66111166
424 1489 527 1550 simile
549 1489 621 1550 aliis
644 1489 825 1551 masculinis
847 1487 1047 1564 nominibus,
1080 1486 1184 1566 qualia
1207 1495 1280 1547 sunt

93 1589 165 1652 olrrs
184 1591 280 1673 figora
303 1591 622 1674 1166666616661166.
670 1603 777 1654 666166
805 1612 866 1653 666
889 1592 962 1652 6661
986 1589 1130 1651 leminini
1153 1589 1281 1669 generis

94 1713 208 1756 nomen
232 1694 374 1756 Geticum
403 1693 488 1774 quod
516 1714 552 1756 eo
582 1713 701 1775 genere
731 1694 851 1758 (lictum
874 1714 944 1757 essc
973 1693 1093 1755 6611166
1116 1690 1279 1773 probabile

94 1799 195 1858 luciat.
230 1817 328 1877 quare
345 1815 457 1859 vereor
473 1817 513 1859 nc
530 1797 699 1876 6611166616,
726 1797 811 1879 quod
828 1799 860 1859 in
883 1798 1015 1860 alterius
1031 1795 1149 1858 codicis
1164 1794 1281 1856 scheda

93 1911 155 1978 cst,
182 1902 284 1962 errori
308 1899 554 1963 adscribendum
578 1901 619 1962 sit
634 1901 768 1962 librarii.
808 1911 843 1963 61
864 1911 968 1964 autem
993 1898 1111 1962 voirtbs
1131 1907 1281 1959 666166-

93 2015 155 2064 tum
179 2002 413 2067 substantivum
437 2012 485 2065 cst
512 1997 627 2086 (τιμή),
659 2003 833 2065 sedetiam
859 2003 1051 2065 adiectivum
1080 1991 1203 2084 (ἄξιος),
1237 2003 1278 2062 116

91 2107 284 2169 adiectivum
308 2107 427 2170 6611166
444 2107 663 2187 interpretatio
686 2106 843 2186 euangelii
860 2107 1005 2168 hlatthaei
1023 2108 1041 2165 6
1058 2107 1098 2167 26
1116 2113 1277 2166 monstrat.

91 2211 210 2272 Graeca
225 2211 304 2272 6666
320 2219 410 2288 6661,
436 2203 494 2294 οὐχ
508 2200 594 2292 ὑμεῖς
611 2210 724 2292 μᾶλλον
742 2209 899 2294 διαφέρετε
915 2203 1029 2284 adadu
1056 2209 1164 2270 Latina
1181 2210 1282 2270 16166-

92 2314 279 2393 pretationis
300 2313 447 2394 vulgatae
470 2333 567 2374 66666
589 2332 642 2375 666
658 2314 754 2395 acopis
776 2313 877 2394 pluris
900 2313 972 2375 66116
996 2313 1079 2374 illis?
1116 2310 1177 2373 nisi
1196 2309 1282 2390 quod

91 2417 193 2480 codex
207 2417 375 2478 Brixianus
398 2425 430 2478 61
452 2415 581 2496 quidam
599 2416 651 2477 alii
671 2417 779 2496 616666
796 2415 924 2477 666661.
964 2414 1105 2497 lehilas
1122 2416 1164 2476 116
1181 2414 1281 2475 16166-

90 2529 235 2600 66616166
264 2528 329 2598 661,
361 2519 416 2580 cio
439 2519 494 2598 jus
523 2521 600 2580 mois
630 2517 946 2598 culthriaaussr'juth
976 2518 1089 2580 thuim:
1121 2517 1153 2580 id
1177 2517 1281 2597 ipsum

92 2626 175 2685 enim
200 2621 286 2704 quod
303 2621 526 2683 Gabelentzius
549 2624 599 2683 vel
617 2621 749 2684 Loebius
772 2622 887 2682 eximia
910 2623 1090 2683 coniectura
1112 2619 1282 2682 adsecutus
1386 2671 1389 2676 .

91 2737 157 2789 6661
180 2726 423 2808 Vppstroemius
452 2726 485 2786 in
515 2724 622 2786 codice
644 2725 821 2806 Vpsaliensi
850 2711 1011 2805 disperiit.l
1061 2742 1125 2785 non
1155 2722 1306 2786 videtura

91 2839 197 2892 autem
228 2847 320 2909 posse
349 2826 488 2890 dubitari
519 2828 597 2912 6616
627 2837 712 2889 66616
735 2826 884 2889 credatur
906 2827 1026 2889 6611166
1049 2826 1282 2889 substantivum

92 2952 206 2996 nomen
235 2931 495 3012 significationem
525 2929 642 2992 hahere
665 2931 761 3012 pretii
784 2929 947 3010 dignitatis
970 2931 1198 3010 praestantiae,
1224 2928 1283 2991 ad-

92 3037 243 3097 iectivum
273 3035 342 3096 eius
366 3035 412 3095 rei
436 3052 517 3112 quae
542 3033 679 3112 pretiosa
710 3044 768 3095 est.
815 3052 922 3113 neque
951 3033 1089 3095 alienum
1119 3043 1166 3095 est
1197 3031 1283 3112 quod

90 3137 375 3219 hoglosaxonicum
393 3136 503 3198 uuldor
518 3136 648 3216 gloriam
669 3137 840 3217 significat:
867 3135 953 3199 unde
969 3134 1138 3217 splendida
1153 3136 1281 3197 nomina

90 3241 225 3323 adparet
268 3260 338 3303 6666
376 3241 538 3301 Theotisca
581 3240 710 3302 Wuldor
752 3239 933 3303 Wuldorrth
979 3238 1165 3302 Wuldcrhilt
1207 3239 1279 3300 6116.

92 3345 236 3426 11661166
268 3339 355 3422 δόξα,
394 3344 415 3403 1.
446 3363 474 3404 e.
506 3343 621 3422 gloria,
655 3341 772 3405 dieitur
801 3343 939 3422 66111616,
973 3338 1090 3413 ἔνδοξος
1118 3351 1222 3405 autem
1252 3351 1283 3402 et

91 3445 306 3529 δεδοξασμένος
329 3457 361 3509 61
382 3439 549 3530 παράδοξος
566 3445 715 3528 66111666.
763 3447 870 3526 116666
886 3445 1073 3508 vocabulum
1096 3444 1176 3507 illud
1199 3443 1283 3525 quod

90 3561 137 3614 cst
166 3551 290 3613 6611166
319 3569 390 3612 cum
421 3549 461 3611 de
490 3548 597 3612 verbis
628 3549 900 3630 interpretationis
933 3549 1088 3611 librorum
1122 3567 1284 3610 sacrorum

92 3656 220 3718 Goticac
243 3652 409 3716 dicebatur
430 3651 559 3715 videtur
581 3651 774 3733 significasse
797 3652 883 3732 quod
905 3651 1041 3733 probum
1065 3661 1095 3713 et
1118 3659 1285 3731 praestans

91 3778 159 3820 6666
185 3756 402 3836 indicabatur,
434 3757 502 3818 sive
525 3756 665 3836 praelata
689 3765 780 3817 erant
803 3755 922 3818 Graeca
943 3755 1062 3818 Latinis
1085 3755 1153 3816 6166
1175 3755 1284 3815 Latina

90 3862 233 3924 Graecis.
280 3869 355 3942 puto
378 3869 483 3922 autem
506 3860 539 3920 in
564 3857 681 3920 scheda
703 3858 850 3920 Brixiana
878 3856 1131 3940 superadditae,
1165 3859 1197 3918 16
1221 3858 1284 3938 apso

90 3965 231 4040 reddare,
265 3965 296 4025 16
324 3962 463 4038 6611166,
493 3964 574 4042 16666
603 3961 740 4024 66111666
770 3961 887 4042 6661616
918 3980 988 4022 6666
1019 3960 1125 4022 661166
1156 3961 1283 4022 nominc

90 4069 129 4130 ad
154 4069 297 4132 Latinam
323 4065 567 4129 declinationem
596 4064 843 4128 adcommodato.
891 4063 975 4144 quod
1003 4082 1035 4124 6.
1061 4065 1100 4124 il
1130 4063 1284 4142 seriptum

91 4183 138 4234 661
161 4175 194 4234 iu
217 4170 373 4246 66111666,
405 4178 460 4238 aut
487 4170 629 4250 peccavit
658 4167 808 4230 librarius
838 4187 908 4230 eum
932 4167 1073 4228 scribere
1096 4164 1229 4228 deberet
1253 4167 1284 4227 in

92 4277 214 4340 urdthre
244 4284 298 4336 aut
328 4273 497 4335 accusativi
521 4272 623 4333 Latini
651 4271 750 4333 forma
778 4270 896 4333 dictum
928 4268 1190 4332 66116166111666
1213 4289 1284 4331 cum

92 4379 336 4460 intellegeretur
368 4376 458 4456 quasi
492 4375 524 4436 16
553 4373 746 4436 6611161666·
781 4393 888 4455 66666
919 4374 1004 4436 enim
1039 4370 1196 4435 barbarus
1231 4372 1284 4434 illo

90 4502 195 4546 sermo
217 4480 259 4544 ab
282 4478 437 4543 eiusmodi
461 4479 537 4540 vitio
559 4477 722 4539 abhorret.
