3240 5094
322 345 397 418 460
616 359 704 418 lnnrx
728 376 893 420 trcrrouvtr
917 377 1103 422 utmorem
1120 327 1215 420 tata.

320 547 404 609 foras
432 541 554 632 [θύραζε
576 567 608 607 ν.
634 547 706 628 359)
740 546 860 608 adferri
889 547 1001 610 iubent
1029 548 1159 611 aliunde
1182 547 1327 611 adfertur
1353 565 1442 627 quam
1462 567 1496 608 ex

320 649 443 712 urbana
474 649 577 712 domo.
630 668 703 710 mox
734 649 819 710 enim
847 650 1044 732 Dicaeopoiis
1076 651 1240 732 Euripidis
1269 650 1397 713 domum
1427 651 1498 731 petit

322 771 449 834 eoque,
465 763 500 815 ut
517 750 667 832 adparet,
693 761 763 832 post
785 771 902 833 pancos
923 771 1036 834 passus
1058 756 1225 834 pervenit:
1252 751 1497 834 repraesentabat

320 865 426 918 autem
454 873 567 918 scaena
596 851 736 917 urbanas
764 855 872 917 domos
901 854 1132 937 Dicaeopolidis
1160 854 1326 936 Euripidis
1353 855 1496 916 lamachi.

321 959 468 1021 nolumus
498 975 649 1020 enarrare
679 967 756 1037 quot
786 956 888 1018 modis
917 968 949 1020 et
971 977 1066 1039 quam
1089 957 1233 1020 mirificis
1254 959 1444 1038 interpretes
1464 975 1499 1017 ex

322 1063 373 1123 his
395 1059 636 1124 difficultatibus
658 1078 728 1121 sese
753 1060 906 1140 expedire
928 1063 1031 1124 conati
1056 1063 1137 1141 sint,
1168 1061 1224 1124 sed
1248 1061 1383 1125 duorum
1404 1070 1497 1122 temen

322 1164 485 1226 hominum
504 1164 670 1245 opiniones
685 1162 892 1226 confutandas
908 1183 978 1226 esse
993 1179 1176 1244 censemus,
1201 1166 1335 1227 alterius
1350 1163 1498 1243 diligentis

296 1267 490 1348 ascbrioque
514 1265 592 1328 alias
613 1266 734 1328 utentis
757 1254 901 1346 iudicio,'
924 1265 1057 1329 alterius
1079 1268 1111 1329 in
1134 1277 1203 1329 arte
1225 1267 1332 1329 nostra
1354 1265 1495 1347 primarii.

322 1368 580 1431 Schoenhornius
601 1369 687 1430 enim
711 1369 743 1430 in
766 1368 848 1431 libro
867 1388 963 1450 quem
987 1370 1027 1432 de
1042 1389 1155 1432 scaena
1172 1370 1363 1432 Graecorum
1385 1367 1497 1448 scripsit

321 1473 457 1535 aliorum
489 1474 664 1535 sententias
697 1472 772 1533 satis
806 1481 892 1535 recte
927 1472 1061 1552 refellit,
1097 1472 1216 1536 deinde
1248 1481 1354 1534 autem
1383 1491 1415 1552 p.
1443 1469 1492 1530 iil

321 1575 574 1654 Dicaeopolidem
598 1593 662 1637 non
685 1576 718 1635 in
740 1594 821 1655 pago
836 1595 893 1638 suo
908 1575 966 1640 sed
989 1578 1022 1638 in
1046 1577 1115 1657 ipsa
1137 1575 1218 1638 urbe
1234 1575 1352 1638 mistica
1365 1573 1497 1654 Dionysia

322 1677 486 1740 celebrare
516 1679 599 1740 velle
628 1679 753 1756 statuit,
785 1679 906 1759 quippe
935 1689 1077 1742 coactum
1105 1676 1200 1740 bello.
1246 1696 1311 1738 non
1332 1677 1430 1758 potnit
1450 1695 1497 1737 er-

322 1782 459 1861 cogitare
488 1781 574 1861 quod
596 1789 680 1842 esset
702 1779 885 1865 absurdius.
932 1800 1005 1843 nam
1029 1800 1106 1862 pace
1127 1799 1146 1842 a
1168 1779 1421 1842 Lacedaemoniis
1440 1779 1498 1859 pri-

321 1885 418 1945 vatim
436 1894 540 1964 empta
555 1884 751 1964 Dicaeopoiis
767 1903 801 1946 se
817 1881 857 1945 ab
872 1883 1020 1947 omnibus
1035 1882 1111 1946 belli
1133 1883 1285 1963 periculis
1299 1883 1497 1962 molestiisque

322 1986 516 2049 liberaverat
539 1996 570 2048 et
591 1987 687 2047 nimis
710 1988 818 2067 inepte
847 1985 969 2049 diceret
996 1985 1075 2048 illud
1104 1983 1183 2070 ἕκτῳ
1212 1979 1239 2047 c’
1266 1981 1329 2048 ἔτει
1355 1983 1497 2071 προσεῖπον

322 2088 354 2159 ἐς
382 2083 433 2152 τὸν
463 2088 558 2172 δῆμον
588 2082 686 2152 ἐλθών
717 2078 845 2170 depasce
873 2090 935 2150 nisi
965 2091 998 2150 in
1021 2106 1101 2169 pago
1125 2107 1199 2150 eum
1228 2089 1315 2168 loqui
1338 2085 1497 2168 putandum

323 2201 419 2254 esset.
450 2210 513 2252 non
529 2191 630 2272 potuit
647 2191 679 2252 in
695 2201 760 2253 tam
774 2209 960 2272 perversam
976 2192 1158 2273 opinionem
1170 2191 1315 2253 incidere
1322 2190 1496 2266 -lloeckhins,

323 2313 429 2374 neque
462 2303 568 2356 tamen
601 2291 731 2374 probari
762 2303 894 2375 possunt
928 2313 1009 2374 quae
1043 2293 1084 2356 de
1118 2313 1233 2356 scaena
1261 2291 1499 2356 Acharnensium

324 2398 452 2477 scripsit
482 2397 515 2457 in
546 2396 760 2477 disputatione
789 2396 831 2458 de
860 2399 992 2460 Lenaeis
1020 2417 1053 2478 p.
1086 2398 1121 2457 94
1164 2396 1232 2479 (Op.
1263 2405 1288 2457 t.
1314 2415 1332 2457 r
1360 2415 1391 2478 p.
1424 2395 1497 2476 llil,

322 2499 515 2582 ootdwendip
542 2507 638 2561 ceute
667 2499 723 2560 der
745 2499 880 2562 loodsitz
909 2500 961 2562 des
984 2498 1174 2581 Diloeopclis
1201 2501 1257 2562 mit
1276 2498 1334 2560 der
1354 2498 1435 2561 stadt
1452 2517 1501 2558 ru·

323 2620 460 2665 sammon
483 2601 544 2684 cus
560 2603 626 2663 dem
641 2601 822 2684 schouplotz
837 2603 1014 2685 dorqestellt
1028 2605 1110 2680 seio,
1136 2621 1169 2665 so
1191 2603 1266 2665 does
1288 2601 1345 2664 der
1360 2601 1430 2664 citor
1448 2597 1502 2662 istd

323 2705 513 2787 Dikceopclis
536 2704 597 2785 cus
614 2705 681 2766 dem
704 2705 819 2768 flectet·
840 2706 904 2768 siclt
926 2725 989 2768 aar
1009 2705 1062 2767 leit
1083 2705 1149 2767 uad
1169 2705 1226 2766 iret·
1247 2703 1399 2788 bsweptea
1424 2722 1501 2766 werra

324 2811 368 2871 sie
391 2827 458 2870 vom
481 2807 572 2869 londo
601 2809 632 2868 ic
661 2807 709 2869 die
736 2807 819 2870 stadt
848 2808 921 2870 oder
942 2807 1116 2891 umyeleltrt
1135 2810 1272 2890 pieoqea.
1320 2808 1408 2888 atqui
1429 2825 1502 2868 ccm-

324 2912 497 2974 meantium
525 2911 608 2973 ultro
638 2911 780 2990 citroque
810 2910 898 2973 chori
921 2911 1138 2972 inorchestra
1162 2921 1193 2972 et
1216 2911 1249 2970 in
1271 2909 1434 2990 proscenio
1454 2909 1503 2970 lli·

324 3013 517 3094 oacopolidis
545 3031 651 3093 neque
680 3013 781 3075 nilum
810 3033 946 3094 usquam
969 3023 1018 3083 est
1042 3015 1074 3074 in
1097 3012 1207 3074 verbis
1231 3031 1340 3074 eorum
1364 3011 1502 3074 indicium

329 3117 420 3198 (nihil
443 3126 549 3179 autem
571 3117 638 3178 fere
662 3116 696 3176 lit
719 3117 751 3177 in
775 3117 965 3178 Graecorum
989 3115 1160 3196 tragoediis
1181 3114 1416 3195 comoediisque
1436 3113 1501 3194 cuin

326 3221 396 3282 fieri
427 3220 521 3282 simul
550 3217 710 3280 indicetur
737 3219 887 3300 oratione)
905 3237 1029 3298 nequo
1059 3237 1131 3281 cum
1162 3237 1179 3280 e
1210 3217 1302 3278 domo
1324 3215 1502 3296 Dicaeopoiis

324 3343 356 3384 v.
375 3324 432 3384 ill
462 3321 568 3403 prodit
583 3331 815 3383 commeaverat
829 3331 921 3383 antea
937 3322 970 3383 in
986 3321 1151 3401 proscenio
1168 3339 1209 3382 ex
1224 3318 1308 3381 urbe
1330 3320 1363 3380 in
1387 3335 1499 3399 pagum,

324 3424 383 3488 scd
406 3443 447 3486 ex
470 3424 581 3486 eadem
604 3421 696 3485 domo
720 3422 825 3504 prodit
848 3426 881 3485 in
904 3442 999 3504 quam
1022 3442 1057 3486 se
1074 3429 1240 3504 receperat
1255 3431 1420 3502 postquam
1435 3419 1502 3482 dixit

325 3548 356 3589 v.
382 3528 441 3590 204
468 3522 529 3610 ἐγώ
553 3523 587 3589 δὲ
607 3524 741 3608 πολέμου
763 3523 816 3590 καὶ
838 3527 940 3589 idedu
963 3519 1148 3608 ἀπαλλαγεὶς
1161 3515 1236 3595 'Aeo
1258 3518 1296 3587 τὰ
1317 3519 1384 3587 κατ’
1409 3516 1503 3607 ἀγροὺς

326 3625 429 3695 εἰσιὼν
452 3623 613 3706 Διονύσια,
643 3648 713 3691 eam
735 3639 840 3692 autem
864 3627 993 3690 domum
1016 3629 1233 3691 intelleximus
1256 3645 1327 3690 esse
1350 3626 1501 3690 urbanam.
1603 3665 1604 3690 t

324 3753 387 3796 non
412 3735 532 3814 patitur
553 3743 657 3794 autem
680 3741 716 3794 nt
739 3733 832 3794 aliter
858 3733 1109 3813 interpretemur·
1138 3731 1205 3812 ipsa
1228 3729 1342 3792 Graeci
1364 3727 1503 3792 sermonis
1603 3739 1604 3758 t

327 3839 423 3898 ratic:
457 3854 529 3896 nam
561 3855 633 3898 cum
656 3828 758 3897 εἰσιών
782 3834 861 3896 nihil
884 3833 925 3896 sit
947 3833 1037 3897 aliud
1059 3852 1154 3914 qnam
1177 3833 1298 3895 domum
1321 3835 1455 3908 macru,
1482 3829 1503 3890 si
1603 3891 1604 3922 ᾖ

326 3940 477 4001 msticam
500 3938 627 4000 domum
651 3947 742 4019 pocta
766 3935 891 3998 volebat
913 3936 1056 4018 intellegi
1080 3934 1220 3998 debebat
1240 3935 1363 4016 aliquid
1385 3932 1500 3996 addere.

325 4061 408 4123 quae
432 4060 504 4103 cum
527 4043 569 4102 ita
592 4042 672 4119 sint,
698 4038 832 4121 adparet
850 4040 945 4102 aliter
960 4059 1027 4101 rem
1044 4038 1278 4120 expediendam
1294 4057 1378 4101 csse.
1416 4043 1501 4118 potest

324 4156 432 4207 autem
448 4143 595 4224 expediri
615 4143 764 4205 facillime
786 4141 921 4204 simodo
936 4144 1086 4223 antiquae
1100 4142 1178 4204 artis
1195 4143 1263 4204 sive
1285 4141 1500 4223 simplieitatem
1603 4123 1604 4166 ³

324 4250 394 4310 sive
417 4248 582 4310 infantiam
605 4256 691 4309 recte
705 4251 899 4326 'reputamus
921 4246 1131 4324 nolumusquc
1154 4245 1187 4307 in
1203 4243 1359 4306 scaenicis
1374 4252 1499 4306 vetemur

325 4351 441 4414 fabulis
456 4351 586 4413 anxium
609 4348 689 4412 illud
712 4359 744 4411 et
763 4349 924 4410 novicium
946 4347 1102 4409 illusionis
1125 4363 1220 4426 quam
1243 4343 1356 4408 dicunt
1377 4343 1498 4426 studium

325 4473 481 4536 quaerere
515 4471 579 4534 quo
613 4462 742 4516 curatur
775 4469 888 4530 magno
920 4449 1076 4531 adparatu
1110 4449 1298 4529 ingentique
1325 4457 1447 4528 sumptu
1471 4449 1497 4504 ut
