3184 5108
365 404 456 465 Ιιωιι
478 420 642 466 ιιατιοιιιιι
665 422 844 466 merirum
871 403 964 463 4863.
1012 481 1017 486 ¹
1187 387 1257 458 221

85 589 151 671 mod
171 609 238 652 arm
255 590 437 652 Theoderico
458 595 630 654 meracam
650 589 772 672 suisset,
801 589 1034 653 Tbeudebcrtam
1053 589 1151 669 filiam
1172 607 1262 651 suum

85 713 141 756 arm
160 712 269 778 maqao
291 697 431 757 mercica
453 697 486 756 ia
508 694 570 756 illis
589 693 731 775 partibas
753 695 907 776 dirigens:
935 694 989 774 oui
1008 710 1191 774 consequens
1212 711 1262 754 eos

83 799 218 878 monaca
238 816 307 859 aem
321 799 364 861 cis
379 797 470 858 came
491 799 633 858 marimo
647 804 735 878 atquc
758 799 832 878 ipsas
851 798 1018 878 prostratis
1040 813 1141 878 regem
1158 814 1263 857 coram

84 899 229 982 interfecit,
251 900 403 982 praedam
426 901 494 962 tulit
515 907 543 962 et
565 901 597 961 ia
617 908 732 962 terram
755 917 844 961 acam
866 901 1007 962 restituit.
1048 898 1164 960 similia
1186 917 1262 960 nar-

85 1012 197 1065 raverat
218 1004 389 1082 Gregorius
412 1005 605 1065 Turonensis
626 1021 660 1064 ιιι
683 1004 715 1082 3,
739 1003 786 1064 itis
808 1004 900 1085 gestis
922 1003 1006 1064 Dari
1026 1020 1095 1064 cam
1116 1019 1186 1085 rcyc
1208 1020 1262 1064 sua

84 1109 189 1168 camiac
218 1104 424 1168 Ghodiiiaicbo
458 1113 561 1168 evectu
596 1107 707 1167 novali
737 1124 796 1186 per
831 1123 917 1167 mare
948 1105 1066 1166 Gallias
1103 1113 1258 1186 appetunt.

84 1211 240 1291 eyrassimtc
268 1209 310 1270 ad
337 1217 439 1270 terras
464 1228 579 1291 maara
599 1227 695 1270 naum
724 1207 761 1269 de
785 1208 960 1270 Theoderici
987 1207 1147 1270 devastarat
1174 1215 1263 1288 atque

83 1312 235 1391 maducat,
260 1313 453 1392 oneratisque
481 1311 613 1374 mribus
644 1320 706 1374 tam
735 1312 772 1372 dc
794 1313 922 1393 captivis
953 1329 1043 1392 quam
1073 1311 1109 1372 de
1135 1311 1262 1392 reliquis

83 1415 176 1494 spatiis
197 1416 314 1476 reverti
334 1413 376 1476 ad
395 1416 533 1496 patriam
561 1417 698 1497 capiunt.
745 1415 798 1477 scd
820 1433 882 1476 rear
902 1432 1007 1476 coram
1034 1417 1067 1475 ia
1089 1414 1161 1476 litus
1182 1415 1263 1476 rcci-

83 1517 177 1596 dcbat,
216 1517 309 1578 doacc
336 1535 431 1580 naves
460 1517 555 1580 altum
584 1537 672 1580 mare
699 1518 998 1599 comprehenderent,
1031 1519 1094 1597 ipse
1122 1517 1262 1598 Maceps

82 1629 240 1682 secaturus.
287 1619 367 1701 meod
388 1638 457 1682 crem
482 1620 658 1683 Theoderico
676 1621 887 1683 decurtatam
907 1621 1026 1703 fuisset,
1051 1619 1130 1702 quad
1151 1621 1264 1682 scilicet

82 1726 153 1804 regia
174 1725 239 1786 cius
258 1723 356 1806 satem
377 1723 416 1784 ab
431 1723 775 1802 casamassancia,
805 1723 1035 1786 Tbeadcbertum
1053 1723 1151 1804 filiam
1173 1741 1262 1785 cuam

82 1827 108 1884 ir
129 1827 196 1889 iitas
215 1833 322 1907 partes
344 1844 413 1888 cum
434 1827 537 1889 aalide
566 1829 704 1890 emcrcitu
733 1847 771 1889 ac
796 1846 905 1910 mayoc
927 1845 1085 1890 armorum
1107 1835 1262 1908 apparatu

81 1929 199 1991 atr-emt.
245 1931 299 2011 qui
319 1930 474 2013 interfecto
495 1948 566 2012 rege
586 1929 684 1992 bootes
706 1931 814 1992 mooli
838 1932 954 2013 proelio
976 1937 1135 2012 superatos
1157 1933 1262 2010 oppri-

82 2034 127 2093 mit
146 2051 318 2114 aramque
339 2034 484 2115 rapinam
506 2041 609 2094 terrac
629 2035 769 2097 restituit.
818 2044 940 2097 certum
961 2044 1009 2095 ast
1032 2032 1171 2096 eundem
1193 2053 1262 2094 esse

82 2135 261 2214 iiygeiaoum
290 2155 386 2216 quem
415 2136 608 2213 baovulfias,
647 2155 776 2198 carmen
798 2135 1101 2216 anglosaxonicam,
1135 2137 1262 2216 saepius

80 2247 292 2301 commemorat
315 2257 476 2320 quemque
505 2239 548 2302 ab
570 2241 742 2302 Hattuariis
765 2241 883 2302 victum
912 2250 943 2302 et
966 2238 1168 2302 interfectum
1192 2258 1262 2300 esse

80 2351 179 2403 narrat
202 2361 232 2404 v.
252 2342 336 2403 5849
354 2361 396 2404 ss.
443 2342 484 2405 de
507 2361 570 2422 qua
593 2352 779 2423 repraeter
807 2343 884 2405 alios
908 2343 990 2405 dixit
1012 2341 1263 2406 Muelienhoifius

84 2441 227 2519 [remur.
242 2445 269 2528 s.
288 2445 319 2507 d.
338 2447 392 2508 ait.
410 2464 439 2507 ιι
463 2465 495 2526 p.
515 2445 603 2530 tat).
651 2445 736 2508 idem
759 2446 891 2508 fortasse
912 2455 960 2508 est
981 2446 1144 2526 flagiciis,
1170 2445 1263 2506 Suio-

78 2565 148 2608 num
170 2567 239 2627 rex,
264 2548 306 2611 de
329 2567 393 2629 quo
415 2550 533 2611 Snorro
556 2559 664 2611 narrat
692 2547 957 2632 (Krmuago-sayur
979 2548 1018 2630 as
1034 2549 1156 2610 Saorro
1172 2549 1263 2610 Stur-

78 2649 174 2730 tasyni
193 2671 226 2732 p.
246 2652 286 2715 29
310 2651 362 2714 ed.
381 2651 482 2712 Halm.
500 2671 529 2712 a.
551 2653 663 2732 tarot:
696 2671 889 2733 quamquam
911 2655 937 2714 si
962 2651 1046 2714 idern
1065 2663 1122 2731 est,
1149 2651 1263 2712 famam

78 2752 233 2816 confusam
255 2763 287 2816 et
309 2753 508 2818 obscuratam
530 2774 601 2817 esse
623 2754 765 2836 adparet.

126 3027 260 3092 LIBER
281 3027 599 3096 MONSTRORVM
623 3029 683 3094 DE
704 3027 911 3094 DIVERSIS
934 3027 1203 3096 GENERIBVS.

653 3179 676 3238 1.

222 3298 251 3358 t.
284 3297 330 3358 De
349 3298 469 3360 occuito
489 3295 575 3359 orbis
597 3307 755 3359 terrarum
779 3297 840 3360 situ
861 3299 1059 3380 interrogasti
1078 3310 1110 3362 et
1129 3301 1155 3362 si
1176 3311 1262 3363 tanta

157 3410 371 3462 monstrorum
386 3410 493 3462 assent
516 3420 633 3480 genera
650 3400 810 3463 credenda
827 3412 943 3481 quanta
966 3403 998 3462 in
1014 3401 1133 3465 abditis
1152 3404 1260 3466 mundi

96 3499 113 3556 5
155 3503 302 3581 partibus
324 3502 527 3583 perdeserta
542 3513 573 3566 et
587 3504 703 3566 Oceani
729 3504 850 3565 insulas
868 3514 899 3565 et
918 3507 951 3565 in
969 3506 1153 3568 ultimorum
1173 3526 1263 3569 mon-

155 3606 236 3668 tium
259 3605 392 3668 latebris
414 3609 533 3669 nutrita
556 3616 784 3686 monstrantur,
816 3617 848 3668 et
870 3608 1042 3688 praecipue
1067 3608 1108 3670 de
1131 3611 1181 3672 bis
1203 3612 1263 3672 tri-

155 3707 218 3771 bus
241 3707 329 3770 orbis
351 3719 455 3772 terrae
487 3709 660 3792 generibus
685 3709 879 3792 respondere
901 3709 1034 3791 petebas
1057 3732 1137 3794 quae
1161 3716 1263 3775 maxi-

157 3831 244 3875 mum
275 3811 454 3874 formidinis
483 3823 638 3876 terrorem
662 3814 797 3876 humano
820 3816 930 3894 generi
958 3816 1133 3895 incutiunt,
1165 3827 1199 3878 ut
1221 3816 1262 3877 de

155 3917 365 3978 monstruosis
394 3917 555 3979 hominum
587 3915 743 3996 partubus
764 3915 982 3981 describerem
1005 3929 1036 3980 et
1059 3919 1100 3980 de
1123 3917 1262 3980 ferarum

79 4016 113 4076 to
157 4017 368 4080 horribilibus
400 4021 642 4099 numerosisque
677 4019 851 4082 bestiarum
889 4019 997 4082 formis
1027 4031 1058 4083 et
1088 4020 1261 4084 draconum

159 4273 183 4319 t.
210 4269 308 4334 incipit
334 4267 404 4319 liber
427 4271 609 4318 monstrorum
638 4267 703 4330 (crat
727 4271 938 4334 monstruosum)
965 4269 999 4320 de
1020 4271 1137 4322 diuersis
1155 4274 1262 4336 generi-

79 4347 125 4402 bus
141 4354 171 4405 Δ.
264 4358 288 4406 t.
307 4353 397 4404 oculto
415 4354 444 4404 Δ.
534 4357 560 4404 t.
579 4353 667 4403 aciani
686 4351 787 4404 insitas
805 4353 835 4402 Δ.
926 4359 950 4406 a.
971 4357 1123 4419 narrator.
1144 4359 1174 4408 Α.

80 4441 101 4487 7.
121 4439 298 4504 mponderi‘t
395 4443 421 4490 s.
441 4440 601 4489 monstrosis
619 4451 679 4488 corr
696 4441 726 4490 t.
809 4437 931 4503 partibus
949 4442 979 4491 Α.
1083 4448 1122 4493 tt.
1144 4444 1262 4496 orribili-

79 4520 125 4573 bus
142 4527 170 4576 Δ.
