3240 5094
429 400 517 460 lsosx
540 417 705 461 ascalonus
728 415 912 461 amassenus,
928 395 1021 457 tall.
1176 468 1181 475 ι
1244 381 1318 454 505

128 587 241 652 laudes
264 587 342 650 dioit
360 589 501 650 Valentis
522 588 639 669 pmbra
662 587 811 649 inmania.
852 586 1007 667 respondit
1029 589 1194 668 imperator
1217 605 1321 667 nuper

130 701 216 756 reale
240 694 393 774 scriptum
417 702 476 754 est.

217 797 293 877 Cap.
319 796 394 856 523
425 796 523 858 oratio
552 797 594 857 ita
618 792 839 856 videturesse
863 793 1067 874 integranda,
1099 813 1171 876 ptos
1194 796 1320 856 scierttcs

124 899 261 980 forsitan
282 899 478 962 admonemus
501 899 579 961 hanc
600 897 748 960 eohortem
771 905 800 959 et
817 897 900 978 facto
921 891 1050 984 (essese)
1066 904 1094 960 et
1109 897 1247 979 evemplo
1262 897 1320 960 ad-

129 1021 264 1066 versam.

217 1107 293 1187 Cap.
319 1106 373 1166 65
399 1106 477 1168 haec
507 1106 693 1184 vulgantur,
727 1105 853 1186 stenima
877 1103 1038 1166 Gabinium
1067 1122 1167 1186 repam
1189 1125 1227 1166 ne
1248 1105 1321 1186 quid

128 1216 297 1270 novaretur
326 1209 453 1272 modeste
480 1216 647 1290 poscentem
676 1217 710 1270 ut
739 1208 929 1270 adsensurus
958 1207 1145 1272 humanitate
1175 1209 1321 1272 annulata

127 1331 197 1374 acm
219 1313 290 1374 alios
313 1313 548 1374 ad-convivc'um
569 1312 763 1396 concoquant:
787 1330 874 1394 quem
896 1311 1112 1394 diprcdientcm
1133 1319 1199 1393 post
1213 1313 1320 1394 unctas

127 1415 288 1496 hospitalis
310 1415 402 1497 officii
420 1417 579 1504 sanctitate
600 1415 720 1497 nefarie
741 1416 855 1479 violata
877 1414 1031 1476 trucidari
1050 1433 1191 1478 securum
1211 1416 1318 1498 effecit.

128 1527 307 1598 postrema,
333 1521 366 1580 in
390 1517 508 1601 quihus
530 1518 697 1582 Fuldcnsis
720 1518 803 1580 liher
825 1517 912 1599 efficit
936 1516 1046 1598 habet,
1071 1538 1135 1580 non
1160 1520 1320 1600 intellegi-

130 1641 213 1686 mus.
260 1621 418 1686 Ammieni
450 1641 518 1686 esse
542 1622 671 1686 videtur
692 1621 846 1684 trucidari
866 1639 973 1684 sueves
994 1639 1087 1682 sacis.
1135 1624 1321 1704 scripsimus

130 1743 193 1788 non
217 1728 327 1802 securi,
353 1726 410 1790 sed
431 1745 547 1802 sectere,
573 1727 721 1808 quoniam
737 1728 868 1790 mulatio
885 1726 926 1788 ita
942 1726 976 1786 ht
991 1725 1096 1806 paullo
1112 1725 1317 1806 probabilior.

129 1828 249 1892 habent
272 1849 342 1892 eam
365 1831 496 1892 insnum
518 1849 588 1892 cum
605 1829 657 1890 alii
674 1839 740 1892 tum
756 1827 910 1910 Apuleius
925 1831 997 1890 hlet.
1016 1847 1069 1891 uu
1085 1831 1125 1892 30
1144 1829 1320 1910 probatque

130 1933 322 1996 Consentius
345 1935 377 1996 in
401 1933 477 1996 Arte
500 1953 533 2016 p.
559 1933 655 1994 9038.

218 2035 310 2098 Libro
333 2057 388 2098 xxx
410 2040 465 2099 23
490 2038 567 2100 haec
590 2035 705 2098 tradita
726 2047 810 2116 sunt,
834 2037 964 2120 plurioso
977 2037 1130 2118 proposito
1145 2039 1321 2100 contrariae

131 2140 213 2222 repis
244 2139 362 2202 luterus
389 2139 483 2202 hicme
511 2141 575 2202 mm
596 2149 735 2203 eaetrcma
754 2141 894 2222 perlatae
916 2147 988 2202 suut
1009 2157 1092 2201 vona
1114 2141 1271 2202 causantis
1293 2147 1321 2202 et

129 2243 267 2305 tumida:
291 2243 455 2307 adseverat
476 2245 555 2306 enim
576 2264 637 2305 non.
656 2262 745 2325 posse
766 2244 884 2307 semina
905 2243 1055 2305 radicitus
1078 2244 1235 2324 amputari
1255 2242 1321 2306 dis·

129 2346 307 2408 cordianum
330 2349 392 2408 nisi
413 2349 644 2410 intervenissent
665 2349 778 2410 conscii
797 2347 883 2428 pacis
902 2346 1077 2428 foederatae
1098 2365 1165 2408 cum
1182 2347 1318 2426 loviano,

129 2467 260 2532 quarum
282 2451 399 2533 olmuos
422 2451 485 2513 vita
507 2450 657 2514 didicerat
679 2451 869 2514 abscessisse.
918 2469 980 2512 non
1004 2449 1102 2512 debet
1117 2449 1245 2531 probari
1262 2449 1321 2512 cd·

129 2561 253 2618 severat
285 2552 371 2635 quod
400 2551 566 2616 Fuldensis
599 2553 683 2617 liber
715 2551 822 2616 hahet.
876 2554 1074 2634 scripserunt
1107 2552 1317 2616 adseverabat.

130 2668 187 2720 aut
215 2658 273 2718 hac
302 2655 523 2739 recipiendum
554 2667 602 2718 est
630 2667 683 2718 aut
713 2655 856 2718 adhibita
879 2657 1062 2720 mutationis
1084 2675 1202 2737 genere
1225 2675 1320 2738 saepe

131 2761 312 2824 necessaria
334 2779 508 2824 cessasses.

218 2864 295 2945 Cap.
321 2865 376 2924 86
399 2863 604 2926 scribendum
624 2881 693 2925 esse
709 2861 837 2926 videtur
852 2862 925 2926 haec
937 2862 1072 2944 forsitan
1094 2863 1321 2928 Valentinianus

130 2969 278 3051 ipsoram
307 2969 487 3049 minimeque
516 2974 663 3048 reputans
693 2964 973 3045 addictissimus
996 2974 1094 3030 status
1117 2986 1235 3049 senoper
1257 2987 1322 3032 esec

131 3071 327 3134 leudosdinem
354 3071 529 3153 princepum
555 3087 671 3151 poenas
690 3087 748 3149 per
770 3071 854 3152 ipsses
877 3070 1005 3153 aupehat
1027 3077 1055 3133 et
1075 3071 1213 3153 pladim:
1244 3071 1322 3154 quod

131 3175 271 3238 ultimum
295 3175 327 3236 in
350 3173 491 3236 adversis
512 3173 604 3236 rebus
626 3173 792 3235 renudium
811 3175 910 3254 pictas
933 3176 1068 3256 repperit
1088 3177 1255 3254 maiarum,
1289 3182 1322 3236 ut

132 3279 278 3341 Isocratis
313 3285 459 3340 nummu
486 3276 697 3358 pulchritudo,
734 3277 820 3338 cutus
849 3294 914 3338 voca
942 3287 987 3342 est
1013 3285 1163 3359 perpetua
1190 3279 1321 3340 domatis

130 3381 247 3464 ipnosci
272 3380 379 3443 dehere
409 3381 561 3443 interdum
589 3380 686 3442 armis
708 3388 851 3461 snperato
873 3383 986 3444 rectori
1007 3401 1091 3454 assos
1115 3383 1228 3444 iustum
1249 3383 1322 3464 quid

131 3485 172 3548 sit
193 3485 358 3568 ipimranti.
406 3485 439 3546 in
462 3483 544 3546 libro
560 3482 708 3546 huldensi
731 3492 780 3546 est
800 3483 912 3546 solacia
927 3491 1067 3546 statutam
1079 3503 1212 3566 parasse,
1239 3504 1320 3566 quoa

131 3588 259 3669 egregie
275 3589 414 3650 correxit
429 3586 596 3650 Gelenius:
622 3595 783 3668 praestare
799 3597 906 3650 umen
922 3586 1051 3650 videtur
1065 3587 1210 3651 solacium
1226 3607 1320 3668 quam

130 3690 218 3772 quod
240 3691 367 3772 scripsit
388 3691 514 3754 solacia.
561 3699 627 3752 tum
653 3692 684 3751 in
706 3692 798 3772 quasi
811 3692 1003 3753 mutavimus
1017 3709 1119 3772 meam,
1145 3691 1230 3772 quad
1246 3711 1321 3754 sen-

131 3794 231 3856 tentia
261 3813 323 3856 non
353 3793 502 3858 admittit.
550 3792 684 3856 eandem
715 3792 970 3857 emendationem
999 3793 1141 3858 Valesius
1172 3793 1245 3856 lecit
1274 3815 1321 3856 svo

134 3898 172 3958 lo
192 3901 228 3958 l·:
254 3916 447 3980 quamquam
469 3916 532 3959 non
555 3895 783 3960 intercedimus
806 3899 831 3958 si
856 3899 929 3978 quis
949 3898 1137 3978 praetulerit
1152 3896 1322 3977 utrobique

132 4009 298 4083 tamquam.
345 4011 487 4064 ceterum
515 3999 706 4063 mirabiliter
727 4001 824 4064 lalsus
847 4010 896 4063 est
917 3999 1061 4062 Valesius
1082 4019 1154 4062 cum
1178 4000 1322 4064 isocratis

132 4106 323 4168 sententiam
353 4103 414 4166 sihi
444 4105 533 4168 visus
562 4115 611 4166 est
639 4106 800 4166 invenisse
830 4104 862 4166 in
886 4104 1112 4165 Panathenaico
1135 4104 1321 4185 putavitque

132 4208 246 4270 similia
276 4225 346 4270 esse
375 4227 456 4289 quae
488 4209 581 4291 plane
607 4217 681 4270 sunt
704 4207 881 4270 dissimilia.
929 4207 1026 4270 multa
1050 4205 1236 4270 locabantur
1258 4209 1322 4269 lsa-

133 4311 228 4374 cratis
255 4311 536 4392 apophthegmata,
569 4312 651 4374 intes
679 4330 759 4392 quae
791 4309 994 4374 referendum
1018 4330 1087 4373 csso
1111 4309 1322 4393 videturque

132 4413 318 4478 Ammianus
340 4416 450 4477 utitur.

220 4517 313 4581 Libro
340 4537 407 4582 ms
433 4519 444 4579 l
474 4521 491 4580 l
522 4519 641 4600 legitur
667 4517 773 4600 opsita
800 4519 981 4602 mapaliensi
1009 4519 1138 4601 conluta
1166 4519 1321 4582 menimis
