3204 5104
393 364 481 426 lnarx
503 381 669 426 osortonrrr
692 363 985 426 interclusisse.
1207 350 1282 422 347

181 553 264 614 llisit
276 554 316 613 ll.
332 552 446 614 Caesar
459 555 604 616 Frontoni
621 554 795 634 orationem
812 553 881 614 eius
897 571 953 616 sua
968 572 1064 616 manu
1080 554 1283 636 descriptam.

103 654 171 716 hinc
192 673 308 718 novam
331 655 383 718 ille
407 657 492 736 capit
519 655 655 717 laetitiae
686 656 793 718 multis
821 654 929 718 verbis
959 655 1168 720 declarandae
1196 677 1287 720 ocea-

100 759 215 821 sionem
239 755 360 838 (eadem
376 778 409 839 p.
430 759 494 842 tor.
535 760 687 822 enimvero
709 759 813 839 inquit
835 757 942 840 quidus
958 777 1009 843 epo
1028 760 1174 842 pendium
1189 779 1287 823 mom

103 859 196 924 cerdis
225 863 403 944 exprimere
426 865 541 944 possim
571 861 650 943 qnod
676 862 842 924 orationem
869 863 959 924 istem
988 879 1083 925 mecm
1114 870 1167 925 too
1194 882 1287 926 monn

101 963 281 1046 descriptam
304 965 415 1028 misidi
435 965 530 1027 indi?
552 979 659 1027 verum
681 972 726 1027 est
743 963 877 1045 profecto
900 966 978 1046 prod
1000 967 1045 1028 eit
1065 973 1167 1030 noster
1189 967 1287 1030 Lobe-

101 1068 164 1130 rius
179 1068 222 1129 od
237 1087 372 1130 amorem
393 1067 576 1131 iniciendum
591 1067 792 1130 deterrimento
814 1085 879 1130 esse
900 1069 1122 1148 deleromento,
1148 1069 1288 1152 beneficio

100 1177 196 1232 entem
211 1172 372 1253 veneficio,
397 1159 493 1253 neque
511 1171 618 1254 poculo
639 1178 694 1232 ont
708 1189 821 1234 veneno
843 1173 1001 1254 qaisquam
1016 1179 1133 1234 tontum
1146 1172 1288 1252 flammae

100 1273 139 1334 cd
166 1282 335 1336 omomrem
363 1277 539 1338 incussisset
558 1271 693 1358 proe[nt
714 1293 760 1336 me
782 1271 886 1358 deici]
904 1275 986 1356 soeto
1009 1275 1062 1338 boc
1083 1275 1238 1358 stupidum
1260 1283 1288 1338 et

101 1378 257 1439 attonitum
287 1377 413 1440 ordonn
442 1395 546 1440 amore
577 1385 626 1440 teto
648 1378 819 1442 reddidisti.
866 1377 1012 1441 adfirmat
1034 1379 1132 1440 Maius
1154 1387 1198 1440 tot
1221 1378 1287 1441 lere

100 1481 218 1566 litteras
240 1483 375 1562 periisse
397 1490 473 1562 quot
502 1482 572 1544 istis
594 1489 628 1544 nt
648 1500 695 1543 me
716 1481 800 1544 dulei
822 1479 1003 1562 restituit.*l
1051 1481 1094 1544 od
1121 1489 1288 1545 amatorem

100 1583 302 1647 lleindorlius
332 1604 402 1648 oum
432 1573 592 1647 absonum¹
624 1603 692 1647 esse
726 1583 867 1664 viderat,
905 1585 1068 1666 scripsisse
1099 1587 1308 1650 Frontonemt

100 1689 232 1750 coniecit
248 1695 364 1751 tentem
381 1687 522 1768 flammae
537 1689 579 1750 od
593 1707 727 1750 amorem
750 1687 913 1750 incussisse
927 1705 959 1750 se
970 1688 1126 1770 praedicet
1141 1697 1287 1771 promtum

100 1809 143 1852 me
160 1789 246 1874 sacto
267 1791 321 1855 boc
349 1801 484 1873 atquae
512 1801 675 1854 secuntur.
721 1790 761 1854 ad
785 1809 879 1872 quam
903 1791 1084 1872 opinionem
1107 1793 1286 1874 respexisse

100 1893 225 1958 videtur
249 1897 346 1958 Maius
368 1915 440 1959 eum
468 1892 718 1959 oblitteratamm
749 1895 942 1978 syllabarum
970 1895 1072 1975 spatia
1099 1894 1283 1974 definiebat,

99 2015 177 2078 quae
195 1997 398 2062 Heindorfius
420 1999 565 2061 excessit.
613 1998 654 2061 ad
676 2017 810 2061 omnem
832 1997 911 2060 illud
927 1996 1101 2061 Heindorfii
1124 2017 1185 2061 non
1201 1999 1287 2060 vitu-

100 2119 265 2180 peramus:
292 2100 348 2164 sed
371 2102 448 2164 latet
471 2101 601 2165 fortasse
624 2102 722 2166 aliud.
768 2111 872 2183 potest
894 2102 978 2164 enim
994 2103 1106 2163 Fronto
1121 2102 1286 2182 scripsisse

98 2221 189 2286 nepote
201 2206 310 2286 positio
326 2213 380 2268 ont
401 2223 513 2269 veneno
536 2207 825 2288 qutspnomtontnm
844 2205 989 2286 fiammae
1010 2223 1217 2268 anararoane
1239 2206 1287 2266 in-

98 2311 243 2372 cussisset
260 2318 374 2390 praeut
395 2318 431 2372 tu
446 2329 496 2372 me
511 2307 675 2391 benefacto
689 2309 742 2371 boc
758 2318 818 2371 etc.
843 2308 976 2390 praebet
998 2308 1076 2372 illud
1098 2307 1286 2370 vocabulum

100 2411 263 2473 Philoxeni
293 2412 348 2492 qui
379 2410 497 2474 dicitur
524 2412 642 2494 glossa,
674 2412 884 2475 odometorius
912 2403 1063 2498 ἐροπικὸς.
1111 2430 1174 2474 non
1202 2420 1287 2474 recte

98 2523 203 2577 autem
235 2513 435 2579 Heindorfius
469 2517 501 2578 in
530 2518 670 2578 oratione
699 2514 834 2577 liberius
867 2523 985 2578 structa
1018 2534 1082 2596 qua
1111 2522 1227 2577 tontum
1256 2523 1288 2576 et

94 2624 208 2698 proent
231 2619 408 2699 iunguntur
429 2619 542 2682 vitium
564 2621 694 2682 notavit.
742 2621 919 2682 incessisset
945 2619 1039 2681 etiam
1064 2628 1149 2680 reete
1172 2637 1206 2682 se
1230 2618 1287 2680 ha-

98 2721 167 2802 bet,
199 2720 234 2783 id
265 2729 313 2783 est
335 2722 412 2783 mihi
441 2723 600 2785 Frontoni.
647 2721 771 2785 Laberii
794 2721 893 2785 verba
915 2723 1071 2804 pervertit
1092 2720 1287 2784 Ribbeekius

97 2825 181 2886 Gom.
208 2827 276 2886 Lat.
302 2825 359 2886 rel.
378 2826 387 2867 ¹
409 2845 442 2906 p.
467 2825 542 2888 ibi.

183 2928 244 3008 Ep.
270 2927 310 2990 ad
332 2931 371 2990 ll.
391 2929 558 2992 Caesarem
574 2933 634 2992 nl
659 2950 691 3012 p.
710 2930 750 2991 35
775 2929 794 3014 [
796 2932 837 2994 25
853 2931 893 2992 N.
897 2927 917 3014 ]
940 2929 1018 2992 haee
1040 2929 1189 3009 legimus,
1213 2947 1287 2988 orm

98 3032 206 3093 tionem
223 3033 371 3093 antemio
393 3040 503 3094 senatu
525 3033 655 3096 recitabo
677 3036 816 3119 capitatis
839 3033 949 3096 ididns.
996 3049 1128 3115 poneres
1140 3030 1284 3111 sortasse,

97 3154 152 3196 cut·
175 3133 288 3198 torde?
316 3137 458 3216 waram
477 3153 530 3220 epo
552 3156 718 3220 nnmpnom
741 3139 876 3218 minum
899 3136 992 3217 officio
1015 3136 1154 3198 sollemni
1173 3151 1287 3217 pnopn

98 3238 182 3300 modo
208 3237 302 3321 fnnpi
325 3257 467 3320 propero.
514 3241 591 3302 satis
613 3239 778 3322 probabile
802 3248 850 3302 est
876 3237 959 3319 quod
983 3239 1121 3302 Orellius
1143 3237 1287 3300 seriben-

98 3339 173 3403 dum
197 3359 269 3404 esse
292 3343 417 3404 censuit
438 3361 495 3405 cnr
524 3351 586 3405 tam
612 3343 709 3407 tarde.
756 3352 863 3424 postea
887 3361 967 3415 ovar
990 3339 1194 3404 adiciendum
1217 3359 1286 3403 esse

98 3444 228 3508 videtur
250 3453 320 3525 post
342 3463 518 3527 nnmpoom.

183 3549 245 3628 Ep.
271 3565 305 3609 nr
328 3547 347 3609 'i
370 3569 403 3630 p.
425 3549 466 3612 52
489 3547 510 3632 [
511 3551 553 3612 id
569 3551 608 3612 N.
613 3547 633 3632 J
655 3551 694 3610 Μ.
721 3550 863 3611 Caesaris
886 3549 963 3609 haee
986 3557 1076 3627 sunt,
1100 3565 1151 3630 epo
1174 3566 1288 3631 pesp-oe

97 3651 185 3714 lodie
207 3672 229 3714 o
252 3655 378 3734 septimo
400 3652 433 3713 in
455 3653 560 3715 lectolo
582 3671 643 3716 non
664 3653 741 3715 adit
756 3653 831 3736 lepi:
855 3670 928 3714 nom
943 3648 1061 3722 εἰκόνας
1076 3649 1175 3714 decem
1189 3651 1288 3732 ferme

98 3756 254 3840 eopedioi.
300 3754 430 3819 videtur
456 3773 503 3818 sor
533 3757 637 3837 potius
667 3773 761 3837 quam
789 3756 848 3838 lepi
876 3743 1015 3835 reqdiri:
1050 3772 1123 3816 nam
1153 3773 1215 3816 non
1245 3755 1286 3818 de

97 3857 250 3939 legendo,
283 3856 340 3921 sed
367 3857 408 3920 de
437 3858 606 3922 scribendo
635 3861 686 3923 vel
714 3869 801 3921 certe
831 3857 871 3921 de
895 3857 1078 3922 meditando
1100 3879 1202 3922 sermo
1226 3868 1284 3922 est.

98 3963 247 4044 sequitur
275 3980 355 4024 nono
385 3971 411 4025 te
434 3965 547 4026 sociam
569 3971 596 4026 et
618 3963 763 4044 optionem
785 3961 860 4024 milri
880 3981 984 4026 sumo:
1014 3983 1086 4026 nom
1115 3957 1215 4024 minna
1238 3980 1287 4025 se-

98 4065 201 4128 cundo
235 4063 295 4146 snit
333 4067 364 4127 in
395 4066 603 4148 persequendo
634 4065 718 4128 milri.
776 4064 982 4130 scribendum
1016 4066 1144 4130 videtur
1176 4085 1284 4130 noras.
1355 4063 1362 4072 ’

100 4169 206 4250 pergit
228 4170 289 4246 ita,
322 4175 368 4231 est
388 4175 487 4232 antem
510 4169 589 4251 qood
610 4171 642 4232 in
665 4169 768 4232 insuto
790 4167 926 4231 Aenaria
952 4171 1035 4233 intns
1057 4172 1143 4234 taces
1166 4177 1225 4248 est,
1256 4171 1287 4232 in

98 4289 130 4332 eo
153 4272 225 4334 loeo
248 4271 455 4350 edecimata,
486 4279 514 4335 et
541 4291 576 4334 eo
611 4271 651 4354 (eo
674 4273 786 4334 vitium
816 4282 864 4334 est
887 4273 1083 4358 typographi)
1097 4272 1143 4356 ”l
1175 4291 1289 4356 peomne

184 4477 210 4537 *t
232 4423 390 4545 [insilii.
406 4519 411 4530 .
429 4475 434 4546 l
450 4491 480 4529 ar
499 4491 578 4530 moro
596 4479 676 4530 codex
694 4483 756 4530 teste
775 4478 967 4530 Stadcrnnndto.
971 4477 985 4546 J

168 4562 211 4628 ”l
232 4562 344 4632 [Vitium
363 4571 400 4616 est
417 4563 536 4632 codicis}
