<?xml version="1.0" encoding="UTF-8"?>
<!DOCTYPE html PUBLIC "-//W3C//DTD XHTML 1.0 Transitional//EN"
    "http://www.w3.org/TR/xhtml1/DTD/xhtml1-transitional.dtd">
<html xmlns="http://www.w3.org/1999/xhtml" xml:lang="en" lang="en">
 <head>
  <title>
</title>
<meta http-equiv="Content-Type" content="text/html;charset=utf-8" />
  <meta name='ocr-system' content='tesseract 3.04.00' />
  <meta name='ocr-capabilities' content='ocr_page ocr_carea ocr_par ocr_line ocrx_word'/>
</head>
<body>
  <div class='ocr_page' id='page_1' title='image "./mavriciihavptii00haupgoog/mavriciihavptii00haupgoog_0431.png"; bbox 0 0 3240 5094; ppageno 0'>
   <div class='ocr_carea' id='block_1_1' title="bbox 346 409 1236 491">
    <p class='ocr_par' dir='ltr' id='par_1_1' title="bbox 346 409 1236 491">
     <span class='ocr_line' id='line_1_1' title="bbox 346 409 1236 491; baseline 0.002 -5"><span class='ocrx_word' id='word_1_1' title='bbox 346 409 421 488; x_wconf 83' lang='grc'>418</span> <span class='ocrx_word' id='word_1_2' title='bbox 640 424 727 490; x_wconf 77' lang='lat' dir='ltr'><strong>{anax</strong></span> <span class='ocrx_word' id='word_1_3' title='bbox 750 443 913 490; x_wconf 78' lang='grc' dir='ltr'>ιευτιοιιιιι</span> <span class='ocrx_word' id='word_1_4' title='bbox 936 443 1119 491; x_wconf 83' lang='grc' dir='ltr'>ιιιιιεκιιιιινιι</span> <span class='ocrx_word' id='word_1_5' title='bbox 1143 423 1236 488; x_wconf 77' lang='grc'><strong>4869.</strong></span> 
     </span>
    </p>
   </div>
   <div class='ocr_carea' id='block_1_2' title="bbox 317 609 1517 3187">
    <p class='ocr_par' dir='ltr' id='par_1_2' title="bbox 432 609 1515 701">
     <span class='ocr_line' id='line_1_2' title="bbox 432 609 1515 701; baseline -0.006 -21"><span class='ocrx_word' id='word_1_6' title='bbox 432 613 541 690; x_wconf 86' lang='grc' dir='ltr'>Νεῖλος</span> <span class='ocrx_word' id='word_1_7' title='bbox 563 613 579 681; x_wconf 84' lang='grc' dir='ltr'>δ</span> <span class='ocrx_word' id='word_1_8' title='bbox 601 611 759 701; x_wconf 85' lang='grc' dir='ltr'>λεγόμενος</span> <span class='ocrx_word' id='word_1_9' title='bbox 774 612 859 701; x_wconf 87' lang='grc' dir='ltr'>Γηιύν</span> <span class='ocrx_word' id='word_1_10' title='bbox 881 617 916 680; x_wconf 87' lang='grc' dir='ltr'>ἑκ</span> <span class='ocrx_word' id='word_1_11' title='bbox 937 619 990 681; x_wconf 83' lang='grc' dir='ltr'>ταδ’</span> <span class='ocrx_word' id='word_1_12' title='bbox 1013 610 1105 682; x_wconf 80' lang='grc' dir='ltr'>αὐτοῦ</span> <span class='ocrx_word' id='word_1_13' title='bbox 1122 613 1307 700; x_wconf 75' lang='grc' dir='ltr'>παραδείσου</span> <span class='ocrx_word' id='word_1_14' title='bbox 1326 609 1436 700; x_wconf 77' lang='grc' dir='ltr'>προϊὼν</span> <span class='ocrx_word' id='word_1_15' title='bbox 1458 611 1515 696; x_wconf 86' lang='grc' dir='ltr'>μίαν</span> 
     </span>
    </p>

    <p class='ocr_par' dir='ltr' id='par_1_3' title="bbox 428 710 1517 910">
     <span class='ocr_line' id='line_1_3' title="bbox 430 710 1516 806; baseline -0.004 -22"><span class='ocrx_word' id='word_1_16' title='bbox 430 717 483 805; x_wconf 82' lang='grc' dir='ltr'>μὲν</span> <span class='ocrx_word' id='word_1_17' title='bbox 505 714 604 805; x_wconf 87' lang='grc' dir='ltr'>πηγήν</span> <span class='ocrx_word' id='word_1_18' title='bbox 627 717 693 806; x_wconf 85' lang='grc' dir='ltr'>ἔχει</span> <span class='ocrx_word' id='word_1_19' title='bbox 715 720 758 792; x_wconf 85' lang='grc' dir='ltr'>είς</span> <span class='ocrx_word' id='word_1_20' title='bbox 781 713 914 806; x_wconf 89' lang='grc' dir='ltr'>Λιβόην,</span> <span class='ocrx_word' id='word_1_21' title='bbox 938 721 1042 805; x_wconf 82' lang='grc' dir='ltr'>ἑτέρας</span> <span class='ocrx_word' id='word_1_22' title='bbox 1063 719 1098 784; x_wconf 84' lang='grc' dir='ltr'>δὲ</span> <span class='ocrx_word' id='word_1_23' title='bbox 1120 711 1174 783; x_wconf 87' lang='grc' dir='ltr'>δόο</span> <span class='ocrx_word' id='word_1_24' title='bbox 1197 718 1239 794; x_wconf 87' lang='grc' dir='ltr'>είς</span> <span class='ocrx_word' id='word_1_25' title='bbox 1261 713 1313 803; x_wconf 80' lang='grc' dir='ltr'>τήν</span> <span class='ocrx_word' id='word_1_26' title='bbox 1338 710 1401 782; x_wconf 77' lang='grc' dir='ltr'>ἄνω</span> <span class='ocrx_word' id='word_1_27' title='bbox 1417 715 1516 780; x_wconf 81' lang='grc' dir='ltr'>Λίβω-</span> 
     </span>
     <span class='ocr_line' id='line_1_4' title="bbox 428 813 1517 910; baseline -0.004 -22"><span class='ocrx_word' id='word_1_28' title='bbox 428 823 500 888; x_wconf 93' lang='grc' dir='ltr'>πίαν</span> <span class='ocrx_word' id='word_1_29' title='bbox 530 818 607 888; x_wconf 84' lang='grc' dir='ltr'>κατόι</span> <span class='ocrx_word' id='word_1_30' title='bbox 635 818 730 888; x_wconf 83' lang='grc' dir='ltr'>νότον.</span> <span class='ocrx_word' id='word_1_31' title='bbox 785 815 824 886; x_wconf 84' lang='grc' dir='ltr'>ὧν</span> <span class='ocrx_word' id='word_1_32' title='bbox 853 825 1038 910; x_wconf 70' lang='grc' dir='ltr'>μισγομένων</span> <span class='ocrx_word' id='word_1_33' title='bbox 1067 823 1239 908; x_wconf 76' lang='grc' dir='ltr'>πλημμυρεῖ</span> <span class='ocrx_word' id='word_1_34' title='bbox 1266 819 1299 886; x_wconf 91' lang='grc' dir='ltr'>τό</span> <span class='ocrx_word' id='word_1_35' title='bbox 1329 813 1410 906; x_wconf 77' lang='grc' dir='ltr'>ὕδωρ</span> <span class='ocrx_word' id='word_1_36' title='bbox 1438 815 1517 885; x_wconf 84' lang='grc' dir='ltr'>αὐτού</span> 
     </span>
    </p>

    <p class='ocr_par' dir='ltr' id='par_1_4' title="bbox 429 921 1516 1012">
     <span class='ocr_line' id='line_1_5' title="bbox 429 921 1516 1012; baseline -0.005 -20"><span class='ocrx_word' id='word_1_37' title='bbox 429 924 480 992; x_wconf 87' lang='grc' dir='ltr'>καί</span> <span class='ocrx_word' id='word_1_38' title='bbox 500 925 614 997; x_wconf 93' lang='grc' dir='ltr'>ποτίζει</span> <span class='ocrx_word' id='word_1_39' title='bbox 635 921 688 1012; x_wconf 80' lang='grc' dir='ltr'>τήν</span> <span class='ocrx_word' id='word_1_40' title='bbox 704 922 853 1011; x_wconf 86' lang='grc' dir='ltr'>Αἴγυπτον</span> <span class='ocrx_word' id='word_1_41' title='bbox 871 921 1035 1012; x_wconf 87' lang='grc' dir='ltr'>αὐγοόστου</span> <span class='ocrx_word' id='word_1_42' title='bbox 1052 921 1153 1012; x_wconf 88' lang='grc' dir='ltr'>μηνός.</span> <span class='ocrx_word' id='word_1_43' title='bbox 1192 922 1243 991; x_wconf 88' lang='grc' dir='ltr'>καί</span> <span class='ocrx_word' id='word_1_44' title='bbox 1263 927 1325 999; x_wconf 87' lang='grc' dir='ltr'>τοῖς</span> <span class='ocrx_word' id='word_1_45' title='bbox 1341 924 1393 1010; x_wconf 78' lang='grc' dir='ltr'>μὲν</span> <span class='ocrx_word' id='word_1_46' title='bbox 1408 925 1516 995; x_wconf 87' lang='grc' dir='ltr'>πολλοῖς</span> 
     </span>
    </p>

    <p class='ocr_par' dir='ltr' id='par_1_5' title="bbox 344 1024 1515 1530">
     <span class='ocr_line' id='line_1_6' title="bbox 344 1024 1514 1117; baseline -0.003 -23"><span class='ocrx_word' id='word_1_47' title='bbox 344 1034 383 1094; x_wconf 67' lang='lat'>45</span> <span class='ocrx_word' id='word_1_48' title='bbox 429 1031 511 1096; x_wconf 87' lang='grc' dir='ltr'>δοκεῖ</span> <span class='ocrx_word' id='word_1_49' title='bbox 533 1025 659 1116; x_wconf 80' lang='grc' dir='ltr'>ἀπορίας</span> <span class='ocrx_word' id='word_1_50' title='bbox 680 1025 793 1102; x_wconf 82' lang='grc' dir='ltr'>πολλάς</span> <span class='ocrx_word' id='word_1_51' title='bbox 814 1030 921 1096; x_wconf 80' lang='grc' dir='ltr'>τίκτειν</span> <span class='ocrx_word' id='word_1_52' title='bbox 940 1033 1001 1102; x_wconf 77' lang='grc' dir='ltr'>πῖυς</span> <span class='ocrx_word' id='word_1_53' title='bbox 1016 1031 1048 1094; x_wconf 83' lang='grc' dir='ltr'>ἐν</span> <span class='ocrx_word' id='word_1_54' title='bbox 1064 1033 1161 1116; x_wconf 81' lang='grc' dir='ltr'>καιρῷ</span> <span class='ocrx_word' id='word_1_55' title='bbox 1176 1024 1330 1117; x_wconf 82' lang='grc' dir='ltr'>αὐχμκόδει</span> <span class='ocrx_word' id='word_1_56' title='bbox 1343 1029 1514 1114; x_wconf 78' lang='grc' dir='ltr'><strong>πλημμυρεῖ,</strong></span> 
     </span>
     <span class='ocr_line' id='line_1_7' title="bbox 427 1117 1515 1220; baseline -0.002 -22"><span class='ocrx_word' id='word_1_57' title='bbox 427 1131 517 1220; x_wconf 81' lang='grc' dir='ltr'>ἡνίκα</span> <span class='ocrx_word' id='word_1_58' title='bbox 545 1131 700 1219; x_wconf 83' lang='grc' dir='ltr'>λειψυδρία</span> <span class='ocrx_word' id='word_1_59' title='bbox 728 1127 859 1219; x_wconf 84' lang='grc' dir='ltr'>ὐπάρχει</span> <span class='ocrx_word' id='word_1_60' title='bbox 888 1137 931 1220; x_wconf 81' lang='grc' dir='ltr'>τῷ</span> <span class='ocrx_word' id='word_1_61' title='bbox 963 1133 1069 1212; x_wconf 88' lang='grc' dir='ltr'>παντί,</span> <span class='ocrx_word' id='word_1_62' title='bbox 1103 1135 1163 1206; x_wconf 87' lang='grc' dir='ltr'>τοῖς</span> <span class='ocrx_word' id='word_1_63' title='bbox 1180 1117 1231 1198; x_wconf 75' lang='grc' dir='ltr'>’δὲ</span> <span class='ocrx_word' id='word_1_64' title='bbox 1261 1128 1299 1198; x_wconf 78' lang='grc' dir='ltr'>τά</span> <span class='ocrx_word' id='word_1_65' title='bbox 1330 1136 1383 1218; x_wconf 76' lang='grc' dir='ltr'>τῆς</span> <span class='ocrx_word' id='word_1_66' title='bbox 1410 1134 1515 1218; x_wconf 74' lang='grc' dir='ltr'>γραφῆς</span> 
     </span>
     <span class='ocr_line' id='line_1_8' title="bbox 428 1231 1514 1324; baseline -0.002 -22"><span class='ocrx_word' id='word_1_67' title='bbox 428 1233 569 1302; x_wconf 77' lang='grc' dir='ltr'>ἀσκοῦσιν</span> <span class='ocrx_word' id='word_1_68' title='bbox 588 1233 728 1321; x_wconf 78' lang='grc' dir='ltr'>οὐδεμίαν</span> <span class='ocrx_word' id='word_1_69' title='bbox 744 1235 832 1302; x_wconf 85' lang='grc' dir='ltr'>τίκτει</span> <span class='ocrx_word' id='word_1_70' title='bbox 849 1231 1053 1324; x_wconf 90' lang='grc' dir='ltr'>άμφιβολίαν·</span> <span class='ocrx_word' id='word_1_71' title='bbox 1078 1231 1149 1302; x_wconf 73' lang='grc' dir='ltr'>’όδεν</span> <span class='ocrx_word' id='word_1_72' title='bbox 1165 1232 1216 1301; x_wconf 85' lang='grc' dir='ltr'>καί</span> <span class='ocrx_word' id='word_1_73' title='bbox 1230 1232 1313 1321; x_wconf 79' lang='grc' dir='ltr'>παρὰ</span> <span class='ocrx_word' id='word_1_74' title='bbox 1327 1237 1388 1309; x_wconf 86' lang='grc' dir='ltr'>τοῖς</span> <span class='ocrx_word' id='word_1_75' title='bbox 1411 1238 1514 1322; x_wconf 87' lang='grc' dir='ltr'>ίεροτε-</span> 
     </span>
     <span class='ocr_line' id='line_1_9' title="bbox 425 1333 1515 1426; baseline -0.003 -22"><span class='ocrx_word' id='word_1_76' title='bbox 425 1343 544 1413; x_wconf 88' lang='grc' dir='ltr'>λισταῖς</span> <span class='ocrx_word' id='word_1_77' title='bbox 566 1341 622 1405; x_wconf 80' lang='grc' dir='ltr'>τῶν</span> <span class='ocrx_word' id='word_1_78' title='bbox 646 1338 813 1426; x_wconf 80' lang='grc' dir='ltr'>Αἰγυπτίων</span> <span class='ocrx_word' id='word_1_79' title='bbox 836 1341 897 1413; x_wconf 89' lang='grc' dir='ltr'>τοῖς</span> <span class='ocrx_word' id='word_1_80' title='bbox 919 1341 1060 1426; x_wconf 78' lang='grc' dir='ltr'>ἐρευνιδσι</span> <span class='ocrx_word' id='word_1_81' title='bbox 1080 1336 1119 1405; x_wconf 84' lang='grc' dir='ltr'>τά</span> <span class='ocrx_word' id='word_1_82' title='bbox 1141 1334 1253 1426; x_wconf 89' lang='grc' dir='ltr'>κρόφια</span> <span class='ocrx_word' id='word_1_83' title='bbox 1272 1335 1430 1412; x_wconf 83' lang='grc' dir='ltr'>Ἀστάπους</span> <span class='ocrx_word' id='word_1_84' title='bbox 1450 1333 1515 1403; x_wconf 87' lang='grc' dir='ltr'>όνο-</span> 
     </span>
     <span class='ocr_line' id='line_1_10' title="bbox 427 1436 1514 1530; baseline -0.004 -21"><span class='ocrx_word' id='word_1_85' title='bbox 427 1439 573 1529; x_wconf 84' lang='grc' dir='ltr'>μάζεται,</span> <span class='ocrx_word' id='word_1_86' title='bbox 601 1437 617 1508; x_wconf 84' lang='grc' dir='ltr'>δ</span> <span class='ocrx_word' id='word_1_87' title='bbox 640 1439 836 1530; x_wconf 89' lang='grc' dir='ltr'>ἑρμηνιόεται</span> <span class='ocrx_word' id='word_1_88' title='bbox 857 1438 925 1509; x_wconf 90' lang='grc' dir='ltr'>κατ’</span> <span class='ocrx_word' id='word_1_89' title='bbox 952 1442 1131 1530; x_wconf 81' lang='grc' dir='ltr'>Αἰγυπτίους</span> <span class='ocrx_word' id='word_1_90' title='bbox 1153 1445 1187 1508; x_wconf 86' lang='grc' dir='ltr'>ἑκ</span> <span class='ocrx_word' id='word_1_91' title='bbox 1210 1438 1332 1518; x_wconf 83' lang='grc' dir='ltr'>σκότους</span> <span class='ocrx_word' id='word_1_92' title='bbox 1354 1436 1450 1528; x_wconf 84' lang='grc' dir='ltr'>όδωρ,</span> <span class='ocrx_word' id='word_1_93' title='bbox 1472 1436 1514 1506; x_wconf 79' lang='grc' dir='ltr'>διὰ</span> 
     </span>
    </p>

    <p class='ocr_par' dir='ltr' id='par_1_6' title="bbox 317 1539 1514 1944">
     <span class='ocr_line' id='line_1_11' title="bbox 341 1539 1514 1634; baseline 0.001 -25"><span class='ocrx_word' id='word_1_94' title='bbox 341 1549 380 1610; x_wconf 85' lang='lat'>50</span> <span class='ocrx_word' id='word_1_95' title='bbox 425 1542 458 1612; x_wconf 85' lang='grc' dir='ltr'>τδ</span> <span class='ocrx_word' id='word_1_96' title='bbox 482 1539 594 1632; x_wconf 86' lang='grc' dir='ltr'>ἄδηλον</span> <span class='ocrx_word' id='word_1_97' title='bbox 616 1551 669 1632; x_wconf 74' lang='grc' dir='ltr'>τῆς</span> <span class='ocrx_word' id='word_1_98' title='bbox 691 1543 864 1621; x_wconf 75' lang='grc' dir='ltr'>ἀναδόσεως</span> <span class='ocrx_word' id='word_1_99' title='bbox 887 1543 979 1614; x_wconf 78' lang='grc' dir='ltr'>αὐτοῦ</span> <span class='ocrx_word' id='word_1_100' title='bbox 1002 1542 1061 1613; x_wconf 86' lang='grc' dir='ltr'>όπδ</span> <span class='ocrx_word' id='word_1_101' title='bbox 1082 1550 1135 1632; x_wconf 73' lang='grc' dir='ltr'>τῆς</span> <span class='ocrx_word' id='word_1_102' title='bbox 1149 1551 1215 1632; x_wconf 81' lang='grc' dir='ltr'>γῆς.</span> <span class='ocrx_word' id='word_1_103' title='bbox 1255 1549 1284 1612; x_wconf 87' lang='grc' dir='ltr'>οί</span> <span class='ocrx_word' id='word_1_104' title='bbox 1304 1543 1361 1634; x_wconf 84' lang='grc' dir='ltr'>γὰρ</span> <span class='ocrx_word' id='word_1_105' title='bbox 1378 1542 1417 1633; x_wconf 83' lang='grc' dir='ltr'>μή</span> <span class='ocrx_word' id='word_1_106' title='bbox 1431 1549 1514 1611; x_wconf 79' lang='grc' dir='ltr'>ταῦτα</span> 
     </span>
     <span class='ocr_line' id='line_1_12' title="bbox 317 1640 1513 1738; baseline -0.006 -20"><span class='ocrx_word' id='word_1_107' title='bbox 317 1673 330 1718; x_wconf 77' lang='grc' dir='ltr'>ι</span> <span class='ocrx_word' id='word_1_108' title='bbox 427 1647 495 1736; x_wconf 87' lang='grc' dir='ltr'>περί</span> <span class='ocrx_word' id='word_1_109' title='bbox 517 1647 609 1716; x_wconf 75' lang='grc' dir='ltr'>αὐτοῦ</span> <span class='ocrx_word' id='word_1_110' title='bbox 632 1646 804 1725; x_wconf 72' lang='grc' dir='ltr'>δοξάζοντες</span> <span class='ocrx_word' id='word_1_111' title='bbox 826 1653 869 1724; x_wconf 87' lang='grc' dir='ltr'>είς</span> <span class='ocrx_word' id='word_1_112' title='bbox 892 1651 997 1738; x_wconf 91' lang='grc' dir='ltr'>μυρίας</span> <span class='ocrx_word' id='word_1_113' title='bbox 1019 1640 1215 1724; x_wconf 63' lang='grc' dir='ltr'>ἑκίπίπτυντες</span> <span class='ocrx_word' id='word_1_114' title='bbox 1237 1646 1365 1736; x_wconf 77' lang='grc' dir='ltr'>ἀπορίας</span> <span class='ocrx_word' id='word_1_115' title='bbox 1388 1650 1513 1735; x_wconf 77' lang='grc' dir='ltr'>μένουσιν</span> 
     </span>
     <span class='ocr_line' id='line_1_13' title="bbox 425 1749 1514 1841; baseline -0.002 -23"><span class='ocrx_word' id='word_1_116' title='bbox 425 1753 483 1827; x_wconf 78' lang='grc' dir='ltr'>ἕως</span> <span class='ocrx_word' id='word_1_117' title='bbox 504 1754 609 1827; x_wconf 85' lang='grc' dir='ltr'>τέλους</span> <span class='ocrx_word' id='word_1_118' title='bbox 637 1757 690 1840; x_wconf 73' lang='grc' dir='ltr'>τῆς</span> <span class='ocrx_word' id='word_1_119' title='bbox 720 1751 866 1841; x_wconf 74' lang='grc' dir='ltr'>ἀληθείας</span> <span class='ocrx_word' id='word_1_120' title='bbox 889 1751 1148 1838; x_wconf 77' lang='grc' dir='ltr'>άποτιλανυίμενοι.</span> <span class='ocrx_word' id='word_1_121' title='bbox 1194 1751 1245 1819; x_wconf 89' lang='grc' dir='ltr'>καί</span> <span class='ocrx_word' id='word_1_122' title='bbox 1267 1757 1369 1838; x_wconf 86' lang='grc' dir='ltr'>μέντοι</span> <span class='ocrx_word' id='word_1_123' title='bbox 1389 1751 1439 1820; x_wconf 87' lang='grc' dir='ltr'>καί</span> <span class='ocrx_word' id='word_1_124' title='bbox 1457 1749 1514 1836; x_wconf 80' lang='grc' dir='ltr'>περὶ</span> 
     </span>
     <span class='ocr_line' id='line_1_14' title="bbox 425 1852 1513 1944; baseline -0.004 -22"><span class='ocrx_word' id='word_1_125' title='bbox 425 1855 562 1944; x_wconf 82' lang='grc' dir='ltr'>Τίγριδος</span> <span class='ocrx_word' id='word_1_126' title='bbox 589 1853 639 1922; x_wconf 88' lang='grc' dir='ltr'>καί</span> <span class='ocrx_word' id='word_1_127' title='bbox 661 1852 821 1944; x_wconf 87' lang='grc' dir='ltr'>Εὐφράτου</span> <span class='ocrx_word' id='word_1_128' title='bbox 848 1853 881 1923; x_wconf 90' lang='grc' dir='ltr'>τδ</span> <span class='ocrx_word' id='word_1_129' title='bbox 904 1855 977 1924; x_wconf 86' lang='grc' dir='ltr'>αὐτὸ</span> <span class='ocrx_word' id='word_1_130' title='bbox 999 1853 1166 1930; x_wconf 79' lang='grc' dir='ltr'>δοξάζεται.</span> <span class='ocrx_word' id='word_1_131' title='bbox 1213 1859 1247 1922; x_wconf 85' lang='grc' dir='ltr'>ἐκ</span> <span class='ocrx_word' id='word_1_132' title='bbox 1268 1862 1321 1923; x_wconf 85' lang='grc' dir='ltr'>τού</span> <span class='ocrx_word' id='word_1_133' title='bbox 1342 1856 1513 1944; x_wconf 79' lang='grc' dir='ltr'>παραδείσου</span> 
     </span>
    </p>

    <p class='ocr_par' dir='ltr' id='par_1_7' title="bbox 424 1956 1514 2049">
     <span class='ocr_line' id='line_1_15' title="bbox 424 1956 1514 2049; baseline -0.004 -23"><span class='ocrx_word' id='word_1_134' title='bbox 424 1957 482 2046; x_wconf 78' lang='grc' dir='ltr'>γάρ</span> <span class='ocrx_word' id='word_1_135' title='bbox 498 1957 634 2047; x_wconf 78' lang='grc' dir='ltr'>ἑκάτεροι</span> <span class='ocrx_word' id='word_1_136' title='bbox 648 1957 701 2046; x_wconf 78' lang='grc' dir='ltr'>τήν</span> <span class='ocrx_word' id='word_1_137' title='bbox 720 1963 835 2048; x_wconf 83' lang='grc' dir='ltr'>γένεσιν</span> <span class='ocrx_word' id='word_1_138' title='bbox 851 1961 969 2049; x_wconf 84' lang='grc' dir='ltr'>ἔχοντες</span> <span class='ocrx_word' id='word_1_139' title='bbox 986 1958 1144 2034; x_wconf 83' lang='grc' dir='ltr'>ὐποδόντες</span> <span class='ocrx_word' id='word_1_140' title='bbox 1157 1956 1210 2046; x_wconf 85' lang='grc' dir='ltr'>τήν</span> <span class='ocrx_word' id='word_1_141' title='bbox 1232 1964 1287 2047; x_wconf 76' lang='grc' dir='ltr'>γῆν</span> <span class='ocrx_word' id='word_1_142' title='bbox 1311 1956 1514 2048; x_wconf 80' lang='grc' dir='ltr'>ἀναφαίνονται</span> 
     </span>
    </p>

    <p class='ocr_par' dir='ltr' id='par_1_8' title="bbox 340 2059 1512 2565">
     <span class='ocr_line' id='line_1_16' title="bbox 340 2059 1512 2152; baseline -0.002 -25"><span class='ocrx_word' id='word_1_143' title='bbox 340 2067 380 2127; x_wconf 82' lang='grc'>55</span> <span class='ocrx_word' id='word_1_144' title='bbox 425 2059 502 2130; x_wconf 82' lang='grc' dir='ltr'>κατά</span> <span class='ocrx_word' id='word_1_145' title='bbox 523 2060 573 2130; x_wconf 85' lang='grc' dir='ltr'>τόν</span> <span class='ocrx_word' id='word_1_146' title='bbox 594 2062 711 2150; x_wconf 87' lang='grc' dir='ltr'>Ταδρον</span> <span class='ocrx_word' id='word_1_147' title='bbox 733 2062 766 2131; x_wconf 89' lang='grc' dir='ltr'>τὸ</span> <span class='ocrx_word' id='word_1_148' title='bbox 788 2059 875 2152; x_wconf 85' lang='grc' dir='ltr'>όρος,</span> <span class='ocrx_word' id='word_1_149' title='bbox 898 2062 949 2131; x_wconf 88' lang='grc' dir='ltr'>καί</span> <span class='ocrx_word' id='word_1_150' title='bbox 971 2061 987 2130; x_wconf 85' lang='grc' dir='ltr'>δ</span> <span class='ocrx_word' id='word_1_151' title='bbox 1011 2064 1063 2150; x_wconf 81' lang='grc' dir='ltr'>μὲν</span> <span class='ocrx_word' id='word_1_152' title='bbox 1086 2059 1246 2150; x_wconf 74' lang='grc' dir='ltr'>Εὐφράτης</span> <span class='ocrx_word' id='word_1_153' title='bbox 1268 2060 1364 2150; x_wconf 90' lang='grc' dir='ltr'>δήλην</span> <span class='ocrx_word' id='word_1_154' title='bbox 1387 2063 1450 2151; x_wconf 87' lang='grc' dir='ltr'>ἔχει</span> <span class='ocrx_word' id='word_1_155' title='bbox 1467 2059 1512 2147; x_wconf 80' lang='grc' dir='ltr'>τήν</span> 
     </span>
     <span class='ocr_line' id='line_1_17' title="bbox 426 2161 1512 2256; baseline -0.003 -23"><span class='ocrx_word' id='word_1_156' title='bbox 426 2163 588 2256; x_wconf 87' lang='grc' dir='ltr'>ἀνάβλυσιν</span> <span class='ocrx_word' id='word_1_157' title='bbox 599 2217 609 2246; x_wconf 95' lang='grc'>,</span> <span class='ocrx_word' id='word_1_158' title='bbox 639 2165 747 2233; x_wconf 79' lang='grc' dir='ltr'>κατιὼν</span> <span class='ocrx_word' id='word_1_159' title='bbox 776 2169 810 2234; x_wconf 86' lang='grc' dir='ltr'>δὲ</span> <span class='ocrx_word' id='word_1_160' title='bbox 838 2171 872 2234; x_wconf 78' lang='grc' dir='ltr'>ἐκ</span> <span class='ocrx_word' id='word_1_161' title='bbox 901 2172 957 2234; x_wconf 80' lang='grc' dir='ltr'>τῶν</span> <span class='ocrx_word' id='word_1_162' title='bbox 989 2168 1113 2255; x_wconf 82' lang='grc' dir='ltr'>βορείων</span> <span class='ocrx_word' id='word_1_163' title='bbox 1144 2171 1239 2254; x_wconf 81' lang='grc' dir='ltr'>μερῶν</span> <span class='ocrx_word' id='word_1_164' title='bbox 1268 2163 1341 2254; x_wconf 82' lang='grc' dir='ltr'>πρὸς</span> <span class='ocrx_word' id='word_1_165' title='bbox 1374 2165 1410 2233; x_wconf 82' lang='grc' dir='ltr'>τὰ</span> <span class='ocrx_word' id='word_1_166' title='bbox 1440 2161 1512 2231; x_wconf 87' lang='grc' dir='ltr'>νότια</span> 
     </span>
     <span class='ocr_line' id='line_1_18' title="bbox 424 2267 1511 2359; baseline -0.002 -23"><span class='ocrx_word' id='word_1_167' title='bbox 424 2267 598 2357; x_wconf 75' lang='grc' dir='ltr'>πλησιάζων</span> <span class='ocrx_word' id='word_1_168' title='bbox 620 2274 663 2357; x_wconf 84' lang='grc' dir='ltr'>τῷ</span> <span class='ocrx_word' id='word_1_169' title='bbox 687 2271 826 2358; x_wconf 76' lang='grc' dir='ltr'>Περσικῷ</span> <span class='ocrx_word' id='word_1_170' title='bbox 848 2267 950 2359; x_wconf 84' lang='grc' dir='ltr'>κόλπῳ</span> <span class='ocrx_word' id='word_1_171' title='bbox 972 2274 1026 2357; x_wconf 76' lang='grc' dir='ltr'>ἐ’λη</span> <span class='ocrx_word' id='word_1_172' title='bbox 1050 2273 1167 2356; x_wconf 84' lang='grc' dir='ltr'>ἐμποιεῖ</span> <span class='ocrx_word' id='word_1_173' title='bbox 1190 2269 1242 2336; x_wconf 85' lang='grc' dir='ltr'>καί</span> <span class='ocrx_word' id='word_1_174' title='bbox 1265 2267 1429 2356; x_wconf 83' lang='grc' dir='ltr'>καλαμιόδη</span> <span class='ocrx_word' id='word_1_175' title='bbox 1449 2271 1511 2334; x_wconf 81' lang='grc' dir='ltr'>τέλ-</span> 
     </span>
     <span class='ocr_line' id='line_1_19' title="bbox 426 2370 1512 2462; baseline -0.005 -22"><span class='ocrx_word' id='word_1_176' title='bbox 426 2399 506 2460; x_wconf 89' lang='grc' dir='ltr'>ματα</span> <span class='ocrx_word' id='word_1_177' title='bbox 527 2372 578 2440; x_wconf 90' lang='grc' dir='ltr'>καί</span> <span class='ocrx_word' id='word_1_178' title='bbox 598 2374 666 2461; x_wconf 87' lang='grc' dir='ltr'>περί</span> <span class='ocrx_word' id='word_1_179' title='bbox 682 2370 757 2441; x_wconf 79' lang='grc' dir='ltr'>αὐτὰ</span> <span class='ocrx_word' id='word_1_180' title='bbox 774 2375 826 2460; x_wconf 87' lang='grc' dir='ltr'>μὲν</span> <span class='ocrx_word' id='word_1_181' title='bbox 842 2371 1012 2460; x_wconf 86' lang='grc' dir='ltr'>είλοόμενος</span> <span class='ocrx_word' id='word_1_182' title='bbox 1028 2371 1149 2460; x_wconf 81' lang='grc' dir='ltr'>ἀδήλως</span> <span class='ocrx_word' id='word_1_183' title='bbox 1164 2370 1344 2462; x_wconf 81' lang='grc' dir='ltr'>ἀφανίζεται</span> <span class='ocrx_word' id='word_1_184' title='bbox 1353 2425 1362 2454; x_wconf 97' lang='grc'>,</span> <span class='ocrx_word' id='word_1_185' title='bbox 1386 2372 1401 2440; x_wconf 84' lang='grc' dir='ltr'>δ</span> <span class='ocrx_word' id='word_1_186' title='bbox 1424 2376 1512 2459; x_wconf 81' lang='grc' dir='ltr'>μέντοι</span> 
     </span>
     <span class='ocr_line' id='line_1_20' title="bbox 425 2473 1511 2565; baseline -0.006 -21"><span class='ocrx_word' id='word_1_187' title='bbox 425 2477 526 2565; x_wconf 90' lang='grc' dir='ltr'>Τίγρις</span> <span class='ocrx_word' id='word_1_188' title='bbox 550 2474 609 2545; x_wconf 80' lang='grc' dir='ltr'>ἀπό</span> <span class='ocrx_word' id='word_1_189' title='bbox 632 2503 709 2552; x_wconf 88' lang='grc' dir='ltr'>τινος</span> <span class='ocrx_word' id='word_1_190' title='bbox 731 2478 835 2564; x_wconf 90' lang='grc' dir='ltr'>λίμνης</span> <span class='ocrx_word' id='word_1_191' title='bbox 858 2479 1020 2565; x_wconf 83' lang='grc' dir='ltr'>λεγομένης</span> <span class='ocrx_word' id='word_1_192' title='bbox 1043 2477 1203 2552; x_wconf 89' lang='grc' dir='ltr'>Θωνίτιδος</span> <span class='ocrx_word' id='word_1_193' title='bbox 1225 2473 1347 2564; x_wconf 80' lang='grc' dir='ltr'>ἀδήλως</span> <span class='ocrx_word' id='word_1_194' title='bbox 1369 2475 1449 2551; x_wconf 79' lang='grc' dir='ltr'>ἑζιιύν</span> <span class='ocrx_word' id='word_1_195' title='bbox 1468 2473 1511 2540; x_wconf 86' lang='grc' dir='ltr'>καί</span> 
     </span>
    </p>

    <p class='ocr_par' dir='ltr' id='par_1_9' title="bbox 340 2576 1511 2772">
     <span class='ocr_line' id='line_1_21' title="bbox 340 2576 1511 2669; baseline -0.002 -25"><span class='ocrx_word' id='word_1_196' title='bbox 340 2587 379 2644; x_wconf 88' lang='grc'>60</span> <span class='ocrx_word' id='word_1_197' title='bbox 425 2576 513 2656; x_wconf 84' lang='grc' dir='ltr'>αὐτὸς</span> <span class='ocrx_word' id='word_1_198' title='bbox 542 2579 659 2668; x_wconf 87' lang='grc' dir='ltr'>οἴχεται</span> <span class='ocrx_word' id='word_1_199' title='bbox 685 2577 758 2668; x_wconf 85' lang='grc' dir='ltr'>πρός</span> <span class='ocrx_word' id='word_1_200' title='bbox 785 2580 822 2648; x_wconf 83' lang='grc' dir='ltr'>τά</span> <span class='ocrx_word' id='word_1_201' title='bbox 851 2578 935 2648; x_wconf 91' lang='grc' dir='ltr'>νότια</span> <span class='ocrx_word' id='word_1_202' title='bbox 964 2584 1040 2669; x_wconf 85' lang='grc' dir='ltr'>μέρη</span> <span class='ocrx_word' id='word_1_203' title='bbox 1070 2579 1122 2648; x_wconf 86' lang='grc' dir='ltr'>καὶ</span> <span class='ocrx_word' id='word_1_204' title='bbox 1143 2578 1310 2650; x_wconf 87' lang='grc' dir='ltr'>διακόπτων</span> <span class='ocrx_word' id='word_1_205' title='bbox 1336 2580 1386 2648; x_wconf 86' lang='grc' dir='ltr'>τδν</span> <span class='ocrx_word' id='word_1_206' title='bbox 1408 2580 1511 2666; x_wconf 86' lang='grc' dir='ltr'>Ταδροι</span> 
     </span>
     <span class='ocr_line' id='line_1_22' title="bbox 425 2679 1510 2772; baseline -0.005 -22"><span class='ocrx_word' id='word_1_207' title='bbox 425 2681 458 2751; x_wconf 83' lang='grc' dir='ltr'>τό</span> <span class='ocrx_word' id='word_1_208' title='bbox 481 2679 550 2771; x_wconf 86' lang='grc' dir='ltr'>όρος</span> <span class='ocrx_word' id='word_1_209' title='bbox 572 2683 640 2772; x_wconf 86' lang='grc' dir='ltr'>περὶ</span> <span class='ocrx_word' id='word_1_210' title='bbox 662 2682 872 2772; x_wconf 84' lang='grc' dir='ltr'>Μασσαβάτας</span> <span class='ocrx_word' id='word_1_211' title='bbox 901 2688 1021 2751; x_wconf 78' lang='grc' dir='ltr'>ἑνοῦται</span> <span class='ocrx_word' id='word_1_212' title='bbox 1049 2688 1093 2772; x_wconf 80' lang='grc' dir='ltr'>τῷ</span> <span class='ocrx_word' id='word_1_213' title='bbox 1114 2681 1259 2772; x_wconf 76' lang='grc' dir='ltr'>Εὐφράτῃ</span> <span class='ocrx_word' id='word_1_214' title='bbox 1289 2684 1341 2752; x_wconf 89' lang='grc' dir='ltr'>καί</span> <span class='ocrx_word' id='word_1_215' title='bbox 1363 2685 1510 2772; x_wconf 77' lang='grc' dir='ltr'>διασχίζων</span> 
     </span>
    </p>

    <p class='ocr_par' dir='ltr' id='par_1_10' title="bbox 423 2783 1510 3084">
     <span class='ocr_line' id='line_1_23' title="bbox 423 2783 1510 2878; baseline -0.004 -25"><span class='ocrx_word' id='word_1_216' title='bbox 423 2785 477 2874; x_wconf 82' lang='grc' dir='ltr'>τήν</span> <span class='ocrx_word' id='word_1_217' title='bbox 501 2787 671 2876; x_wconf 77' lang='grc' dir='ltr'>Βαβυλῶνα</span> <span class='ocrx_word' id='word_1_218' title='bbox 692 2786 743 2855; x_wconf 92' lang='grc' dir='ltr'>καί</span> <span class='ocrx_word' id='word_1_219' title='bbox 764 2787 873 2855; x_wconf 84' lang='grc' dir='ltr'>κατιων</span> <span class='ocrx_word' id='word_1_220' title='bbox 895 2790 1020 2875; x_wconf 87' lang='grc' dir='ltr'>πλησίον</span> <span class='ocrx_word' id='word_1_221' title='bbox 1042 2785 1209 2876; x_wconf 89' lang='grc' dir='ltr'>Τερηδόνος</span> <span class='ocrx_word' id='word_1_222' title='bbox 1236 2785 1390 2878; x_wconf 79' lang='grc' dir='ltr'>εἰσβάλλει</span> <span class='ocrx_word' id='word_1_223' title='bbox 1411 2791 1449 2862; x_wconf 85' lang='grc' dir='ltr'>είς</span> <span class='ocrx_word' id='word_1_224' title='bbox 1467 2783 1510 2851; x_wconf 84' lang='grc' dir='ltr'>τόν</span> 
     </span>
     <span class='ocr_line' id='line_1_24' title="bbox 426 2889 1510 2981; baseline -0.004 -23"><span class='ocrx_word' id='word_1_225' title='bbox 426 2890 573 2978; x_wconf 83' lang='grc' dir='ltr'>Περσικόν</span> <span class='ocrx_word' id='word_1_226' title='bbox 596 2889 724 2971; x_wconf 88' lang='grc' dir='ltr'>κόλπον,</span> <span class='ocrx_word' id='word_1_227' title='bbox 747 2889 804 2979; x_wconf 85' lang='grc' dir='ltr'>πρὸ</span> <span class='ocrx_word' id='word_1_228' title='bbox 827 2893 859 2958; x_wconf 82' lang='grc' dir='ltr'>δὲ</span> <span class='ocrx_word' id='word_1_229' title='bbox 881 2896 933 2959; x_wconf 80' lang='grc' dir='ltr'>τοῦ</span> <span class='ocrx_word' id='word_1_230' title='bbox 954 2893 1107 2978; x_wconf 78' lang='grc' dir='ltr'>ἑνωδήναι</span> <span class='ocrx_word' id='word_1_231' title='bbox 1128 2896 1171 2981; x_wconf 83' lang='grc' dir='ltr'>τῷ</span> <span class='ocrx_word' id='word_1_232' title='bbox 1193 2889 1338 2981; x_wconf 80' lang='grc' dir='ltr'>Εὐφράτη</span> <span class='ocrx_word' id='word_1_233' title='bbox 1362 2889 1510 2979; x_wconf 78' lang='grc' dir='ltr'>ἀμφότεροι</span> 
     </span>
     <span class='ocr_line' id='line_1_25' title="bbox 425 2991 1507 3084; baseline -0.001 -24"><span class='ocrx_word' id='word_1_234' title='bbox 425 2992 564 3081; x_wconf 83' lang='grc' dir='ltr'>ἀλλήλων</span> <span class='ocrx_word' id='word_1_235' title='bbox 593 2997 770 3084; x_wconf 79' lang='grc' dir='ltr'>διῃρημένοι</span> <span class='ocrx_word' id='word_1_236' title='bbox 798 2997 913 3082; x_wconf 70' lang='grc' dir='ltr'>ῥέοντες</span> <span class='ocrx_word' id='word_1_237' title='bbox 934 2999 1055 3061; x_wconf 81' lang='grc' dir='ltr'>ποιοῦσι</span> <span class='ocrx_word' id='word_1_238' title='bbox 1075 2991 1129 3082; x_wconf 84' lang='grc' dir='ltr'>τήν</span> <span class='ocrx_word' id='word_1_239' title='bbox 1152 2998 1316 3082; x_wconf 79' lang='grc' dir='ltr'>λεγομένην</span> <span class='ocrx_word' id='word_1_240' title='bbox 1341 2995 1507 3062; x_wconf 86' lang='grc' dir='ltr'>Μεσοποτα-</span> 
     </span>
    </p>

    <p class='ocr_par' dir='ltr' id='par_1_11' title="bbox 340 3093 1505 3187">
     <span class='ocr_line' id='line_1_26' title="bbox 340 3093 1505 3187; baseline 0.002 -27"><span class='ocrx_word' id='word_1_241' title='bbox 340 3101 378 3161; x_wconf 82' lang='lat'>65</span> <span class='ocrx_word' id='word_1_242' title='bbox 425 3099 513 3184; x_wconf 91' lang='grc' dir='ltr'>μίαν,</span> <span class='ocrx_word' id='word_1_243' title='bbox 538 3098 669 3187; x_wconf 85' lang='grc' dir='ltr'>ἔχουσαν</span> <span class='ocrx_word' id='word_1_244' title='bbox 690 3095 801 3172; x_wconf 89' lang='grc' dir='ltr'>πλάτος</span> <span class='ocrx_word' id='word_1_245' title='bbox 824 3095 882 3166; x_wconf 87' lang='grc' dir='ltr'>ἀπὸ</span> <span class='ocrx_word' id='word_1_246' title='bbox 898 3095 1057 3187; x_wconf 77' lang='grc' dir='ltr'>Εὐφράτου</span> <span class='ocrx_word' id='word_1_247' title='bbox 1081 3101 1170 3186; x_wconf 75' lang='grc' dir='ltr'>μέχρι</span> <span class='ocrx_word' id='word_1_248' title='bbox 1184 3098 1321 3186; x_wconf 83' lang='grc' dir='ltr'>Τίγριδος</span> <span class='ocrx_word' id='word_1_249' title='bbox 1345 3101 1425 3186; x_wconf 85' lang='grc' dir='ltr'>μίλια</span> <span class='ocrx_word' id='word_1_250' title='bbox 1445 3093 1505 3180; x_wconf 88' lang='grc' dir='ltr'>υκη’</span> 
     </span>
    </p>
   </div>
   <div class='ocr_carea' id='block_1_3' title="bbox 336 3270 1505 4636">
    <p class='ocr_par' dir='ltr' id='par_1_12' title="bbox 336 3270 1505 4636">
     <span class='ocr_line' id='line_1_27' title="bbox 409 3270 1503 3346; baseline 0.003 -24"><span class='ocrx_word' id='word_1_251' title='bbox 409 3276 448 3324; x_wconf 69' lang='grc'>43.</span> <span class='ocrx_word' id='word_1_252' title='bbox 470 3270 546 3326; x_wconf 76' lang='grc' dir='ltr'>αὐτοῦ</span> <span class='ocrx_word' id='word_1_253' title='bbox 566 3273 598 3324; x_wconf 85' lang='lat' dir='ltr'>L:</span> <span class='ocrx_word' id='word_1_254' title='bbox 626 3273 704 3327; x_wconf 82' lang='grc' dir='ltr'>αὐτοῦ</span> <span class='ocrx_word' id='word_1_255' title='bbox 727 3273 770 3326; x_wconf 81' lang='grc' dir='ltr'>καὶ</span> <span class='ocrx_word' id='word_1_256' title='bbox 787 3272 883 3333; x_wconf 84' lang='grc' dir='ltr'>ποτίζει</span> <span class='ocrx_word' id='word_1_257' title='bbox 899 3273 929 3326; x_wconf 89' lang='grc' dir='ltr'>τδ</span> <span class='ocrx_word' id='word_1_258' title='bbox 947 3271 1015 3346; x_wconf 75' lang='grc' dir='ltr'>ὕδωρ</span> <span class='ocrx_word' id='word_1_259' title='bbox 1033 3271 1110 3327; x_wconf 80' lang='grc' dir='ltr'>αὐτοῦ</span> <span class='ocrx_word' id='word_1_260' title='bbox 1128 3276 1157 3325; x_wconf 98' lang='lat' dir='ltr'>V.</span> <span class='ocrx_word' id='word_1_261' title='bbox 1236 3277 1277 3324; x_wconf 74' lang='grc' dir='ltr'>ίί.</span> <span class='ocrx_word' id='word_1_262' title='bbox 1306 3273 1463 3344; x_wconf 82' lang='grc' dir='ltr'>ίιροττλιτσῖς</span> <span class='ocrx_word' id='word_1_263' title='bbox 1478 3271 1503 3318; x_wconf 78' lang='lat' dir='ltr'>V·</span> 
     </span>
     <span class='ocr_line' id='line_1_28' title="bbox 338 3359 1505 3432; baseline 0.003 -23"><span class='ocrx_word' id='word_1_264' title='bbox 338 3363 380 3410; x_wconf 76' lang='grc' dir='ltr'>ίε.</span> <span class='ocrx_word' id='word_1_265' title='bbox 400 3359 463 3424; x_wconf 82' lang='grc' dir='ltr'>τοῖς]</span> <span class='ocrx_word' id='word_1_266' title='bbox 491 3360 526 3418; x_wconf 79' lang='grc' dir='ltr'>ὡς</span> <span class='ocrx_word' id='word_1_267' title='bbox 546 3361 596 3410; x_wconf 78' lang='grc' dir='ltr'>[Ν.</span> <span class='ocrx_word' id='word_1_268' title='bbox 634 3359 831 3428; x_wconf 26' lang='grc' dir='ltr'>ἀσπείστους-Ι..</span> <span class='ocrx_word' id='word_1_269' title='bbox 868 3361 1003 3412; x_wconf 81' lang='lat' dir='ltr'><strong>Diodorus</strong></span> <span class='ocrx_word' id='word_1_270' title='bbox 1025 3361 1154 3412; x_wconf 78' lang='lat' dir='ltr'><strong>Siculusa</strong></span> <span class='ocrx_word' id='word_1_271' title='bbox 1180 3365 1210 3410; x_wconf 70' lang='grc' dir='ltr'>αῖ</span> <span class='ocrx_word' id='word_1_272' title='bbox 1235 3360 1260 3412; x_wconf 76' lang='lat' dir='ltr'>al</span> <span class='ocrx_word' id='word_1_273' title='bbox 1284 3359 1313 3414; x_wconf 84' lang='grc' dir='ltr'>δὲ</span> <span class='ocrx_word' id='word_1_274' title='bbox 1336 3362 1505 3432; x_wconf 77' lang='grc' dir='ltr'>πτριοιιιοδντιι</span> 
     </span>
     <span class='ocr_line' id='line_1_29' title="bbox 336 3441 1505 3518; baseline 0.002 -22"><span class='ocrx_word' id='word_1_275' title='bbox 336 3443 384 3512; x_wconf 77' lang='grc' dir='ltr'>τὴν</span> <span class='ocrx_word' id='word_1_276' title='bbox 397 3444 588 3514; x_wconf 77' lang='grc' dir='ltr'>ὀνομαζομένην</span> <span class='ocrx_word' id='word_1_277' title='bbox 600 3441 705 3515; x_wconf 80' lang='grc' dir='ltr'>Μερόην</span> <span class='ocrx_word' id='word_1_278' title='bbox 726 3471 756 3484; x_wconf 89' lang='lat'>-</span> <span class='ocrx_word' id='word_1_279' title='bbox 775 3449 894 3498; x_wconf 85' lang='grc' dir='ltr'>τοσοῦτον</span> <span class='ocrx_word' id='word_1_280' title='bbox 907 3443 1031 3518; x_wconf 79' lang='grc' dir='ltr'>ἀπέχουσι</span> <span class='ocrx_word' id='word_1_281' title='bbox 1042 3449 1088 3499; x_wconf 76' lang='grc' dir='ltr'>τοῦ</span> <span class='ocrx_word' id='word_1_282' title='bbox 1101 3443 1182 3515; x_wconf 77' lang='grc' dir='ltr'>λέγειν</span> <span class='ocrx_word' id='word_1_283' title='bbox 1194 3463 1218 3497; x_wconf 91' lang='grc' dir='ltr'>τι</span> <span class='ocrx_word' id='word_1_284' title='bbox 1231 3444 1290 3515; x_wconf 85' lang='grc' dir='ltr'>περὶ</span> <span class='ocrx_word' id='word_1_285' title='bbox 1300 3445 1397 3500; x_wconf 73' lang='grc' dir='ltr'>τούτων</span> <span class='ocrx_word' id='word_1_286' title='bbox 1410 3442 1505 3514; x_wconf 57' lang='lat' dir='ltr'>dnae&amp;</span> 
     </span>
     <span class='ocr_line' id='line_1_30' title="bbox 338 3528 1503 3604; baseline 0.002 -22"><span class='ocrx_word' id='word_1_287' title='bbox 338 3531 402 3582; x_wconf 79' lang='grc' dir='ltr'>ὥστε</span> <span class='ocrx_word' id='word_1_288' title='bbox 423 3531 468 3584; x_wconf 82' lang='grc' dir='ltr'>καὶ</span> <span class='ocrx_word' id='word_1_289' title='bbox 491 3531 533 3584; x_wconf 83' lang='grc' dir='ltr'>τὸν</span> <span class='ocrx_word' id='word_1_290' title='bbox 558 3533 671 3600; x_wconf 82' lang='grc' dir='ltr'>ποταμὸν</span> <span class='ocrx_word' id='word_1_291' title='bbox 690 3528 826 3586; x_wconf 76' lang='grc' dir='ltr'>Ἀστάπουν</span> <span class='ocrx_word' id='word_1_292' title='bbox 843 3530 1089 3601; x_wconf 80' lang='grc' dir='ltr'>προσηγορεύκασιν,</span> <span class='ocrx_word' id='word_1_293' title='bbox 1115 3530 1176 3601; x_wconf 86' lang='grc' dir='ltr'>δπερ</span> <span class='ocrx_word' id='word_1_294' title='bbox 1199 3530 1251 3584; x_wconf 82' lang='grc' dir='ltr'>ίστλ</span> <span class='ocrx_word' id='word_1_295' title='bbox 1269 3530 1503 3604; x_wconf 80' lang='grc' dir='ltr'>μεθερμηνευόμενον</span> 
     </span>
     <span class='ocr_line' id='line_1_31' title="bbox 337 3611 1501 3690; baseline 0 -22"><span class='ocrx_word' id='word_1_296' title='bbox 337 3614 373 3674; x_wconf 84' lang='grc' dir='ltr'>είς</span> <span class='ocrx_word' id='word_1_297' title='bbox 394 3615 441 3685; x_wconf 70' lang='grc' dir='ltr'>τήν</span> <span class='ocrx_word' id='word_1_298' title='bbox 462 3611 596 3686; x_wconf 76' lang='grc' dir='ltr'>Ἐλλήνων</span> <span class='ocrx_word' id='word_1_299' title='bbox 619 3615 748 3670; x_wconf 82' lang='grc' dir='ltr'>διάλεκτον</span> <span class='ocrx_word' id='word_1_300' title='bbox 772 3617 802 3670; x_wconf 82' lang='grc' dir='ltr'>ἐκ</span> <span class='ocrx_word' id='word_1_301' title='bbox 824 3621 869 3670; x_wconf 83' lang='grc' dir='ltr'>τοῦ</span> <span class='ocrx_word' id='word_1_302' title='bbox 893 3617 998 3677; x_wconf 84' lang='grc' dir='ltr'>σκότους</span> <span class='ocrx_word' id='word_1_303' title='bbox 1021 3615 1098 3690; x_wconf 73' lang='grc' dir='ltr'>ὕδωρ.</span> <span class='ocrx_word' id='word_1_304' title='bbox 1176 3622 1218 3670; x_wconf 70' lang='lat'>52.</span> <span class='ocrx_word' id='word_1_305' title='bbox 1243 3617 1286 3670; x_wconf 83' lang='grc' dir='ltr'>καί</span> <span class='ocrx_word' id='word_1_306' title='bbox 1310 3619 1397 3687; x_wconf 80' lang='grc' dir='ltr'>μίντοι</span> <span class='ocrx_word' id='word_1_307' title='bbox 1417 3631 1458 3670; x_wconf 85' lang='lat' dir='ltr'>am</span> <span class='ocrx_word' id='word_1_308' title='bbox 1478 3615 1501 3664; x_wconf 74' lang='lat' dir='ltr'>V·</span> 
     </span>
     <span class='ocr_line' id='line_1_32' title="bbox 337 3701 1501 3776; baseline -0.003 -22"><span class='ocrx_word' id='word_1_309' title='bbox 337 3707 379 3754; x_wconf 75' lang='lat'>5³.</span> <span class='ocrx_word' id='word_1_310' title='bbox 399 3702 443 3756; x_wconf 85' lang='grc' dir='ltr'>καί</span> <span class='ocrx_word' id='word_1_311' title='bbox 460 3701 586 3774; x_wconf 79' lang='grc' dir='ltr'>εὐφράταυ</span> <span class='ocrx_word' id='word_1_312' title='bbox 606 3705 639 3756; x_wconf 75' lang='lat' dir='ltr'>La</span> <span class='ocrx_word' id='word_1_313' title='bbox 659 3701 712 3757; x_wconf 82' lang='grc' dir='ltr'>οἶδε</span> <span class='ocrx_word' id='word_1_314' title='bbox 730 3701 856 3776; x_wconf 83' lang='grc' dir='ltr'>εδφροίτου</span> <span class='ocrx_word' id='word_1_315' title='bbox 871 3705 902 3754; x_wconf 90' lang='lat' dir='ltr'>V.</span> <span class='ocrx_word' id='word_1_316' title='bbox 967 3707 1009 3756; x_wconf 75' lang='grc' dir='ltr'>δί.</span> <span class='ocrx_word' id='word_1_317' title='bbox 1030 3702 1182 3763; x_wconf 78' lang='grc' dir='ltr'>δποδαῦνττς</span> <span class='ocrx_word' id='word_1_318' title='bbox 1196 3705 1224 3756; x_wconf 80' lang='grc' dir='ltr'>ί..</span> <span class='ocrx_word' id='word_1_319' title='bbox 1296 3709 1340 3757; x_wconf 72' lang='grc' dir='ltr'>συ.</span> <span class='ocrx_word' id='word_1_320' title='bbox 1360 3702 1470 3758; x_wconf 77' lang='grc' dir='ltr'>ἀνάλυσιν</span> <span class='ocrx_word' id='word_1_321' title='bbox 1480 3701 1501 3751; x_wconf 80' lang='lat' dir='ltr'>L.</span> 
     </span>
     <span class='ocr_line' id='line_1_33' title="bbox 337 3787 1501 3860; baseline -0.003 -20"><span class='ocrx_word' id='word_1_322' title='bbox 337 3794 379 3840; x_wconf 75' lang='grc'>57.</span> <span class='ocrx_word' id='word_1_323' title='bbox 399 3789 436 3860; x_wconf 84' lang='grc' dir='ltr'>τῷ</span> <span class='ocrx_word' id='word_1_324' title='bbox 448 3805 492 3842; x_wconf 88' lang='lat' dir='ltr'>om</span> <span class='ocrx_word' id='word_1_325' title='bbox 512 3790 541 3842; x_wconf 86' lang='lat' dir='ltr'>V.</span> <span class='ocrx_word' id='word_1_326' title='bbox 579 3788 622 3842; x_wconf 84' lang='grc' dir='ltr'>καί</span> <span class='ocrx_word' id='word_1_327' title='bbox 640 3790 673 3840; x_wconf 86' lang='lat' dir='ltr'>L:</span> <span class='ocrx_word' id='word_1_328' title='bbox 694 3787 748 3842; x_wconf 86' lang='grc' dir='ltr'>οίδε</span> <span class='ocrx_word' id='word_1_329' title='bbox 766 3792 797 3842; x_wconf 90' lang='lat' dir='ltr'>V.</span> <span class='ocrx_word' id='word_1_330' title='bbox 869 3794 911 3842; x_wconf 73' lang='grc' dir='ltr'>δν.</span> <span class='ocrx_word' id='word_1_331' title='bbox 930 3788 1007 3860; x_wconf 81' lang='grc' dir='ltr'>τίγρις</span> <span class='ocrx_word' id='word_1_332' title='bbox 1025 3791 1061 3840; x_wconf 86' lang='lat' dir='ltr'>V:</span> <span class='ocrx_word' id='word_1_333' title='bbox 1084 3805 1121 3847; x_wconf 87' lang='grc' dir='ltr'>τις</span> <span class='ocrx_word' id='word_1_334' title='bbox 1141 3791 1168 3844; x_wconf 86' lang='lat' dir='ltr'>L.</span> <span class='ocrx_word' id='word_1_335' title='bbox 1240 3795 1282 3842; x_wconf 72' lang='grc' dir='ltr'>σί.</span> <span class='ocrx_word' id='word_1_336' title='bbox 1304 3789 1447 3860; x_wconf 73' lang='grc' dir='ltr'>μασαβάτας</span> <span class='ocrx_word' id='word_1_337' title='bbox 1461 3787 1501 3839; x_wconf 86' lang='lat' dir='ltr'>LV.</span> 
     </span>
     <span class='ocr_line' id='line_1_34' title="bbox 338 3873 1503 3947; baseline -0.003 -21"><span class='ocrx_word' id='word_1_338' title='bbox 338 3881 380 3928; x_wconf 76' lang='grc' dir='ltr'>σί.</span> <span class='ocrx_word' id='word_1_339' title='bbox 401 3881 442 3926; x_wconf 74' lang='grc' dir='ltr'>οι.</span> <span class='ocrx_word' id='word_1_340' title='bbox 468 3875 587 3947; x_wconf 75' lang='grc' dir='ltr'>εδφρίτιι</span> <span class='ocrx_word' id='word_1_341' title='bbox 604 3877 633 3926; x_wconf 83' lang='lat' dir='ltr'>L.</span> <span class='ocrx_word' id='word_1_342' title='bbox 705 3881 746 3927; x_wconf 75' lang='lat'>6⁵.</span> <span class='ocrx_word' id='word_1_343' title='bbox 772 3878 795 3928; x_wconf 82' lang='lat' dir='ltr'>ai</span> <span class='ocrx_word' id='word_1_344' title='bbox 814 3873 897 3944; x_wconf 83' lang='grc' dir='ltr'>μίλιον</span> <span class='ocrx_word' id='word_1_345' title='bbox 916 3875 1015 3928; x_wconf 86' lang='lat' dir='ltr'><strong>habara</strong></span> <span class='ocrx_word' id='word_1_346' title='bbox 1033 3879 1161 3942; x_wconf 69' lang='lat' dir='ltr'><strong>putamus</strong></span> <span class='ocrx_word' id='word_1_347' title='bbox 1179 3877 1263 3928; x_wconf 73' lang='lat' dir='ltr'><strong>stadia</strong></span> <span class='ocrx_word' id='word_1_348' title='bbox 1281 3882 1386 3943; x_wconf 84' lang='grc' dir='ltr'>εεμίειιι</span> <span class='ocrx_word' id='word_1_349' title='bbox 1407 3877 1445 3939; x_wconf 75' lang='lat' dir='ltr'>{da</span> <span class='ocrx_word' id='word_1_350' title='bbox 1460 3885 1503 3940; x_wconf 83' lang='lat' dir='ltr'>qua</span> 
     </span>
     <span class='ocr_line' id='line_1_35' title="bbox 337 3962 1502 4030; baseline -0.002 -18"><span class='ocrx_word' id='word_1_351' title='bbox 337 3963 525 4027; x_wconf 84' lang='grc' dir='ltr'>σουμυίυιίουε</span> <span class='ocrx_word' id='word_1_352' title='bbox 544 3976 570 4014; x_wconf 91' lang='grc' dir='ltr'>ν.</span> <span class='ocrx_word' id='word_1_353' title='bbox 585 3963 714 4026; x_wconf 79' lang='lat' dir='ltr'><strong>cangium</strong></span> <span class='ocrx_word' id='word_1_354' title='bbox 727 3963 812 4015; x_wconf 86' lang='lat' dir='ltr'>Gloas.</span> <span class='ocrx_word' id='word_1_355' title='bbox 828 3965 921 4016; x_wconf 72' lang='lat' dir='ltr'>Graan.</span> <span class='ocrx_word' id='word_1_356' title='bbox 936 3977 963 4029; x_wconf 85' lang='lat' dir='ltr'>p.</span> <span class='ocrx_word' id='word_1_357' title='bbox 977 3966 1026 4012; x_wconf 74' lang='grc' dir='ltr'>ίιί</span> <span class='ocrx_word' id='word_1_358' title='bbox 1039 3967 1066 4014; x_wconf 85' lang='grc' dir='ltr'>εί</span> <span class='ocrx_word' id='word_1_359' title='bbox 1076 3976 1139 4028; x_wconf 82' lang='lat' dir='ltr'>app.</span> <span class='ocrx_word' id='word_1_360' title='bbox 1153 3978 1178 4030; x_wconf 86' lang='lat' dir='ltr'>p.</span> <span class='ocrx_word' id='word_1_361' title='bbox 1195 3967 1265 4026; x_wconf 71' lang='lat'><strong>⁴⁸8),</strong></span> <span class='ocrx_word' id='word_1_362' title='bbox 1286 3962 1355 4014; x_wconf 78' lang='grc' dir='ltr'>δυσί</span> <span class='ocrx_word' id='word_1_363' title='bbox 1371 3963 1502 4016; x_wconf 72' lang='lat' dir='ltr'><strong>stadiorum</strong></span> 
     </span>
     <span class='ocr_line' id='line_1_36' title="bbox 337 4049 1500 4114; baseline -0.003 -16"><span class='ocrx_word' id='word_1_364' title='bbox 337 4061 406 4110; x_wconf 84' lang='grc' dir='ltr'>ιιιιιι,</span> <span class='ocrx_word' id='word_1_365' title='bbox 430 4049 454 4100; x_wconf 84' lang='lat' dir='ltr'>si</span> <span class='ocrx_word' id='word_1_366' title='bbox 477 4049 562 4100; x_wconf 73' lang='lat' dir='ltr'><strong>stadia</strong></span> <span class='ocrx_word' id='word_1_367' title='bbox 586 4051 690 4114; x_wconf 85' lang='grc' dir='ltr'>εερίεαι</span> <span class='ocrx_word' id='word_1_368' title='bbox 708 4051 736 4100; x_wconf 87' lang='grc' dir='ltr'>εί</span> <span class='ocrx_word' id='word_1_369' title='bbox 753 4049 910 4110; x_wconf 79' lang='lat' dir='ltr'>dimidium,</span> <span class='ocrx_word' id='word_1_370' title='bbox 936 4061 1079 4110; x_wconf 74' lang='grc' dir='ltr'>καιισσιιν,</span> <span class='ocrx_word' id='word_1_371' title='bbox 1105 4051 1129 4100; x_wconf 82' lang='lat' dir='ltr'>ai</span> <span class='ocrx_word' id='word_1_372' title='bbox 1153 4053 1227 4111; x_wconf 85' lang='grc' dir='ltr'>οσίυ,</span> <span class='ocrx_word' id='word_1_373' title='bbox 1256 4063 1436 4102; x_wconf 72' lang='lat' dir='ltr'><strong>naamam:</strong></span> <span class='ocrx_word' id='word_1_374' title='bbox 1459 4057 1500 4096; x_wconf 90' lang='grc' dir='ltr'>υου</span> 
     </span>
     <span class='ocr_line' id='line_1_37' title="bbox 337 4133 1501 4198; baseline -0.003 -12"><span class='ocrx_word' id='word_1_375' title='bbox 337 4134 515 4186; x_wconf 76' lang='lat' dir='ltr'><strong>dubitandum</strong></span> <span class='ocrx_word' id='word_1_376' title='bbox 534 4137 575 4187; x_wconf 82' lang='grc' dir='ltr'>εεί</span> <span class='ocrx_word' id='word_1_377' title='bbox 592 4137 682 4186; x_wconf 76' lang='lat' dir='ltr'><strong>autam</strong></span> <span class='ocrx_word' id='word_1_378' title='bbox 701 4133 909 4198; x_wconf 75' lang='lat' dir='ltr'><strong>intellegendum</strong></span> <span class='ocrx_word' id='word_1_379' title='bbox 927 4149 987 4187; x_wconf 86' lang='grc' dir='ltr'>εεεε</span> <span class='ocrx_word' id='word_1_380' title='bbox 1005 4135 1231 4189; x_wconf 78' lang='grc' dir='ltr'>αουιοίυιιιίείιιιυ</span> <span class='ocrx_word' id='word_1_381' title='bbox 1245 4137 1327 4188; x_wconf 72' lang='lat' dir='ltr'><strong>trium</strong></span> <span class='ocrx_word' id='word_1_382' title='bbox 1346 4135 1446 4188; x_wconf 83' lang='lat' dir='ltr'><strong>milium</strong></span> <span class='ocrx_word' id='word_1_383' title='bbox 1462 4145 1501 4182; x_wconf 91' lang='grc' dir='ltr'>ιιυ·</span> 
     </span>
     <span class='ocr_line' id='line_1_38' title="bbox 338 4219 1499 4288; baseline -0.001 -17"><span class='ocrx_word' id='word_1_384' title='bbox 338 4235 452 4272; x_wconf 84' lang='lat' dir='ltr'>marum.</span> <span class='ocrx_word' id='word_1_385' title='bbox 494 4220 897 4273; x_wconf 59' lang='lat' dir='ltr'><strong>&amp;mathaniam-latitudinis</strong></span> <span class='ocrx_word' id='word_1_386' title='bbox 921 4221 1129 4288; x_wconf 74' lang='lat' dir='ltr'><strong>Mesopotamiae</strong></span> <span class='ocrx_word' id='word_1_387' title='bbox 1153 4235 1309 4274; x_wconf 77' lang='lat' dir='ltr'><strong>manaumm</strong></span> <span class='ocrx_word' id='word_1_388' title='bbox 1332 4221 1425 4274; x_wconf 75' lang='lat' dir='ltr'><strong>Strabo</strong></span> <span class='ocrx_word' id='word_1_389' title='bbox 1441 4233 1457 4270; x_wconf 89' lang='lat' dir='ltr'>u</span> <span class='ocrx_word' id='word_1_390' title='bbox 1476 4219 1499 4265; x_wconf 66' lang='grc' dir='ltr'>εί</span> 
     </span>
     <span class='ocr_line' id='line_1_39' title="bbox 338 4303 1500 4380; baseline 0.002 -22"><span class='ocrx_word' id='word_1_391' title='bbox 338 4321 364 4372; x_wconf 87' lang='grc' dir='ltr'>μ.</span> <span class='ocrx_word' id='word_1_392' title='bbox 386 4311 416 4358; x_wconf 72' lang='grc'>79</span> <span class='ocrx_word' id='word_1_393' title='bbox 435 4307 521 4360; x_wconf 77' lang='lat' dir='ltr'><strong>adfert</strong></span> <span class='ocrx_word' id='word_1_394' title='bbox 539 4306 638 4370; x_wconf 68' lang='lat' dir='ltr'><strong>hanna,</strong></span> <span class='ocrx_word' id='word_1_395' title='bbox 666 4304 743 4380; x_wconf 87' lang='grc' dir='ltr'>μίχρι</span> <span class='ocrx_word' id='word_1_396' title='bbox 761 4306 808 4375; x_wconf 80' lang='grc' dir='ltr'>μὲν</span> <span class='ocrx_word' id='word_1_397' title='bbox 826 4305 859 4375; x_wconf 81' lang='grc' dir='ltr'>δὴ</span> <span class='ocrx_word' id='word_1_398' title='bbox 876 4311 922 4360; x_wconf 81' lang='grc' dir='ltr'>τοῦ</span> <span class='ocrx_word' id='word_1_399' title='bbox 939 4303 1068 4378; x_wconf 87' lang='grc' dir='ltr'>Τίγριδος,</span> <span class='ocrx_word' id='word_1_400' title='bbox 1093 4305 1158 4360; x_wconf 75' lang='grc' dir='ltr'>ὅπου</span> <span class='ocrx_word' id='word_1_401' title='bbox 1174 4303 1334 4376; x_wconf 79' lang='grc' dir='ltr'>Ἀλίξσνδρας</span> <span class='ocrx_word' id='word_1_402' title='bbox 1351 4305 1434 4377; x_wconf 83' lang='grc' dir='ltr'>διίβη,</span> <span class='ocrx_word' id='word_1_403' title='bbox 1452 4319 1500 4354; x_wconf 65' lang='grc' dir='ltr'>στι·</span> 
     </span>
     <span class='ocr_line' id='line_1_40' title="bbox 338 4389 1499 4464; baseline 0.003 -21"><span class='ocrx_word' id='word_1_404' title='bbox 338 4389 406 4450; x_wconf 86' lang='grc' dir='ltr'>δίους</span> <span class='ocrx_word' id='word_1_405' title='bbox 430 4389 567 4464; x_wconf 75' lang='grc' dir='ltr'>δισχιλίους</span> <span class='ocrx_word' id='word_1_406' title='bbox 590 4391 634 4445; x_wconf 87' lang='grc' dir='ltr'>καὶ</span> <span class='ocrx_word' id='word_1_407' title='bbox 654 4390 830 4464; x_wconf 85' lang='grc' dir='ltr'>τετρακοσίους</span> <span class='ocrx_word' id='word_1_408' title='bbox 850 4391 956 4463; x_wconf 79' lang='grc' dir='ltr'>γράφει,</span> <span class='ocrx_word' id='word_1_409' title='bbox 983 4395 1111 4445; x_wconf 83' lang='lat' dir='ltr'>nimirum</span> <span class='ocrx_word' id='word_1_410' title='bbox 1135 4393 1197 4446; x_wconf 82' lang='lat' dir='ltr'><strong>inda</strong></span> <span class='ocrx_word' id='word_1_411' title='bbox 1220 4393 1254 4444; x_wconf 87' lang='lat' dir='ltr'>ab</span> <span class='ocrx_word' id='word_1_412' title='bbox 1272 4393 1415 4461; x_wconf 75' lang='lat' dir='ltr'><strong>Euphratis</strong></span> <span class='ocrx_word' id='word_1_413' title='bbox 1427 4401 1499 4464; x_wconf 62' lang='lat' dir='ltr'>propt</span> 
     </span>
     <span class='ocr_line' id='line_1_41' title="bbox 336 4477 1499 4550; baseline 0.002 -22"><span class='ocrx_word' id='word_1_414' title='bbox 336 4477 504 4544; x_wconf 71' lang='lat' dir='ltr'><strong>Thapsacum</strong></span> <span class='ocrx_word' id='word_1_415' title='bbox 528 4479 651 4531; x_wconf 81' lang='grc' dir='ltr'>ίιειιείίυ.</span> <span class='ocrx_word' id='word_1_416' title='bbox 688 4479 752 4532; x_wconf 76' lang='lat' dir='ltr'><strong>itam</strong></span> <span class='ocrx_word' id='word_1_417' title='bbox 770 4493 811 4530; x_wconf 80' lang='grc' dir='ltr'>τνι</span> <span class='ocrx_word' id='word_1_418' title='bbox 829 4485 858 4530; x_wconf 63' lang='grc' dir='ltr'>τί</span> <span class='ocrx_word' id='word_1_419' title='bbox 881 4493 907 4546; x_wconf 87' lang='grc' dir='ltr'>ρ.</span> <span class='ocrx_word' id='word_1_420' title='bbox 928 4483 993 4542; x_wconf 75' lang='lat' dir='ltr'>m,</span> <span class='ocrx_word' id='word_1_421' title='bbox 1017 4479 1046 4532; x_wconf 87' lang='grc' dir='ltr'>τδ</span> <span class='ocrx_word' id='word_1_422' title='bbox 1069 4479 1115 4549; x_wconf 81' lang='grc' dir='ltr'>μὲν</span> <span class='ocrx_word' id='word_1_423' title='bbox 1139 4477 1183 4532; x_wconf 82' lang='grc' dir='ltr'>οὖν</span> <span class='ocrx_word' id='word_1_424' title='bbox 1207 4478 1324 4548; x_wconf 62' lang='grc' dir='ltr'>μέγιστον</span> <span class='ocrx_word' id='word_1_425' title='bbox 1341 4479 1356 4532; x_wconf 82' lang='grc' dir='ltr'>δ</span> <span class='ocrx_word' id='word_1_426' title='bbox 1372 4477 1499 4550; x_wconf 72' lang='grc' dir='ltr'>ἀφίστανται</span> 
     </span>
     <span class='ocr_line' id='line_1_42' title="bbox 342 4557 1496 4636; baseline 0.003 -22"><span class='ocrx_word' id='word_1_427' title='bbox 342 4563 499 4631; x_wconf 74' lang='lat' dir='ltr'><strong>(Euphrates</strong></span> <span class='ocrx_word' id='word_1_428' title='bbox 517 4571 544 4618; x_wconf 86' lang='grc' dir='ltr'>εί</span> <span class='ocrx_word' id='word_1_429' title='bbox 555 4565 648 4630; x_wconf 76' lang='lat' dir='ltr'>Tigris)</span> <span class='ocrx_word' id='word_1_430' title='bbox 668 4563 796 4634; x_wconf 76' lang='grc' dir='ltr'>διάστημα</span> <span class='ocrx_word' id='word_1_431' title='bbox 813 4559 859 4616; x_wconf 81' lang='grc' dir='ltr'>ἀπ’</span> <span class='ocrx_word' id='word_1_432' title='bbox 879 4563 1001 4634; x_wconf 78' lang='grc' dir='ltr'>ἀλλήλων</span> <span class='ocrx_word' id='word_1_433' title='bbox 1017 4565 1047 4618; x_wconf 87' lang='grc' dir='ltr'>τδ</span> <span class='ocrx_word' id='word_1_434' title='bbox 1064 4565 1127 4636; x_wconf 80' lang='grc' dir='ltr'>πρὸς</span> <span class='ocrx_word' id='word_1_435' title='bbox 1144 4570 1199 4624; x_wconf 88' lang='grc' dir='ltr'>τοῖς</span> <span class='ocrx_word' id='word_1_436' title='bbox 1216 4563 1300 4634; x_wconf 84' lang='grc' dir='ltr'>δρεσίν</span> <span class='ocrx_word' id='word_1_437' title='bbox 1318 4565 1384 4618; x_wconf 75' lang='grc' dir='ltr'>ἐστι·</span> <span class='ocrx_word' id='word_1_438' title='bbox 1402 4567 1466 4618; x_wconf 57' lang='lat' dir='ltr'>ww</span> <span class='ocrx_word' id='word_1_439' title='bbox 1480 4557 1496 4610; x_wconf 68' lang='grc' dir='ltr'>Τ</span> 
     </span>
    </p>
   </div>
   <div class='ocr_carea' id='block_1_4' title="bbox 0 0 1624 5094">
    <p class='ocr_par' dir='ltr' id='par_1_13' title="bbox 0 0 1624 5094">
     <span class='ocr_line' id='line_1_43' title="bbox 0 0 1624 5094; baseline 0 4"><span class='ocrx_word' id='word_1_440' title='bbox 0 0 1624 5094; x_wconf 95' lang='lat' dir='ltr'> </span> 
     </span>
    </p>
   </div>
  </div>
 </body>
</html>
