3184 5108
359 415 449 476 Imm
472 432 636 476 merrom
660 431 843 474 murrum
861 413 954 474 4862.
1183 397 1257 469 217

95 600 128 666 iri
143 599 178 667 τὰ
198 595 308 687 δρυια,
334 605 479 689 γαυριῶυ,
503 601 658 666 πεπυιδῶυ
680 595 827 686 sipiritu
850 595 997 684 συγκυπδυ
1022 597 1055 664 δὲ
1077 603 1129 664 τοῦ
1151 594 1259 684 κυδρος

97 701 290 792 Καλλίστρατος
319 704 483 778 πεποιθώς.
539 707 614 768 hinc
639 705 802 768 Bentleius
832 707 865 766 iu
895 705 1031 786 epistula
1059 703 1099 765 ed
1128 702 1259 764 Miliium

96 830 117 890 p.
129 812 176 871 tut
203 811 255 874 ed.
280 811 369 893 Dyeii
393 812 494 890 eruit,
518 811 633 891 partim
658 810 803 890 egregie,
828 811 979 892 γαυριῶυ,
1003 798 1172 882 πεποιθώς,
1189 795 1259 867 Ἴων

96 907 254 998 Εὐρυτίδαις.
303 917 437 1000 συγιυπῇ
470 911 503 977 δὲ
524 917 618 999 subp
649 913 749 984 κῦδος.
797 907 1041 1008 Καλλίστρατος,
1072 909 1259 991 putavitque

96 1017 156 1096 quod
180 1017 376 1098 sequebatur
402 1013 556 1090 πεποιθώς
578 1017 721 1080 additum
752 1036 822 1079 esse
854 1027 890 1078 ut
919 1013 1145 1078 emendaretur
1174 1011 1260 1093 qued

95 1129 162 1182 antee
181 1122 335 1202 scriptum
359 1131 427 1184 eret
442 1120 606 1184 πυπυυδῶυ.
644 1141 729 1182 nuuc
750 1121 868 1183 scimus
884 1119 929 1180 ibi
946 1137 1073 1199 quoque
1096 1118 1129 1179 iu
1151 1113 1259 1178 codice

96 1242 145 1286 etse
162 1219 324 1296 πεποιθώς.
370 1227 478 1306 itaque
501 1225 678 1288 scribemus
700 1243 776 1287 seue
798 1215 963 1300 πεποιθώς,
981 1211 1050 1284 Ἴων
1067 1214 1257 1302 Εὐρυτίδαις,

96 1326 138 1387 sed
155 1327 232 1408 quod
253 1323 407 1400 πεποιθώς
436 1329 468 1390 in
499 1328 561 1392 fine
591 1327 707 1391 iterum
729 1325 873 1390 additum
901 1335 948 1389 est
971 1344 1008 1387 eo
1030 1321 1260 1406 explicabimus

97 1429 159 1508 qued
177 1441 267 1494 antea
297 1432 414 1512 aliquis
444 1431 594 1495 librarius
616 1441 782 1513 postquem
806 1431 938 1513 γαυριῶυ
961 1428 1134 1508 scripserat
1155 1426 1261 1487 omisit

95 1529 220 1606 πεπυιδδς
240 1525 322 1613 Ἴων,
354 1553 435 1616 quae
465 1535 586 1598 eisdem
616 1536 730 1597 litteris
757 1534 928 1610 finiuntur;
962 1529 1081 1594 deinde
1108 1529 1258 1592 omissum

96 1631 218 1709 υυυυιδώς
247 1640 280 1700 iu
310 1639 453 1718 margine
483 1639 679 1720 adscriptum
709 1637 859 1718 idemque
890 1635 1030 1714 denique
1059 1643 1090 1696 et
1120 1641 1206 1694 recto
1228 1641 1260 1694 et

97 1735 227 1801 blsoloco
249 1740 409 1804 adiectum
432 1753 492 1804 est.
531 1743 653 1824 relique
677 1743 719 1804 ite
736 1740 802 1804 iere
824 1737 1024 1802 emendenda
1040 1747 1124 1815 sunt,
1151 1757 1260 1818 συγκυ-

96 1835 136 1902 etv
155 1839 182 1905 u
201 1843 234 1906 ἐκ
260 1848 313 1908 τοῦ
335 1842 476 1930 κυδαρός.
516 1841 751 1931 Καλλίστρατος.
800 1844 918 1906 etenim
947 1861 988 1904 ex
1010 1840 1116 1902 codice
1139 1849 1260 1920 etymo-

96 1941 168 2021 logici
180 1947 323 2010 Vossiano
339 1948 524 2012 Geisfordus
541 1969 574 2030 p.
596 1949 677 2010 ibib
693 1950 772 2010 haec
787 1945 995 2028 exprompsit,
1012 1939 1133 2026 κυδρός,
1149 1939 1258 2024 τίμιος,

97 2039 141 2109 tri
158 2053 204 2114 τυδ
223 2052 312 2122 κῦδος
334 2045 454 2138 κυδρός,
478 2045 498 2135 ἢ
522 2047 580 2116 ἀπὸ
602 2055 654 2116 rei>
671 2049 802 2116 κυδαίνω
824 2043 966 2134 κυδαρός,
979 2043 1032 2120 ,ὡς
1055 2042 1165 2129 piritu
1186 2065 1260 2127 ρια-

96 2144 145 2230 tit,
164 2149 209 2216 itui
229 2159 362 2240 συγκοπῇ
385 2150 503 2240 κυδρός.
