3204 5104
294 2171 326 2216 43

346 405 420 478 308
643 421 731 482 lnam
754 438 918 482 exortorum
942 437 1125 482 armantur!
1143 417 1236 478 laet.

343 609 435 671 nihili
458 627 528 672 esse
544 607 629 690 quod
645 607 831 690 Blaydesius
846 608 976 688 protulit
997 601 1155 671 κάλλιπον
1179 603 1231 690 μὲν
1254 596 1306 669 οὖν
1329 599 1371 669 Τὸ
1394 603 1517 689 Φλέγρας

341 709 444 775 πεδίον
462 712 514 774 vel
536 711 622 792 quod
637 711 791 791 Bergliius
815 710 889 773 inde
905 712 1048 792 sumpsit
1070 704 1226 774 κάλλιπον
1251 706 1303 792 μὲν
1325 698 1378 772 οίνν
1393 707 1517 792 Φλέγρας

340 813 452 879 πεδίον.
501 813 586 896 quod
613 825 719 877 autem
740 814 903 876 Dohraeus
924 812 1006 876 adv.
1032 833 1053 875 u
1077 834 1109 895 p.
1133 814 1189 876 224
1218 812 1387 895 adscripsit
1414 829 1518 872 memo-

342 920 405 979 rari
435 919 468 980 in
497 919 614 982 scholio
644 920 676 979 iu
707 920 776 998 Lys.
809 918 871 980 9⁴2
901 911 1085 1003 Φλεγρεώδη
1117 915 1276 997 quendam
1306 918 1439 998 herpillo
1465 930 1517 974 non

341 1021 432 1102 longe
454 1020 495 1084 ab
517 1041 590 1084 arce
613 1021 810 1083 Athenarum
837 1022 934 1083 situm
957 1039 1091 1100 esseque
1115 1019 1156 1082 de
1179 1039 1215 1082 ea
1239 1039 1273 1080 re
1296 1016 1514 1098 quaerendum,

340 1125 491 1186 nimirum
515 1125 614 1187 multa
636 1125 669 1185 in
692 1125 817 1186 chartas
838 1124 1010 1186 conicimus
1032 1121 1073 1184 de
1099 1121 1218 1203 quibus
1238 1119 1410 1202 aliquando
1431 1137 1518 1200 quae-

340 1227 476 1289 rendum
499 1247 569 1289 esse
592 1246 774 1304 oensemuS,
805 1225 863 1288 sed
893 1235 1040 1306 repetere
1070 1225 1143 1288 talia
1169 1225 1247 1288 alios
1270 1242 1332 1284 non
1355 1222 1516 1304 perquisita

338 1332 516 1393 accuratius
531 1329 649 1391 nullam
673 1328 768 1391 habet
784 1329 963 1392 utilitatem.
1012 1347 1116 1409 neque
1132 1328 1239 1390 doceri
1256 1337 1360 1409 potest
1376 1321 1518 1407 quomodo

338 1431 476 1494 Atticum
506 1431 585 1494 illud
616 1441 741 1513 pratum
769 1433 831 1494 huc
861 1433 1030 1512 pertineat.
1083 1451 1147 1494 non
1180 1432 1279 1512 magis
1311 1426 1517 1510 quaerendum

339 1548 407 1598 erat
429 1537 580 1598 miserum
605 1534 763 1615 refugium
790 1545 821 1596 et
843 1533 884 1597 de
908 1537 1002 1598 unius
1026 1534 1175 1597 versiculi
1197 1533 1366 1596 amissione
1389 1533 1518 1612 cogitan-

339 1636 431 1700 dum:
459 1647 579 1700 restant
602 1638 689 1700 enim
712 1638 861 1700 mendosa
883 1647 979 1718 atque
1003 1636 1249 1719 inexplicabilia.

423 1741 569 1822 Sophocli
597 1750 692 1822 atque
722 1740 924 1823 Aristophani
953 1741 1083 1802 tertium
1114 1742 1164 1803 cui
1192 1758 1283 1820 opem
1313 1737 1467 1814 feramus,
1496 1735 1518 1794 si
1589 1815 1590 1820 ρ

338 1855 442 1906 tamen
466 1845 623 1925 possimus
651 1843 755 1922 farre,
786 1842 990 1924 adiungimus
1012 1843 1225 1906 Theocritum.
1280 1843 1311 1903 in
1341 1843 1432 1904 ouius
1458 1857 1518 1900 oar-
1589 1907 1590 1912 .

338 1948 458 2009 minum
482 1947 548 2029 ipso
571 1947 675 2008 statim
699 1947 789 2008 initio
811 1965 874 2008 non
897 1946 985 2009 nulla
1007 1956 1082 2009 sunt
1109 1945 1150 2009 de
1179 1945 1297 2027 quihus
1318 1944 1412 2006 aliter
1433 1954 1518 2022 atque

337 2068 441 2130 nuper
464 2050 578 2111 lactum
602 2061 650 2112 est
673 2047 799 2110 videtur
822 2069 892 2112 osse
917 2048 1133 2113 iudicandum.
1181 2049 1292 2129 incipit
1315 2032 1454 2129 ΤίνγτείαΙ

484 2145 555 2216 ‘Aoo
576 2175 605 2216 τι
626 2147 659 2216 τὸ
682 2145 849 2236 ψιθίριαρα
870 2148 922 2215 καί
945 2145 965 2215 ἃ
985 2150 1085 2226 πίτυς,
1111 2145 1235 2227 αίπόλε,
1258 2142 1335 2234 τήνα

489 2247 509 2317 ἁ
532 2250 598 2318 ποτέ
618 2255 683 2327 ταῖς
705 2253 832 2338 παγαῖαι
855 2253 1041 2338 pelliciatur,
1068 2248 1125 2319 ἁδὺ
1149 2250 1182 2317 δέ
1204 2247 1255 2316 καί
1275 2245 1311 2315 τό

488 2355 635 2442 ανρίαδες.
683 2353 757 2441 μετὰ
780 2355 868 2422 Πᾶνα
889 2353 922 2422 τὸ
946 2351 1082 2444 δείτερον
1106 2347 1199 2421 ἆίλλον
1221 2351 1346 2440 ἀπαιτῇ.

489 2455 561 2525 αἴκα
583 2463 671 2546 τῆνος
692 2460 747 2545 ἕλῃ
770 2457 878 2546 κεραὸν
901 2455 1028 2547 τράγον,
1054 2458 1126 2546 αίγα
1147 2455 1182 2523 τὺ
1205 2461 1307 2544 λαψῇ·

488 2559 561 2626 αἴκα
584 2557 609 2626 δ’
637 2559 710 2648 αἶγα
731 2557 811 2650 λάβῃ
833 2567 922 2648 τῆνος
943 2563 1054 2649 γέρας,
1077 2563 1109 2635 ές
1131 2560 1163 2627 τὲ
1185 2561 1329 2647 καταρρεῖ

487 2660 670 2752 ἁχίραρος.
718 2660 839 2752 χιμάρον
863 2663 896 2756 δέ
918 2661 1011 2732 καλὸν
1035 2666 1126 2752 κρέας
1147 2663 1215 2729 ἔατε
1237 2659 1263 2728 κ’
1291 2659 1428 2749 ἀρέλξρς.

334 2769 507 2832 rectissime
531 2770 689 2832 intellexit
704 2771 880 2833 Meiuekius
899 2791 970 2834 oum
987 2771 1170 2833 Theocriteo
1192 2769 1223 2840 ἐς
1244 2764 1277 2831 τὲ
1298 2767 1440 2852 καταρρεῖ
1459 2783 1513 2826 non

334 2891 424 2953 posse
447 2871 611 2954 conparari
628 2873 830 2936 Horatianum
855 2872 934 2936 illud
956 2874 1109 2955 multoque
1124 2889 1238 2936 merces
1260 2871 1340 2934 Vnde
1360 2877 1449 2952 potest
1468 2866 1516 2930 tihi

332 2975 444 3056 deli-cot
473 2993 566 3056 aequo
596 2971 639 3036 Ab
670 2977 739 3037 love
761 2977 954 3059 Neptunoque
982 2977 1068 3039 ooo-ri
1095 2976 1216 3038 custode
1250 2976 1389 3072 Torpnti,
1420 2989 1513 3052 neque

333 3079 433 3158 magis
455 3077 541 3158 quod
562 3078 648 3159 apud
669 3080 798 3140 Bioncm
821 3098 831 3140 r
854 3078 893 3139 tl
920 3079 1035 3160 legitur
1063 3072 1214 3161 λάμβανε,
1248 3069 1440 3162 Περαεφόνα,
1466 3067 1512 3136 τὸν

332 3174 404 3263 έρὸν
426 3174 529 3243 πόσιν·
568 3176 634 3244 έααί
655 3175 712 3265 γὰρ
737 3175 813 3245 αὖτέ
828 3176 945 3246 [lollio
969 3182 1041 3265 ἐμοῦ
1056 3177 1220 3266 κρείσσων,
1242 3174 1277 3243 τὸ
1301 3177 1335 3242 δέ
1356 3183 1413 3242 πᾶν
1430 3171 1510 3240 καλὸν

331 3281 364 3354 ές
391 3279 426 3345 οὲ
452 3283 604 3368 καταρρεῖ.
652 3303 724 3346 nam
754 3284 819 3345 illic
847 3303 1018 3365 sanequam
1050 3295 1134 3346 recte
1165 3284 1321 3346 hienricus
1345 3282 1509 3364 Stephanus

333 3387 375 3449 ita
399 3387 536 3448 correxit
558 3386 644 3467 quod
667 3386 739 3448 libri
764 3386 882 3448 hahent
904 3382 955 3449 καὶ
977 3376 1073 3472 ἔρρει.
1120 3385 1206 3467 quod
1221 3396 1326 3448 autern
1343 3403 1442 3467 nuper
1458 3381 1507 3443 luit

333 3489 388 3569 qni
411 3488 558 3550 crederet
580 3489 666 3571 apud
689 3490 887 3552 Theocritum
909 3489 1053 3576 καταρρεῖ
1074 3489 1172 3553 verbo
1201 3507 1329 3570 capram
1352 3487 1392 3550 ad
1413 3503 1507 3568 capra-

334 3592 416 3654 rium
438 3588 652 3671 aleonoram,
683 3593 764 3654 ultro
787 3593 907 3656 scilicet
929 3603 961 3656 et
983 3593 1073 3674 quasi
1096 3611 1178 3673 aqua
1200 3593 1320 3654 saliens
1342 3594 1399 3670 sit,
1423 3587 1505 3670 signi-

335 3694 440 3772 licari,
473 3694 506 3756 id
534 3713 610 3758 vero
639 3705 701 3756 tam
730 3693 906 3758 absurdum
935 3705 982 3758 est
1012 3715 1107 3776 quam
1135 3695 1238 3776 placet
1267 3695 1398 3758 auctori.
1441 3691 1504 3753 alius

335 3807 421 3859 tanta
443 3796 501 3860 luit
525 3796 671 3860 vecordia
694 3806 728 3860 ut
749 3795 878 3883 χίραρος
901 3809 932 3860 et
953 3795 1099 3882 χείμαρος
1126 3797 1351 3860 vocabulorum
1373 3795 1501 3860 similitu-

336 3899 412 3961 dine
440 3909 564 3980 poetam
594 3900 706 3962 lusisse
729 3909 867 3981 putaret.
915 3901 1002 3962 ferax
1030 3909 1078 3962 est
1101 3903 1187 3964 enim
1209 3911 1317 3963 nostra
1340 3911 1424 3963 aetas
1444 3913 1502 3978 ptr·

335 4011 506 4064 tentorum.
546 4003 586 4064 ad
609 4003 682 4066 talia
702 4013 877 4066 commenta
898 4003 925 4065 si
948 4001 1195 4084 confugiendum
1219 4014 1305 4066 esset
1327 4013 1362 4066 ut
1383 3995 1504 4084 καταρρεῖ

336 4105 416 4168 illud
439 4106 670 4187 explicaretur,
696 4107 809 4186 quavis
832 4106 936 4186 potius
958 4107 1130 4168 mutatione
1154 4107 1299 4189 ineptum
1314 4107 1444 4169 verbum
1463 4121 1502 4162 nt·

338 4207 514 4270 liceremus.
562 4218 593 4270 et
621 4210 745 4272 censuit
768 4193 939 4272 mutatione
962 4207 1117 4272 utendum
1141 4229 1211 4272 esse
1233 4211 1417 4274 hetherius.
1458 4203 1499 4284 qui

338 4308 422 4390 quod
445 4309 650 4374 scribendum
674 4331 743 4374 esse
766 4313 898 4374 coniecit
920 4311 1058 4397 καταρεῖ,
1084 4312 1117 4374 id
1134 4313 1266 4393 liguram
1281 4313 1375 4376 nohis
1396 4309 1499 4372 videtur

337 4414 519 4504 continere,
552 4425 586 4476 ut
616 4433 728 4477 verum
749 4414 917 4494 fateamur,
949 4416 1046 4478 multo
1069 4415 1306 4479 mirabilioremv
1320 4435 1410 4498 quam
1430 4405 1496 4492 quod

339 4515 413 4577 libri
448 4514 563 4580 hahent
598 4516 778 4598 lectumque
811 4528 859 4580 est
891 4517 932 4581 ab
964 4517 1128 4600 Apollonio
1165 4517 1207 4582 de
1241 4539 1333 4602 pron.
1364 4540 1396 4602 p.
1420 4515 1492 4576 lll‘·
