3186 5108
389 429 477 492 luurx
500 445 666 492 ιιοπιοιινι
687 445 866 491 ιικπινικιι
884 428 978 491 tart.
1202 412 1269 485 191

101 639 175 704 κιρον
207 617 350 702 “ripaeos
379 615 457 702 μέγα
485 615 709 703 κοπρόοαντες,”
743 612 776 680 τό
807 613 840 680 δὲ
869 611 1006 702 δεότερον
1041 608 1275 699 “κυλινδόριενος

101 717 169 786 κατὰ
187 715 328 808 κόπρον.”
368 719 451 804 λέγει
473 717 506 784 δὲ
524 718 575 784 κοιλ
591 717 645 806 τήν
661 714 762 784 στάσιν
777 723 836 783 τῶν
853 718 948 805 βοῶν·
975 718 1146 805 “ρυκηθριῷ
1168 713 1199 781 δ’
1217 713 1275 784 ἀπό

101 819 201 912 κόπρου
229 817 424 890 ἐπεσσεύοντο
452 817 609 907 temous
664 823 774 886 eadem
810 823 877 886 lere
908 825 1060 905 excripsit
1087 823 1273 905 Hesychius.

100 923 214 1014 κόπρος,
244 921 319 1013 ἥτε
340 931 400 991 τῶν
422 929 538 1011 κτηνῶν
566 921 587 1012 ἡ
611 926 654 999 εἰς
675 921 742 998 πυός
771 921 884 1011 κήπους
913 925 1104 1012 βαλλομένη,
1136 925 1277 1010 “ripaeos

101 1031 168 1117 ρόρπ
189 1025 429 1117 κοπρήσπνπσς,”
459 1027 510 1094 κοιλ
532 1024 552 1114 ἡ
576 1024 676 1102 στάσις
698 1033 757 1092 τῶν
780 1029 872 1114 βοῶν,
904 1026 955 1093 καλ
976 1023 996 1113 ἡ
1020 1023 1118 1107 κόνις,
1150 1032 1276 1094 “uuita-

100 1129 234 1219 δόῐρινος)
267 1129 346 1198 κατὰ
372 1128 511 1219 κόπρον.”
558 1133 677 1196 deinde
709 1122 749 1194 ἰιιΙ
780 1133 890 1196 eodem
919 1135 1037 1196 scholio
1065 1143 1119 1196 aut
1142 1133 1299 1199 scholia-t

98 1248 157 1301 stac
179 1240 330 1301 memoria
352 1249 407 1300 aut
429 1237 551 1299 librarii
574 1254 687 1298 manus
715 1255 732 1297 a
755 1255 831 1297 vera
854 1237 1002 1299 versiculi
1032 1237 1087 1316 qui
1110 1256 1151 1299 ex
1172 1235 1277 1318 Odys-

98 1343 138 1404 sia
157 1341 301 1405 adlertur
323 1343 479 1422 scripture
508 1338 681 1402 aberravit.
727 1349 794 1401 tum
817 1341 870 1401 illa
898 1359 937 1401 ex
959 1339 1041 1401 libro
1064 1339 1170 1402 iliadis
1192 1357 1273 1418 xxut,

98 1437 148 1508 όπό
169 1443 202 1508 δὲ
225 1444 372 1531 στέρνοισι
393 1440 479 1528 κονίη
494 1435 607 1505 e'locor’
634 1437 807 1527 ἀειρομένη,
833 1443 1009 1522 scholiasta,
1034 1443 1060 1505 si
1084 1453 1273 1521 sanuserat,

98 1548 272 1611 adscribere
294 1567 359 1610 non
382 1548 494 1629 potuit.
542 1543 621 1626 quid
643 1547 808 1626 scripserit
829 1565 893 1608 non
917 1545 1076 1608 dubitabit
1102 1547 1157 1627 qui
1179 1545 1277 1628 hpol-

98 1651 207 1714 lcnium
229 1651 469 1731 conparaverit:
503 1649 654 1710 nimimm
677 1659 730 1712 aut
754 1650 839 1711 hunc
861 1667 988 1713 versum
1011 1647 1126 1711 adiecit
1152 1649 1198 1730 (ll.
1216 1667 1275 1711 κκιι

98 1755 177 1838 itt),
208 1746 321 1826 πάντας
351 1750 384 1816 δὲ
413 1747 548 1816 λιτάνευε
570 1745 779 1836 κυλινδόμενος
807 1747 884 1816 κατὰ
906 1744 1028 1836 κόπρον,
1058 1763 1112 1815 aut
1141 1753 1275 1814 alterum

97 1857 189 1937 illum,
215 1848 310 1941 σόλῆς
332 1855 365 1920 ἐν
386 1849 521 1942 χόρτοισι
542 1849 751 1938 κυλινδόμενος
774 1851 851 1919 κατὰ
873 1849 994 1940 κόπρον,
1023 1858 1079 1936 qui
1103 1858 1135 1916 in
1157 1856 1275 1917 scholio

96 1961 264 2023 victoriano
279 1970 483 2038 memoratur,
508 1958 590 2021 alius
605 1956 746 2038 quidem,
773 1971 806 2021 ut
826 1978 912 2021 nuno
934 1960 1070 2020 scholion
1097 1959 1173 2021 illud
1197 1959 1276 2038 legi-

97 2073 154 2144 tur,
179 2063 398 2144 explicationis
421 2081 524 2125 causa.

175 2167 238 2230 Sed
261 2166 302 2229 ad
324 2162 400 2230 κατὰ
422 2160 532 2250 κόπρον
556 2165 634 2228 illud
666 2167 696 2227 in
722 2165 802 2226 libro
823 2183 882 2226 xxu
905 2164 1100 2246 adscriptum
1124 2161 1277 2228 habemus

96 2271 227 2334 scholion
250 2268 355 2351 paullo
379 2267 625 2332 memorabilius.
674 2262 738 2330 ἀντὶ
759 2269 811 2330 τοῦ
834 2262 910 2331 κατὰ
931 2255 1125 2354 τόσιῖρφετόν
1139 2273 1191 2353 τῆς
1206 2273 1273 2354 γῆς.

96 2369 152 2436 ἔστι
174 2370 207 2436 δὲ
229 2367 280 2435 καὶ
302 2369 476 2455 ἐπίγραμμα
495 2362 514 2434 ό
537 2371 579 2443 εἰς
598 2365 783 2457 Ἐπίχαρμον
807 2365 1004 2456 ἀναφέρεται·

196 2469 256 2559 εἰμὶ
278 2467 398 2559 νεκρός,
422 2469 525 2559 νεκρός
549 2471 581 2537 δὲ
603 2469 731 2559 κόπρος,
755 2477 794 2558 γῆ
819 2469 846 2536 δ’
866 2468 887 2558 ἡ
909 2469 1016 2560 κόπρος
1039 2473 1134 2539 ἐστίν·

264 2578 292 2642 εἰ
316 2577 348 2641 δέ
369 2602 402 2643 τε
423 2583 462 2662 γῆ
485 2571 588 2663 νεκρός
611 2572 688 2654 ἐστ’,
713 2572 748 2641 οὐ
771 2571 892 2662 νεκρός,
918 2573 997 2642 ἀλλὰ
1019 2575 1101 2650 θεός.

97 2681 235 2744 leidensi
265 2680 347 2744 libro
370 2681 508 2745 debetur
530 2682 557 2745 ιί
580 2681 613 2745 tt
635 2704 679 2760 τε,
711 2681 785 2742 libri
815 2683 1040 2744 Bessarioneus
1069 2693 1102 2744 et
1123 2684 1276 2747 Victoria-

96 2803 150 2847 nus
170 2779 190 2870 ἡ
214 2784 247 2848 δέ
271 2785 399 2865 habent,
436 2795 582 2866 corrupta
612 2803 675 2847 non
699 2785 804 2846 minus
832 2786 972 2847 oratione
995 2803 1090 2864 quam
1112 2789 1271 2864 numeris;

94 2889 244 2970 Eerglsius
266 2897 384 2968 autern,
417 2889 472 2969 qui
496 2889 554 2950 hoo
575 2889 768 2968 epigramma
799 2889 883 2949 inter
912 2888 1081 2968 lyricorum
1111 2900 1275 2970 poetarum

94 2991 244 3054 carmina²
264 3011 298 3073 p.
317 2993 379 3053 tta
403 2993 534 3070 recepit,
560 2989 765 3054 scribendum
788 2989 892 3052 videri
915 2989 993 3052 dicit
1014 2990 1041 3054 ei
1064 2985 1093 3054 δ’
1113 2984 1133 3075 ἡ
1155 2995 1195 3076 γῆ
1218 2986 1276 3056 κό-

94 3115 161 3178 προς
188 3089 262 3173 ἐστ’,
298 3094 451 3177 additque
485 3115 518 3157 se
548 3094 697 3158 arbitrari
727 3096 787 3156 hoc
819 3095 1012 3175 epigramma
1048 3113 1110 3156 non
1139 3105 1202 3156 tam
1235 3095 1276 3159 ab

96 3195 279 3277 Epicharmo
307 3215 403 3278 quam
425 3197 466 3260 ab
488 3199 548 3260 alio
578 3216 640 3278 quo
662 3197 703 3260 ad
725 3193 947 3278 exagitandam
970 3197 1149 3277 Epicharmi
1172 3199 1276 3280 philo-

94 3301 230 3381 sophiam
253 3303 450 3396 conpositum
481 3321 561 3364 esse.
608 3319 720 3362 verum
751 3302 778 3362 si
801 3303 844 3362 ita
870 3299 1056 3381 scribimus,
1092 3301 1118 3365 sl
1141 3296 1168 3363 δ’
1193 3295 1213 3386 ἡ
1234 3305 1274 3386 γῆ

94 3397 197 3490 κόπρος
219 3399 293 3482 ἐστ’,
317 3398 353 3468 οὗ
375 3398 496 3489 νεκρός,
520 3398 600 3468 ἀλλὰ
614 3399 701 3480 θεός,
725 3403 913 3469 obscuratur
933 3423 971 3467 uc
991 3423 1094 3486 paene
1116 3406 1277 3486 perverti-

96 3513 145 3570 tur
164 3509 371 3587 ratiocinatio,
397 3527 479 3588 quae
499 3509 541 3570 ita
559 3506 703 3589 procedit
718 3517 749 3568 et
766 3507 965 3570 concluditur
984 3508 1170 3588 rectissime,
1195 3507 1222 3572 sl
1242 3506 1274 3572 hi

94 3630 124 3672 τι
144 3615 182 3696 γῆ
204 3605 308 3697 νεκρός
330 3603 403 3689 ἐστ’,
428 3605 463 3674 od
485 3604 608 3695 νεκρός,
638 3605 718 3674 ἀλλὰ
739 3605 819 3682 θοός.
867 3609 951 3690 quod
974 3619 1079 3674 autem
1103 3609 1277 3674 arbitratur

95 3711 243 3795 Berglxius
265 3716 443 3795 exagitasse
464 3715 602 3796 aliquem
633 3715 691 3776 hoc
714 3714 939 3795 epigrammate
963 3713 1142 3795 Epicharmi
1172 3715 1276 3795 philo·

96 3816 244 3897 sophiam,
269 3837 332 3880 non
356 3817 456 3898 magis
477 3817 686 3897 adsentimur,
713 3818 771 3880 etsi
794 3817 911 3879 scimus
935 3817 1065 3879 minime
1087 3804 1200 3879 no'vam
1221 3827 1275 3880 aut

94 3919 264 4000 aliergkio
292 3921 432 4001 primum
454 3921 606 4000 prolatam
634 3941 702 3984 csse
732 3939 801 3982 eam
830 3921 1022 4000 opinionem.
1069 3922 1167 3983 veluti
1191 3921 1276 3982 lose·

95 4023 175 4101 phus
196 4023 312 4106 Grysar
343 4025 376 4086 in
406 4023 488 4086 libro
516 4041 611 4103 quem
634 4022 674 4085 de
697 4023 857 4086 comoedia
879 4024 990 4086 Dorica
1012 4023 1139 4104 scripsit
1162 4043 1193 4104 p.
1212 4025 1273 4086 El3

97 4123 203 4188 lactum
225 4127 406 4208 Epicharmi
436 4145 507 4189 curn
535 4125 575 4187 ob
604 4126 787 4188 vocularum
816 4125 999 4189 scurrilium
1026 4125 1176 4205 abusum,
1207 4136 1274 4190 tum

96 4225 135 4288 oh
166 4230 278 4292 nimias
313 4231 344 4291 in
375 4228 567 4310 disputando
599 4233 739 4309 argutias
773 4229 1003 4291 cavillationem
1036 4229 1185 4293 odoratus
1213 4239 1273 4292 est.

96 4347 112 4390 a
139 4350 199 4412 quo
220 4332 411 4394 Wclckerus
440 4332 661 4413 opusculorum
684 4341 736 4393 t.r
759 4333 869 4412 pilli
902 4341 1034 4394 eatenus
1063 4333 1212 4396 dissensit
1241 4341 1276 4395 ut
1375 4381 1376 4386 1

97 4427 200 4518 κόπρον
228 4433 349 4497 diceret
378 4453 440 4496 non
471 4435 603 4496 scurrile
632 4453 703 4496 esse
731 4433 935 4514 vocabulum,
975 4435 1033 4497 sed
1063 4437 1272 4515 Homericum,

98 4535 190 4617 idque
212 4539 447 4618 grammaticum
475 4534 557 4618 (nam
580 4538 773 4618 grammatici
797 4555 866 4599 csse
890 4539 1091 4624 epigramma)
1119 4539 1274 4619 delegisse
