3240 5094
249 438 262 483 t

273 222 345 294 472
566 233 655 293 lnnrx
678 247 845 293 merrom
868 245 1049 291 sssrmm
1067 225 1164 287 ⁴873.

470 416 597 486 ὅκτόσον
620 414 774 507 ὀφθαλμοὶ
795 412 852 504 γὰρ
875 407 1043 494 α’πειιθέες,
1066 409 1155 480 ὅσσον
1178 410 1290 500 droun:

471 523 591 604 σίδολίς,

274 651 379 712 neque
409 633 514 692 minus
544 638 630 690 reete
662 627 695 690 id
724 647 756 708 p.
791 628 850 687 tos
886 634 994 687 eontra
1027 625 1173 688 difficiles
1206 645 1306 706 nugas
1335 631 1464 711 Reisigii

273 737 373 798 tuitus
397 745 454 796 est.
502 732 559 795 sed
582 732 760 793 hleinekius
783 739 877 810 negat
900 729 1055 790 Naekium
1076 726 1160 790 bene
1182 731 1372 812 coniecisse,
1403 751 1466 796 non

274 848 396 900 tantum
424 847 557 918 propter
585 827 674 899 ὅσσον
705 833 1005 911 demonstrativum,
1042 833 1101 894 sed
1129 834 1224 894 etiam
1253 835 1339 915 quod
1371 837 1467 899 Galli-

274 942 404 1004 machus
426 934 484 1025 γάρ
514 957 688 1020 numquam
717 946 786 1018 post
813 936 934 1016 aliquot
955 935 1055 997 verba
1078 937 1300 999 conlocaverit.
1347 941 1469 1003 scilicet

275 1047 447 1108 mutatione
478 1052 620 1104 removet
647 1040 732 1121 quod
762 1042 794 1101 in
825 1040 942 1120 hymno
972 1039 1005 1099 in
1036 1038 1186 1102 Cererem
1215 1059 1246 1102 ν.
1277 1041 1319 1104 72
1351 1043 1469 1124 legitur

274 1143 367 1212 τόσσα
390 1140 542 1210 Διώνυσον
565 1141 622 1230 γὰρ
646 1135 665 1208 ἃ
688 1139 739 1207 καὶ
761 1137 907 1228 Δάματρα
928 1141 1074 1227 χαλέπτει
1096 1143 1236 1224 itemque
1259 1147 1356 1208 alium
1373 1147 1469 1208 Calli-

277 1253 379 1315 machi
409 1270 555 1328 versum,
592 1245 644 1312 ιιοιὶ
672 1241 745 1333 παρ’
776 1241 943 1330 Ἀθηναίοις
973 1241 1032 1330 γὰρ
1062 1242 1110 1308 ἐπὶ
1140 1247 1243 1331 στέγος
1274 1243 1352 1335 ἱερὸν
1381 1242 1471 1333 ἧνται

276 1351 447 1430 Καλπίδες,
472 1354 613 1414 traiectis
634 1345 709 1436 παρ’
735 1361 766 1413 et
788 1345 845 1435 γάρ
870 1349 1007 1430 refingit.
1048 1348 1198 1413 docuerat
1214 1353 1416 1417 Hermannus
1436 1357 1468 1418 in

277 1457 424 1541 Orphiois
447 1478 479 1538 p.
506 1459 568 1518 826
598 1451 657 1540 γάρ
686 1464 757 1536 post
786 1453 849 1516 duo
876 1453 929 1515 vel
959 1454 1052 1534 plura
1075 1452 1174 1516 verba
1203 1471 1265 1517 non
1289 1457 1468 1521 conlocasse

277 1564 383 1643 epicos
413 1562 474 1622 nisi
510 1561 722 1622 recentiores:
759 1556 817 1620 sed
847 1559 1009 1638 epicorum
1043 1556 1237 1620 consuetudo
1270 1549 1333 1621 non
1367 1579 1469 1642 usque

277 1683 405 1747 quaque
436 1665 578 1746 pertinet
606 1662 647 1725 ad
671 1661 913 1740 Callimachum,
944 1679 1050 1741 neque
1079 1669 1187 1724 tantus
1216 1681 1369 1725 versuum
1399 1666 1469 1727 'eius

277 1787 432 1832 numerus
455 1775 601 1849 superest
622 1777 658 1829 ut
679 1785 774 1829 usum
796 1763 948 1846 loquendi
972 1765 1070 1826 multo
1093 1765 1323 1845 antiquiorem,
1357 1785 1468 1847 quam-

278 1891 373 1953 quam
404 1881 548 1953 spretum
577 1871 618 1932 ab
648 1871 747 1952 opicis
774 1866 1021 1948 vetustioribus,
1056 1877 1124 1930 tuto
1150 1867 1191 1930 ab
1220 1889 1255 1931 eo
1285 1869 1468 1934 abiudicarc

279 1976 451 2057 possimus,
477 1973 596 2036 nedum
612 1985 647 2036 ut
665 1975 757 2035 liceat
773 1979 898 2034 servata
922 1972 1017 2034 huius
1032 1991 1109 2034 usus
1125 1973 1269 2054 exempla
1285 1967 1471 2038 coniciendo

279 2079 402 2141 tollere.
435 2087 589 2139 secuntur
610 2087 717 2139 autem
734 2076 788 2138 illa
802 2068 896 2138 τόσσα
911 2068 1064 2137 Διώνυσον
1079 2068 1150 2159 γάρ,
1175 2068 1301 2139 ὃκκόσον
1317 2070 1472 2162 ὀφθαλμοὶ

277 2174 354 2265 γάρ,
378 2177 431 2243 καὶ
445 2175 515 2265 παρ’
533 2173 701 2262 Ἀθηναίοις
717 2171 793 2263 γάρ,
818 2197 900 2259 quae
923 2179 1059 2240 invicem
1082 2197 1117 2240 se
1140 2179 1345 2259 confirmant,
1371 2183 1471 2262 legem

279 2303 341 2365 qua
370 2277 429 2368 γάρ
458 2284 689 2346 coniunctionis
718 2283 935 2344 traiectionom
965 2281 1149 2344 adstrictam
1180 2299 1249 2345 esse
1273 2284 1472 2348 llermannus

280 2387 386 2450 docuit
409 2389 443 2449 in
465 2385 612 2469 Aeschyli
635 2386 693 2468 Ag.
719 2408 750 2448 v.
772 2388 870 2464 titt,
897 2385 1039 2466 Choeph.
1063 2404 1096 2446 ν.
1124 2386 1223 2446 tots:
1250 2405 1323 2448 nam
1347 2388 1472 2470 pondus

280 2492 456 2554 sententiae
484 2489 583 2552 verba
612 2491 731 2552 hebent
759 2500 830 2571 post
858 2508 940 2570 quae
967 2481 1026 2573 γάρ
1049 2489 1242 2552 conlocatum
1266 2499 1325 2552 est.
1374 2495 1474 2573 perti-

279 2595 382 2657 culam
406 2595 492 2656 illam
514 2595 664 2655 carminis
688 2594 889 2656 Callimaohei
912 2593 1089 2655 Meinekius
1112 2593 1154 2654 ita
1177 2591 1383 2656 scribendam
1407 2612 1474 2659 esse

281 2695 414 2776 iudicat,
441 2687 545 2760 ἄισον·
571 2691 724 2783 ὀφθαλμοὶ
747 2691 805 2782 γὰρ
829 2691 975 2768 decedis<
998 2687 1087 2759 ὅσσον
1111 2689 1207 2780 droul
1222 2691 1358 2768 Ettutle.
1402 2717 1472 2761 nam

279 2792 409 2865 ἄκουσον
439 2798 525 2881 quod
554 2801 588 2861 in
611 2801 821 2882 Etymologico
850 2801 989 2862 Parisino
1019 2799 1171 2880 scriptum
1202 2810 1249 2862 est
1277 2801 1360 2862 nihil
1389 2802 1474 2865 aliud

279 2925 350 2968 esse
373 2903 450 2965 dicit
478 2904 540 2965 nisi
564 2905 859 2984 interpretationem
882 2901 973 2964 verbi
1001 2921 1063 2983 quo
1086 2902 1297 2966 Callimachus
1319 2923 1400 2967 usus
1421 2909 1470 2967 sit.

278 3009 430 3070 lelellisse
446 3005 577 3069 videtur
590 3008 695 3070 virum
718 3008 847 3088 ingenio
869 3007 1178 3090 praestantissimum
1201 3007 1320 3088 opinio.
1369 3027 1472 3090 neque

280 3113 364 3174 enim
388 3111 490 3173 solent
505 3111 655 3174 versiculi
675 3131 754 3193 quos
770 3111 965 3192 grammatici
981 3109 1131 3172 adierunt
1154 3112 1472 3192 interpretationibus

280 3233 349 3277 esse
384 3214 549 3295 depravati
583 3233 688 3295 neque
726 3212 867 3276 dubitari
901 3223 1005 3295 potest
1038 3214 1118 3294 quin
1152 3231 1234 3294 quae
1268 3215 1471 3297 Etymologioi

279 3319 473 3399 exemplaria
489 3319 521 3378 in
538 3314 650 3388 εἰδολίς
666 3316 783 3380 habent
799 3337 840 3378 ex
856 3317 969 3380 eodem
987 3316 1068 3378 libro
1083 3317 1196 3380 hausta
1211 3319 1292 3379 sint:
1319 3321 1471 3402 seriptum

183 3485 185 3488 .
279 3432 328 3484 est
351 3430 456 3484 autem
480 3422 512 3482 in
528 3420 750 3503 Etymologicis
764 3421 942 3484 Traiectino
958 3429 989 3482 et
1005 3420 1150 3483 Gudiano
1172 3414 1224 3483 uel
1242 3417 1365 3501 τόσσον,
1391 3422 1471 3504 quod

279 3543 384 3605 nequo
408 3543 448 3584 ex
471 3514 556 3587 ἄισον
579 3543 684 3605 neque
708 3543 748 3586 ex
771 3515 899 3588 ἄκουσον
922 3524 994 3586 fieri
1009 3525 1150 3606 potuisse
1166 3523 1310 3606 videtur,
1336 3525 1395 3592 sed
1417 3547 1471 3608 po-

278 3629 339 3692 tuit
368 3629 401 3688 in
430 3623 482 3690 καὶ
511 3621 618 3690 τόσσον
650 3637 683 3689 et
711 3628 744 3688 in
775 3618 903 3693 ἄκουσον
932 3627 1103 3709 depravari
1132 3622 1269 3692 ὁκκόσον.
1324 3641 1471 3710 putamus

279 3733 376 3812 igitur
399 3749 475 3792 sane
492 3731 646 3794 Naekium
660 3749 789 3793 versum
807 3731 988 3794 Callimachi
1008 3732 1186 3795 restituisse
1203 3741 1356 3812 recteque
1372 3734 1471 3796 simile

280 3833 435 3896 iudicasse
458 3835 679 3896 Theocriteum
701 3826 772 3898 ὅσον
796 3831 879 3920 αἶγες
902 3830 966 3918 ἐμὶν
989 3833 1093 3920 φίλαι,
1117 3827 1207 3899 ὅσσον
1231 3829 1381 3921 ἀπέσβης.

365 3939 533 4000 Possumus
561 3947 667 4001 autem
695 3938 782 4001 aliud
805 3939 957 4001 relativae
979 3940 1065 4001 vocis
1088 3939 1319 4020 significatione
1342 3939 1475 4002 demon-'

279 4043 409 4104 strativa
430 4043 552 4122 positae
575 4041 759 4123 exemplum
781 4041 921 4103 adicere.
969 4042 1002 4103 in
1026 4042 1138 4104 Lexieo
1154 4041 1302 4123 Hesychii
1327 4044 1407 4106 haec
1426 4043 1470 4106 le-

279 4154 399 4226 guntur
420 4138 496 4227 ἡμὲν
519 4144 606 4215 κλέος
628 4139 684 4228 ἠδὲ
706 4141 759 4208 καὶ
778 4134 878 4228 ἦσθα·
902 4143 1050 4230 παροιμία
1070 4142 1119 4208 ἐπὶ
1140 4147 1197 4210 τῶν
1213 4140 1326 4230 ὁμοίων
1349 4150 1388 4232 τῇ
1408 4143 1470 4230 περὶ

280 4243 375 4312 αὐτῶν
398 4244 497 4332 φήμῃ.
545 4249 657 4311 eadem
683 4247 780 4311 habet
803 4249 903 4310 Photii
927 4250 1079 4328 Lexioon,
1111 4249 1167 4312 ubi
1191 4251 1347 4332 scriptum
1370 4261 1417 4314 est
1437 4252 1467 4311 in

279 4352 361 4414 libro
385 4352 522 4414 Galeano
543 4346 564 4436 η’
588 4349 641 4435 μὲν
663 4352 751 4424 κλέος
771 4346 792 4436 ἠ
816 4348 923 4415 δὲκαὶ
945 4342 1038 4436 ἦσθα.
1086 4354 1263 4416 lleinehius
1286 4373 1359 4416 oum
1375 4355 1491 4416 mee
