3186 5108
332 371 403 442 142
623 383 713 445 Ιιιοτκ
734 395 898 446 trcrrcuvu
921 401 1105 446 ιιιιτικκκτκ
1124 383 1219 445 tuto.

329 573 452 635 tellexit
481 573 590 636 sensui
613 591 708 653 quem
737 573 842 634 animo
865 581 1032 653 acceperat
1059 571 1282 653 obtemperare
1313 571 1430 648 noluit,
1459 569 1506 630 sed

328 675 453 739 addidit
474 674 580 737 videri
609 686 714 738 tamen
738 677 962 739 Callimachum
986 668 1056 747 Διός
1079 675 1220 737 consulto
1242 675 1413 754 adiecisse,
1442 695 1506 736 con-

328 790 500 842 sectantem
531 780 662 842 tortasse
685 778 813 860 aliquod
842 798 995 858 acumen,
1027 788 1150 841 tantum
1179 778 1269 841 abest
1292 789 1327 841 ut
1349 773 1419 850 Διός
1440 778 1506 841 illud

304 885 499 966 tquiequam
527 883 683 946 acuminis
713 881 828 945 habeat
857 893 892 944 ut
915 871 1087 945 molestum¹
1117 884 1158 945 sit
1179 884 1418 965 orationemque
1443 902 1508 964 per-

328 996 442 1050 vcrtat.
497 1007 568 1049 cum
599 988 686 1048 enim
712 987 790 1048 haec
816 986 882 1048 sint
911 986 1102 1065 rectissima,
1139 985 1173 1048 ἐκ
1203 983 1237 1049 δὲ
1266 979 1336 1057 Διὸς
1363 983 1506 1070 βασιλῆες,

328 1085 392 1156 ἐπεὶ
413 1085 501 1156 οὐδὲν
524 1085 659 1154 ἀνάκτων
675 1083 840 1174 θειότερον,
865 1090 891 1152 si
915 1079 1039 1161 ἄνακτες
1061 1089 1107 1151 illi
1124 1087 1276 1152 dicuntur
1290 1083 1361 1161 Διὸς
1382 1079 1507 1166 ἀνακτες,

329 1194 362 1257 id
385 1193 470 1276 quod
494 1215 609 1276 perse
632 1195 708 1256 sotis
731 1195 871 1255 insolens
892 1204 956 1274 est,
987 1193 1141 1256 vocabulo
1171 1195 1279 1274 inepte
1301 1193 1424 1255 adiecto
1444 1211 1510 1253 con-

329 1297 472 1379 fusisque
495 1298 671 1361 sententiae
693 1296 839 1378 partibus
860 1299 1091 1378 argumentatio
1107 1296 1312 1378 depravatur.
1352 1306 1437 1358 recte
1459 1297 1510 1375 igi·
1583 1349 1584 1378 ,

328 1412 380 1465 tur
407 1402 618 1464 Ruhnkenius
647 1399 901 1463 emendationem
931 1399 1149 1482 quaerendam
1179 1421 1250 1464 esse
1280 1402 1415 1464 censuit.
1459 1399 1508 1462 sed
1583 1397 1584 1476 l

328 1505 415 1587 quod
442 1504 614 1587 aliquando
641 1505 764 1587 putavit
795 1504 1020 1568 Callimachum
1049 1506 1217 1586 scripsisse
1246 1499 1311 1568 ἐπεὶ
1338 1499 1407 1576 Διὸς
1433 1498 1510 1568 οὐδὲν

328 1599 456 1681 ἄνακτος
477 1603 648 1694 θειότερον,
677 1593 714 1670 iri
734 1627 829 1689 quam
852 1609 1033 1690 opinionem
1055 1618 1129 1672 ante
1152 1629 1224 1671 eum
1248 1608 1417 1672 Tumobus
1440 1610 1511 1671 inci-

328 1712 436 1794 derat,
470 1732 507 1776 eo
536 1732 600 1775 non
630 1712 750 1774 tollitur
780 1710 932 1775 mendum
960 1712 1018 1776 sed
1046 1723 1193 1793 augetur.
1240 1712 1406 1774 verissime
1434 1713 1510 1774 enirn

328 1817 495 1879 Emestius
521 1819 595 1878 ‘non
618 1817 792 1897 quaeritur’
818 1816 922 1897 inquit
948 1815 999 1878 ‘de
1016 1817 1097 1878 loris
1119 1815 1177 1878 sed
1199 1813 1240 1877 de
1265 1835 1376 1896 regum
1399 1816 1512 1898 magni·
1584 1887 1585 1892 γ

328 1920 462 1983 tudine.'
515 1921 621 2000 itaque
650 1929 759 2000 postea
787 1919 998 1983 Ruhnkenius
1025 1918 1181 1982 adsensus
1211 1929 1260 1981 est
1288 1921 1449 2001 Lennepio
1476 1921 1512 1980 ita
1584 1893 1585 1914 λ

329 2025 407 2086 haec
429 2022 600 2086 scribenda
622 2043 693 2085 esse
716 2024 895 2104 conicienti,
922 2021 956 2086 ἐκ
980 2019 1013 2086 δὲ
1035 2017 1105 2095 Διὸς
1128 2021 1289 2108 βασιλῆες·
1315 2019 1380 2087 ἐπεὶ
1402 2018 1431 2085 δ’
1457 2019 1511 2093 ἴδες

219 2159 224 2174 ·
328 2121 415 2192 οὐδὲν
439 2120 574 2192 ἀνάκτων
597 2119 761 2211 θειότερον,
785 2130 828 2214 τῷ
850 2125 903 2190 καί
925 2149 982 2213 σφε
997 2121 1073 2212 τεὴν
1095 2123 1215 2210 ἐκρίναο
1237 2119 1332 2198 λάξιν.
1370 2128 1514 2189 miramur

328 2241 434 2294 autem
457 2241 522 2293 tarn
536 2229 645 2294 debile
661 2231 828 2294 inventum
843 2231 1034 2294 Ruhnkenio
1049 2231 1176 2312 placere
1191 2231 1345 2311 potuisse.
1381 2230 1513 2312 denique

328 2333 544 2398 Blomfieldius
558 2354 592 2396 se
609 2335 683 2398 olim
699 2335 871 2397 coniecisse
894 2335 938 2397 ait
960 2328 1035 2398 ἀπαλ
1051 2329 1120 2408 Διὸς
1139 2329 1230 2400 οὐδὲν
1253 2327 1389 2398 ἀνάκτων
1405 2328 1514 2398 θειότε-

329 2460 399 2523 ρον,
430 2457 525 2518 quam
556 2439 769 2500 coniecturam
791 2438 905 2501 melius
936 2438 1126 2500 reticuisset.
1172 2437 1266 2500 nobis
1289 2439 1323 2500 in
1346 2439 1405 2500 hoc
1425 2457 1513 2500 versu

327 2561 390 2604 non
414 2542 573 2604 litterulae
595 2541 689 2602 anxie
713 2541 895 2622 rimandae,
928 2541 985 2604 sed
1008 2536 1078 2612 Διός
1100 2542 1182 2604 male
1205 2543 1395 2624 repetitum,
1427 2542 1515 2604 Calli·
1586 2552 1587 2644 q

329 2647 458 2708 machus
487 2655 593 2707 autem
620 2645 787 2726 scripsisse
818 2644 965 2726 ridetur,
1002 2644 1087 2727 quod
1115 2665 1187 2708 curn
1217 2648 1378 2708 sententia
1404 2648 1515 2728 optime
1586 2645 1587 2672 ³

327 2749 483 2829 congruit,
508 2746 543 2810 ἐκ
566 2744 599 2810 δὲ
622 2741 691 2820 Διὸς
714 2746 869 2832 βασιλῆες,
893 2744 960 2812 ἐπεὶ
981 2747 1067 2834 γένος
1088 2742 1175 2812 oilie
1198 2741 1335 2813 ἀνάκτων
1354 2743 1512 2834 θειότερον.

328 2863 414 2915 recte
430 2851 550 2915 dictum
573 2871 644 2915 esse
666 2849 751 2935 γένος
774 2853 834 2914 etsi
851 2871 913 2914 non
936 2871 1016 2933 opus
1038 2861 1087 2914 est
1108 2861 1143 2914 ut
1160 2851 1407 2933 demonstretur,
1432 2854 1516 2914 volu-

327 2975 398 3018 mus
413 2965 520 3018 tamen
535 2955 681 3018 vocabuli
703 2975 796 3018 usum
816 2956 973 3038 exemplis
995 2956 1115 3036 aliquot
1131 2957 1318 3019 confirmare
1333 2956 1514 3038 Euripidiis.

327 3061 354 3121 is
385 3060 482 3139 igitur
512 3059 545 3119 in
568 3059 680 3122 Oreste
711 3057 792 3122 dixit
813 3079 845 3121 v.
864 3061 925 3120 880
954 3053 988 3122 τὸ
1015 3053 1074 3144 γὰρ
1102 3057 1189 3142 γένος
1209 3065 1364 3124 τοιοῦτον·
1395 3056 1444 3123 ou
1470 3055 1514 3122 τὸν

326 3156 438 3248 εὐτυχῆ
461 3157 573 3246 πηδῶά
607 3157 656 3228 tet
677 3155 826 3246 κήρυκες,
857 3183 888 3225 v.
909 3164 990 3224 ll07
1015 3157 1102 3226 οὐδὲν
1131 3157 1164 3226 τὸ
1194 3163 1300 3228 δοῦλον
1327 3158 1402 3248 πρὸς
1422 3159 1456 3226 τὸ
1479 3157 1515 3244 pi,

327 3267 433 3331 δοῶλον
449 3265 546 3351 γένος,
574 3267 606 3329 in
621 3265 803 3329 Alexandro
825 3257 975 3352 ἤλεγχον·
1000 3258 1079 3331 οὕτω
1101 3260 1159 3352 γὰρ
1181 3262 1274 3330 κακὸν
1299 3263 1414 3332 δούλων
1437 3265 1516 3351 γένος

327 3381 360 3434 et
383 3365 497 3435 δούλων
521 3361 587 3434 ὅσοι
613 3372 735 3456 φιλοῦσι
764 3370 915 3433 δεσποτῶν
937 3368 1039 3454 γένος,
1072 3371 1106 3432 in
1134 3368 1269 3452 Antiopa
1300 3373 1358 3456 φεῶ
1381 3373 1439 3456 φεῦ
1446 3418 1457 3447 ,
1486 3363 1516 3432 ri

327 3473 433 3538 δοῦλον
456 3467 498 3546 ὡς
520 3467 680 3560 ἁπανταχῇ
704 3471 789 3556 γένος
810 3467 884 3558 πρὸς
906 3468 960 3558 τὴν
983 3466 1103 3536 ἐλάσσω
1127 3473 1233 3558 μοῖραν
1257 3465 1365 3558 ὥρισεν
1380 3467 1462 3550 θεάς,
1487 3474 1515 3534 in

325 3576 476 3658 Autoqm
498 3580 601 3640 κακῶν
622 3572 680 3663 γὰρ
703 3567 795 3640 ’άντων
820 3573 932 3662 μυρίων
955 3569 1027 3640 καθ’
1048 3569 1186 3640 Ἑλλάδα
1208 3570 1295 3642 οὐδὲν
1316 3571 1421 3642 κάκιόν
1443 3576 1516 3640 ἐστιν

327 3675 467 3764 ἀθλητῶν
489 3678 605 3765 γένους.

413 3785 492 3845 Hinc
513 3783 555 3846 ad
577 3785 729 3865 hymnum
753 3785 786 3845 in
808 3784 940 3845 Dianam
963 3801 1021 3844 nos
1043 3785 1275 3864 convertimus,
1300 3794 1337 3846 ut
1359 3804 1398 3846 ex
1421 3781 1517 3846 nitido

326 3889 466 3950 carmine
483 3887 546 3950 duo
561 3887 676 3950 menda
700 3888 856 3950 tollamus.
893 3907 929 3948 ac
943 3887 1082 3968 primum
1101 3887 1230 3968 quidem
1248 3897 1338 3968 poeta
1355 3881 1514 3970 postquam

325 3993 469 4052 narravit
490 3990 583 4053 deam
606 3990 647 4054 ad
662 3989 851 4054 Arcadicum
871 3991 970 4052 Panos
992 3988 1152 4052 stabulum
1174 3990 1346 4052 accessisse
1369 4000 1404 4053 ut
1427 4009 1517 4052 canes

326 4094 487 4156 venaticos
509 4103 645 4174 peteret,
671 4097 713 4156 ita
737 4095 841 4176 pergit
863 4092 938 4156 inde
960 4111 978 4154 a
1002 4109 1098 4154 versu
1122 4093 1174 4170 90,

455 4191 499 4260 τλν
523 4190 550 4258 δ’
578 4190 594 4259 ‘o
616 4189 771 4281 γενειήτης
794 4193 849 4261 tto
871 4194 924 4280 μὲν
946 4189 1040 4267 κάνας
1061 4187 1155 4280 ἥμισυ
1176 4190 1302 4279 πηγοάς,

454 4298 532 4384 τρεῖς
555 4296 588 4362 δὲ
610 4297 823 4385 ταρσοατίοος,
847 4299 902 4364 ἕνα
924 4293 951 4361 δ’
980 4291 1095 4376 αἰόλον,
1121 4294 1152 4362 οἵ
1172 4297 1211 4384 ῥα
1233 4297 1355 4372 λέοντας

456 4396 564 4475 αιἰτοὸς
586 4397 774 4488 αιἰεράοντες,
798 4395 848 4468 ὅτε
872 4395 1026 4488 δράξαιντο
1049 4397 1179 4486 δεράων,
1209 4415 1211 4418 ’

456 4501 555 4568 εἷλκον
578 4504 621 4570 ἔτι
646 4501 776 4579 ζώοντας
798 4501 846 4569 ἐπ’
874 4500 989 4582 αιἰλίον,
1013 4499 1088 4568 emt
1111 4500 1139 4568 δ’
1166 4503 1279 4570 ἔδωκεν
