3240 5094
440 349 526 408 innox
550 367 714 409 tremorum
738 367 918 410 rrsrrvrnru
939 349 1030 408 t870.
1253 333 1325 405 423

137 531 356 624 Ἀλεξανδρείας
385 535 516 623 ἔπαρχος
544 533 595 600 καί
625 531 641 600 ό
670 531 834 624 ἡγούμενος
856 539 909 602 τοῦ
932 539 1141 621 στρατιωτικοῦ
1164 532 1322 622 τάγματος.

138 636 175 703 τὰ
197 638 252 724 μὲν
275 631 327 704 οὖν
352 637 417 725 ίερὰ
438 640 671 726 κατεστρέφετο,
701 636 738 704 τὰ
761 639 794 704 δὲ
817 635 978 726 ἀγάλματα
999 645 1058 704 τῶν
1082 641 1160 704 θεῶν
1188 663 1327 726 μεταχω-

139 738 241 807 νεόετο
264 743 306 816 είς
329 739 453 830 λεβήτια
476 739 525 807 καί
548 745 590 817 εἰς
612 744 716 830 ἑτέρας
736 741 840 830 χρείας
854 747 907 828 τῆς
919 739 1134 828 Ἀλεξανδρέων
1149 743 1322 827 ἐκκλησίας,

137 850 189 911 τοῦ
212 847 360 932 βασιλέως
381 847 587 934 χαρισαμένου
608 845 676 920 τοὺς
702 844 791 919 θεοὺς
813 847 856 919 εἰς
879 841 1079 932 δαπανήματα
1101 851 1159 911 τῶν
1181 850 1321 934 πτωχῶν.

136 945 250 1023 πάντας
279 942 330 1015 οὖν
360 947 428 1023 τούς
458 947 545 1024 θεοὺς
575 951 732 1038 συντρίψας
755 946 771 1016 ό
795 945 941 1037 Θεόφιλος
964 951 994 1014 ἓν
1018 943 1141 1036 ἄγαλμα
1163 953 1250 1015 τοῖνδε
1271 954 1324 1016 τοῦ

138 1055 211 1118 θεοῦ
239 1055 483 1137 (intellegendus
501 1065 548 1118 est
563 1051 740 1139 πίθηκος)’
727 1053 897 1142 αχώνευτον
919 1055 1078 1141 τηρεῖσθαι
1095 1049 1239 1126 κελεόσας
1262 1056 1323 1139 δη-

136 1157 230 1242 ροσίη
249 1158 448 1276 προέστηρεν,
476 1156 544 1236 ἵνα,
576 1157 666 1244 φησί,
697 1155 809 1245 χρόνου
835 1153 988 1244 προιόντος
1019 1154 1059 1242 μὴ
1083 1153 1272 1243 inposicionem
1294 1159 1322 1221 οί

126 1255 280 1346 Ἕλληνες
310 1256 459 1334 τοιούτους
488 1262 761 1347 προσκεκυνηκέναι
787 1259 886 1335 θεούς.
934 1257 1087 1326 ἐπὶτοῦτο
1115 1263 1186 1344 (scr
1211 1257 1316 1348 τούτῳ)

131 1361 213 1430 πάνυ
242 1359 407 1449 ἀνιώμενον
435 1363 505 1429 οἶδα
530 1360 752 1449 Ἀμμώνιον
723 1389 773 1430 τον
802 1360 1025 1452 γραμματικόν,
1062 1389 1094 1437 ος
1122 1363 1208 1449 ἔλεγε
1238 1361 1320 1428 δεινοί

131 1468 316 1534 πεπονθέναι
336 1464 560 1554 τήνἝλλήνων
577 1468 756 1556 θρησκείαν,
780 1466 830 1532 ἵνα
854 1466 894 1553 μὴ
917 1463 1000 1532 noi‘
990 1493 1006 1532 ο
1029 1466 1072 1540 εἷς
1095 1463 1218 1554 ἀνδριας
1233 1469 1319 1554 ἐχω-

130 1567 247 1657 νεόθη,
280 1567 346 1637 ἀλλ’
373 1569 420 1636 ἐπὶ
442 1572 550 1656 Ιρέλωτι
571 1577 624 1658 τῆς
640 1567 800 1657 Ἑλλήνων
825 1571 985 1658 θρησκείας
1007 1566 1208 1658 φυλάττηται·
1234 1565 1317 1636 ιΕλ-

129 1671 237 1749 λάδιος
261 1665 300 1740 δὲΙ
323 1671 404 1762 παρά
426 1701 501 1740 τισιν
524 1669 614 1763 ηὔχει
636 1671 677 1749 ὡς
699 1676 786 1740 ἐννέα
808 1673 855 1760 εἴη
879 1667 991 1761 ἄνδρας
1011 1677 1043 1739 ἐν
1066 1699 1102 1760 τη
1126 1669 1341 1760 συμπληγόδιυ

129 1775 294 1866 φονεύσας.
341 1781 452 1861 quodsi
484 1790 635 1843 cruentus
664 1781 716 1842 iile
745 1782 966 1860 grammaticus
997 1779 1157 1842 ileliadius
1179 1777 1318 1841 Alexan-

129 1885 247 1946 drinus
269 1885 328 1946 iuit
350 1885 440 1946 ouius
456 1884 569 1945 Suidas
592 1884 783 1946 mentionem
807 1882 898 1962 fecit,
925 1883 1028 1964 paullo
1047 1883 1176 1946 fortasse
1201 1883 1317 1944 rectius

127 1987 247 2052 Suidas
263 1987 400 2069 priorem
416 1987 624 2049 Theodosium
640 2005 735 2068 quam
751 1989 883 2050 alterum
900 1995 1179 2048 conmomornsset:
1204 2005 1317 2066 quom-

128 2111 225 2173 quam
251 2092 352 2172 potuit
374 2110 448 2154 sane
472 2092 526 2171 qui
550 2101 622 2152 ante
638 2109 756 2152 annum
773 2109 930 2152 ccccxxxix
945 2089 1154 2152 Alexandriae
1170 2089 1317 2152 sacerdos

127 2197 234 2258 fuerat
256 2194 387 2256 atterius
410 2193 573 2256 Theodosii
597 2202 738 2275 tempora
760 2195 915 2274 attingere
932 2213 1068 2274 eumque
1092 2192 1240 2255 leudibus
1262 2213 1316 2254 oo-

127 2299 269 2361 iehrare.
325 2295 575 2360 Alexandrinum
606 2297 782 2360 Heliadium
812 2297 955 2360 Naberus
985 2297 1083 2358 Photii
1114 2298 1163 2359 sui
1194 2317 1225 2376 p.
1255 2298 1313 2358 t89

125 2421 190 2464 non
215 2401 379 2464 diversum
403 2402 499 2463 tuisse
522 2409 611 2482 putat
633 2400 673 2464 ab
697 2399 837 2462 Helladio
857 2401 1062 2478 Besantinoo,
1087 2399 1213 2481 dequo
1236 2401 1315 2462 Pho-

124 2508 190 2568 tius
206 2503 289 2566 nihi.
315 2525 347 2584 p.
367 2505 450 2565 536Ι
475 2505 486 2564 i
515 2503 627 2567 scribit
647 2503 752 2589 γέγονε
775 2501 808 2566 δὲ
829 2498 906 2566 κατὰ
927 2497 994 2573 roric
1016 2496 1142 2587 χρόνους
1164 2502 1314 2569 Λικιννίου

124 2603 176 2672 καὶ
194 2604 402 2690 Μαξιμιανοῦ,
427 2606 482 2669 ubi
499 2609 692 2688 praestiterit
709 2603 885 2690 Μαξιμίνου.
925 2607 1012 2669 nullo
1029 2604 1119 2667 modo
1135 2617 1314 2686 congruunt

122 2723 280 2793 tempore.
314 2712 345 2772 in
361 2729 495 2791 quorum
510 2710 695 2773 definitione
711 2712 880 2792 quominus
895 2720 949 2773 aut
966 2711 1107 2771 Photium
1123 2719 1177 2772 aut
1193 2710 1312 2773 Suidan

123 2833 254 2878 errasse
289 2825 436 2895 putemus
469 2813 710 2894 Helladiumque
738 2813 989 2877 Alexandrinum
1022 2831 1093 2874 eum
1127 2815 1313 2877 Besantinoo

121 2915 359 2982 confundamus
388 2916 468 2980 illud
498 2917 630 2998 impedit
658 2917 743 2998 quod
766 2919 879 2981 Suidas
902 2920 986 2981 inter
1008 2913 1215 2978 Alexandrini
1239 2918 1314 2980 Hol-

121 3022 201 3084 iadii
231 3021 348 3101 scripta
377 3040 482 3100 neque
506 3018 718 3107 ίίραηρατείαν
741 3022 990 3108 χρηστομαθειῶν
1013 3037 1118 3098 neque
1142 3021 1311 3100 quicquam

120 3143 236 3188 eorum
252 3135 463 3186 conmemorat
478 3143 559 3206 quae
576 3125 703 3188 Phoiius
717 3128 941 3190 Besantinonm
958 3135 1084 3206 praeter
1100 3136 1183 3198 illam
1201 3133 1311 3196 eodem

121 3237 228 3290 metro
251 3227 384 3290 iambico
406 3229 571 3309 scripsisse
595 3240 703 3292 narrat
731 3223 1165 3322 (conmemorantur’ddipnn'
1188 3233 1309 3314 Νεῖλος,

120 3323 306 3415 Αἰηόπτιος,
336 3323 570 3416 Προτρεπτικός,
595 3325 719 3417 Ῥυίμη,
750 3327 862 3418 Φήμη,
895 3332 990 3421 Νίκη,
1024 3335 1116 3414 Πόλις
1134 3335 1309 3424 Ἀντινόου),

121 3435 253 3496 Photius
275 3443 379 3496 autem
402 3435 556 3497 librorum
580 3436 712 3498 Helladii
741 3456 759 3499 a
782 3438 880 3501 Suida
909 3455 1164 3509 enumeratorum
1188 3447 1309 3509 nullum

120 3539 312 3600 Besantinoo
334 3537 457 3601 tribuit.
505 3537 737 3620 distinguemus
761 3543 857 3622 igitur
872 3545 1094 3611 Besantinoum
1116 3549 1156 3610 ab
1171 3549 1309 3612 Alexan-

121 3619 262 3720 drino.*)

212 3741 424 3828 Πραγματείαν
440 3745 573 3807 Helladii
590 3748 769 3809 Besantinoi
792 3749 931 3813 aPhotio
955 3771 986 3831 p.
1006 3749 1090 3814 535¹>
1113 3757 1152 3818 te
1176 3755 1308 3828 iambico

121 3857 225 3911 metro
245 3849 392 3929 scriptam
410 3867 479 3910 esse
496 3848 557 3911 diei
573 3851 707 3912 miratur
721 3853 859 3931 primum
876 3853 1035 3933 Neberus‚
1060 3856 1177 3922 deinde
1201 3871 1309 3923 narrat

120 3972 155 4014 se
181 3952 213 4012 in
238 3952 283 4012 eis
299 3969 380 4030 quae
396 3952 522 4014 Photius
538 3952 613 4014 inde
629 3955 787 4034 excerpsit
802 3957 934 4036 vestigia
950 3977 1099 4022 versuum
1115 3961 1307 4042 adgnoscere

100 4055 239 4135 idque,
273 4055 362 4134 quasi
386 4072 466 4116 nova
491 4074 541 4118 res
563 4057 604 4118 sit
626 4067 720 4138 atque
744 4060 901 4121 invisitata
924 4061 1011 4142 aliis,
1043 4065 1130 4143 gravi
1154 4067 1304 4147 oratione,

189 4314 213 4377 *J
241 4311 403 4380 [Heiiodiurn
420 4315 627 4366 Alexandrinum
650 4319 805 4380 temporibus
835 4319 964 4370 Theodosii
987 4323 1097 4372 iunioris
1119 4323 1200 4386 sitisse
1224 4327 1305 4378 edicto

123 4402 257 4450 Theodosii
280 4404 304 4449 et
326 4401 498 4451 Valentiniani
516 4403 582 4462 (cod.
608 4403 698 4454 Theoti.
724 4405 756 4454 V!
771 4407 816 4464 21)
841 4409 1001 4472 continuavit
1020 4407 1148 4471 Honptios
1172 4411 1306 4463 Variorum

118 4490 203 4549 capite
221 4483 292 4552 tr.)
