3184 5108
363 396 453 458 lrnrx
474 414 842 468 truncaraaasrrrarru
861 396 955 458 ista.
1181 383 1256 456 243

152 587 264 648 similia
287 586 388 666 gignit
415 604 451 646 co
481 586 605 665 gurgite
639 602 701 665 quo
734 604 769 647 sc
798 584 839 646 ad
861 594 966 648 ortum
988 585 1099 668 dirigit
1131 597 1164 649 et
1193 606 1256 668 quo

153 690 222 752 item
245 690 349 752 flexus
370 707 389 750 a
411 688 492 749 mari
516 686 613 750 rubro
635 686 677 750 ad
699 706 844 750 occasum
867 687 1059 752 refunditur.

211 794 264 856 23.
305 794 423 855 Ferunt
445 801 477 854 et
500 792 532 852 in
556 789 645 852 lndia
667 789 795 853 beluam
817 791 914 855 luisse
938 810 1020 872 quac
1043 791 1156 856 habuit
1177 793 1254 857 bina

151 897 261 977 capita,
292 895 427 958 alterum
455 895 550 956 lunae
573 893 713 956 bicornis
741 903 876 975 utputa
906 896 1088 975 imaginem,
1120 898 1256 961 alterum

93 999 111 1058 5
152 997 328 1060 corcodrilli
351 997 493 1078 gerebat.
541 1007 573 1059 et
594 1006 684 1078 tergo
707 1006 828 1059 serrato
858 1006 889 1058 ct
909 999 1014 1060 saevis
1036 1010 1155 1062 armata
1178 1000 1259 1064 den-

151 1102 235 1165 tibus
265 1099 425 1182 quondm
456 1102 489 1162 in
516 1098 690 1164 Alexandri
721 1100 838 1163 milites
865 1101 1037 1182 prosiliens
1066 1101 1146 1166 duos
1175 1108 1259 1166 occi-

151 1204 234 1268 disse
267 1203 472 1269 describitur.
525 1203 627 1266 hestia
660 1213 766 1266 autem
796 1204 847 1265 illa
887 1205 972 1266 inter
1002 1223 1112 1268 omnes
1148 1206 1259 1271 beluas

152 1309 312 1370 dirissima
342 1307 455 1387 fertur,
493 1309 526 1369 in
554 1325 617 1388 qua
644 1315 764 1369 tantam
791 1308 928 1388 copiam·
944 1310 1062 1370 veneni
1090 1308 1260 1373 adfirmant

150 1422 184 1474 ut
217 1431 289 1474 eam
327 1411 389 1473 sibi
413 1412 533 1491 'leones
563 1411 712 1492 'quamvis
750 1409 948 1472 invalidioris
985 1411 1084 1474 leram
1119 1417 1259 1494 corporis

77 1516 108 1574 tt
149 1516 294 1594 timeant,
328 1524 360 1576 et
381 1523 501 1576 tantam
524 1514 589 1575 vim
619 1514 688 1574 eius
716 1532 878 1575 venenum
908 1513 1028 1576 habere
1058 1514 1257 1579 arbitrantur

150 1628 184 1680 ut
207 1638 244 1680 eo
268 1619 343 1680 licet
365 1618 443 1680 ferri
465 1619 551 1680 acies
573 1618 709 1679 intincta
731 1617 897 1697 liquescat.

215 1723 269 1782 ai.
316 1722 355 1781 Et
388 1721 476 1782 iuxta
513 1720 665 1782 Eulraten
702 1719 821 1781 llumen
858 1719 1004 1784 scribunt
1036 1741 1107 1784 csse
1143 1725 1260 1785 animal

150 1823 237 1906 quod
259 1833 463 1904 nuncupatur
485 1823 638 1904 antolops‚
675 1822 761 1904 quod
784 1823 886 1904 longis
909 1825 1059 1887 cornibus
1082 1844 1164 1907 quac
1188 1846 1258 1888 scr-

149 1947 203 1990 rae
234 1927 369 2008 liguram
391 1925 510 1988 habent
538 1927 679 2008 ingentia
710 1925 821 1988 robora
850 1927 1040 2008 praecidens
1070 1928 1112 1992 ad
1141 1939 1259 1992 terram

75 2032 109 2091 tt
150 2030 294 2112 deponit.

216 2134 270 2196 25.
312 2134 346 2194 ln
368 2132 437 2194 Nilo
459 2142 566 2194 autem
587 2132 718 2194 flumine
741 2133 849 2197 larunt
872 2153 942 2197 csse
961 2135 1173 2218 corcodrillos‚
1200 2140 1259 2202 be-

149 2240 219 2300 luas
241 2255 305 2298 non
330 2235 470 2298 modicae
494 2246 645 2315 staturae,
672 2255 753 2317 quae
776 2236 817 2299 ad
840 2238 914 2300 solis
936 2248 1059 2301 aestum
1086 2259 1146 2321 per
1167 2243 1259 2306 litora

148 2361 182 2403 se
219 2349 370 2402 sternunt
403 2350 435 2402 et
468 2340 598 2402 humani
632 2341 760 2420 generis
793 2350 870 2402 sunt
905 2361 1034 2422 rapaces
1067 2346 1094 2406 si
1128 2364 1207 2427 quos
1240 2367 1257 2408 a

148 2463 259 2507 somno
281 2443 409 2505 excitati
432 2443 494 2504 sibi
509 2444 631 2504 vicinos
653 2453 893 2523 persenserunt.
940 2465 1021 2526 quae
1045 2445 1166 2510 bestiae
1189 2468 1258 2512 ma-

71 2549 108 2608 id
151 2549 239 2608 xime
262 2547 295 2608 in
318 2548 410 2628 aquis
433 2556 466 2608 et
489 2547 520 2608 in
543 2549 608 2609 oris
629 2547 758 2608 litorum
781 2545 996 2611 demorentur.

65 2732 134 2770 orere
151 2720 221 2782 quod
237 2720 457 2768 mediterraneum
475 2719 584 2768 dicmur
602 2719 731 2768 translato
749 2721 869 2780 esposuit
886 2720 947 2770 olim
964 2721 1121 2774 detranatur
1143 2725 1257 2788 (rector-

66 2807 121 2855 ries
138 2819 187 2855 rur
207 2804 294 2854 Diruil
314 2817 341 2865 p.
357 2806 407 2853 itt
426 2805 484 2866 ss).
586 2805 611 2853 i.
632 2801 750 2856 retundit
769 2806 798 2856 Β.
901 2809 925 2856 ι.
952 2819 1011 2858 uui
1036 2808 1074 2857 Da
1099 2809 1177 2860 belua
1202 2823 1255 2874 que

65 2890 138 2941 abuit
155 2890 220 2941 bina
238 2890 327 2954 capita
345 2889 375 2949 A,
402 2902 452 2940 xxu
471 2890 507 2940 De
526 2889 644 2954 quadarn
663 2888 749 2940 bestia
768 2889 858 2942 indiae
882 2892 952 2942 inter
973 2905 1069 2943 omnes
1091 2893 1196 2946 belluas
1215 2896 1256 2946 di·

68 2977 173 3027 rissima
193 2977 234 3026 ll?
304 2974 380 3027 abuit
397 2977 426 3025 A.
517 2977 540 3026 ι.
560 2979 672 3040 utputao
691 2977 835 3040 imaginem
848 2976 879 3036 A,
902 2981 933 3027 ut
950 2979 1024 3042 putei
1043 2980 1179 3044 maginem
1193 2982 1223 3032 Β.

71 3067 92 3111 ι.
111 3062 275 3114 corcodrillo
293 3062 323 3122 A,
350 3061 493 3112 corcodrili
514 3061 543 3112 Β.
634 3061 731 3112 terralo
752 3063 782 3112 Β.
848 3065 950 3115 ‚anate
967 3063 998 3113 A.
1088 3068 1113 3114 7.
1133 3065 1260 3116 discribi·

70 3151 109 3196 tur
127 3150 157 3198 A.
249 3151 275 3198 ι.
294 3147 445 3199 dirissimas
464 3147 496 3197 Β.
579 3145 664 3198 lectur
683 3149 710 3198 in
728 3161 783 3212 qua
801 3162 842 3198 om
860 3149 890 3200 Β.
975 3152 1079 3200 mutum
1097 3151 1128 3200 A.
1212 3164 1259 3202 co-

67 3235 136 3296 piam
155 3247 294 3284 uencnum
312 3233 343 3292 A,
369 3233 470 3282 ueneni
487 3233 593 3298 copiam
613 3233 642 3282 Β.
732 3237 758 3282 ι.
780 3234 955 3286 iuualidiores
973 3234 1003 3284 A.
1095 3239 1135 3285 ιι.
1159 3236 1261 3288 habere

65 3333 106 3368 om
122 3321 152 3370 A.
228 3323 270 3370 ιι.
291 3333 322 3372 ao
341 3333 383 3369 cm
402 3319 431 3370 Β.
506 3321 546 3368 ιι.
568 3319 712 3369 Aaronom·
728 3321 839 3381 epistula
860 3333 888 3382 p.
904 3323 936 3370 38
956 3320 1033 3386 palus
1058 3324 1117 3372 erat
1140 3323 1211 3374 sicca
1235 3327 1262 3374 et

67 3417 150 3456 canna
169 3405 320 3466 abundans,
345 3417 494 3471 perquam
512 3404 578 3455 dum
605 3405 750 3454 transitum
769 3407 962 3470 temptarcmus
988 3405 1069 3456 belua
1094 3409 1157 3458 nori
1176 3421 1261 3472 genc-

67 3491 110 3550 ris,
131 3495 236 3542 serrato
260 3495 345 3556 tergo,
372 3491 427 3542 duo
451 3491 539 3556 capita
562 3489 681 3552 habens,
708 3490 824 3541 alterum
848 3491 926 3542 lunae
950 3492 1039 3543 simile
1064 3493 1261 3558 [hippopotami

66 3577 198 3642 pectoral,
217 3575 347 3628 crocodili
365 3575 480 3626 alterum
499 3574 677 3636 simillimum,
696 3577 771 3627 duris
790 3578 924 3628 munitum
941 3576 1077 3638 dontibus,
1099 3577 1167 3629 duos
1187 3579 1261 3629 mili-

66 3668 104 3712 tes
127 3677 185 3714 uco
209 3665 265 3714 ictu
289 3662 390 3714 occidit
415 3663 565 3727 repentino.
612 3661 682 3712 hanc
706 3662 801 3713 terreis
823 3664 868 3713 vix
895 3675 1025 3728 umquam
1049 3666 1260 3715 comminuimus

67 3748 182 3810 malleis,
202 3761 284 3814 quam
308 3747 392 3798 hastis
417 3759 470 3797 non
488 3746 646 3798 valebamus
671 3746 833 3812 transfigere.
926 3751 968 3798 ιι.
988 3748 1115 3800 1111ch
1134 3749 1261 3814 autolops

65 3835 95 3894 A,
120 3849 184 3886 nur
201 3832 349 3900 Antholops
368 3833 410 3883 li?
498 3837 539 3882 ιι.
558 3833 683 3898 autolops
701 3833 731 3896 A,
757 3833 882 3899 autulapa
901 3834 931 3883 Β.
972 3835 1140 3899 physiologus
1167 3837 1194 3884 io
1220 3847 1264 3885 ro-

67 3921 120 3970 dier
140 3921 345 3983 Guelferbgtuoo
366 3918 404 3981 (A)
421 3931 451 3981 p.
466 3915 530 3968 lttb
552 3922 594 3969 est
617 3917 717 3970 animal
741 3918 813 3983 quod
837 3918 935 3969 dicitur
956 3920 1082 3985 antelups
1109 3923 1138 3971 et
1161 3920 1260 3972 animal

64 4007 231 4056 acerrimum
252 4005 448 4069 (accriasimum
466 4004 556 4066 codem)
578 4005 667 4064 nimis,
694 4007 723 4054 ut
742 4017 791 4056 nec
810 4007 952 4055 venatores
977 4006 1004 4054 in
1023 4018 1087 4056 cum
1108 4003 1261 4071 proficiant.

69 4091 149 4140 habet
168 4093 240 4142 anim
258 4103 361 4142 cornua
385 4085 541 4154 longissima
558 4101 649 4140 serrae
673 4089 787 4154 figuram
811 4089 937 4141 habentia
957 4089 1051 4154 (ligura
1069 4091 1200 4143 habentes
1219 4107 1262 4143 co·

65 4176 139 4238 dec),
167 4177 203 4226 ita
220 4181 255 4250 ut,
269 4177 380 4228 arbores
399 4188 510 4240 magnas
529 4177 649 4239 (magnos
668 4177 758 4238 codex)
779 4177 853 4226 aocet
871 4179 899 4226 at
919 4174 954 4225 ad
972 4179 1073 4227 terram
1097 4177 1215 4243 deponat
1238 4181 1262 4242 (a

68 4265 139 4312 tarra
152 4260 382 4327 deponctcodccc).
414 4258 530 4330 ἀνιόλοψ
543 4263 639 4312 dicitur
653 4261 787 4312 nutritio
805 4261 923 4312 heroem.
935 4273 963 4323 p.
976 4265 1017 4312 ιι.
1075 4267 1116 4314 ιι.
1130 4267 1172 4314 ιι.
1186 4277 1262 4315 sorra

68 4346 97 4398 A.
175 4350 214 4398 ιι,
234 4348 369 4414 depromit
384 4349 413 4398 Β.
505 4351 546 4396 ιι.
566 4361 616 4397 xxv
636 4349 672 4398 lle
690 4345 851 4398 corcodrillo
864 4347 894 4404 A,
914 4359 973 4396 mr
992 4347 1121 4400 Fluminis
1133 4349 1261 4414 Euphra-

68 4433 102 4482 tis
120 4434 306 4485 crocodiliii?
377 4435 406 4484 in
425 4431 470 4484 illc
489 4437 581 4484 autem
599 4433 628 4494 A,
643 4435 685 4501 ,ln
704 4433 750 4482 illo
765 4433 795 4482 Β.
867 4430 1076 4484 corcodriiosu.
1150 4437 1193 4485 ιι.
1213 4437 1261 4500 qui

72 4518 100 4565 Β,
178 4517 237 4570 litua
255 4521 285 4571 Β.
376 4522 417 4569 ιιι.
439 4519 580 4570 excitctA.
670 4522 713 4570 ιι.
735 4519 763 4567 at
780 4517 835 4566 oris
854 4518 882 4567 Β.

1001 4617 1053 4670 it*
