<?xml version="1.0" encoding="UTF-8"?>
<!DOCTYPE html PUBLIC "-//W3C//DTD XHTML 1.0 Transitional//EN"
    "http://www.w3.org/TR/xhtml1/DTD/xhtml1-transitional.dtd">
<html xmlns="http://www.w3.org/1999/xhtml" xml:lang="en" lang="en">
 <head>
  <title>
</title>
<meta http-equiv="Content-Type" content="text/html;charset=utf-8" />
  <meta name='ocr-system' content='tesseract 3.04.00' />
  <meta name='ocr-capabilities' content='ocr_page ocr_carea ocr_par ocr_line ocrx_word'/>
</head>
<body>
  <div class='ocr_page' id='page_1' title='image "./mavriciihavptii00haupgoog/mavriciihavptii00haupgoog_0144.png"; bbox 0 0 3186 5108; ppageno 0'>
   <div class='ocr_carea' id='block_1_1' title="bbox 368 387 1260 499">
    <p class='ocr_par' dir='ltr' id='par_1_1' title="bbox 368 387 1260 499">
     <span class='ocr_line' id='line_1_1' title="bbox 368 387 1260 499; baseline -0.002 -3"><span class='ocrx_word' id='word_1_1' title='bbox 368 432 645 498; x_wconf 78' lang='lat' dir='ltr'><strong>lonnx&#39;nncraourn</strong></span> <span class='ocrx_word' id='word_1_2' title='bbox 668 387 964 499; x_wconf 70' lang='lat' dir='ltr'><strong>nrorrnnom‘lillll.</strong></span> <span class='ocrx_word' id='word_1_3' title='bbox 1192 423 1260 494; x_wconf 83' lang='lat'><strong>131</strong></span> 
     </span>
    </p>
   </div>
   <div class='ocr_carea' id='block_1_2' title="bbox 81 620 1328 4716">
    <p class='ocr_par' dir='ltr' id='par_1_2' title="bbox 83 620 1328 2776">
     <span class='ocr_line' id='line_1_2' title="bbox 91 620 1266 709; baseline 0.003 -25"><span class='ocrx_word' id='word_1_4' title='bbox 91 643 197 686; x_wconf 89' lang='lat' dir='ltr'><strong>mecum</strong></span> <span class='ocrx_word' id='word_1_5' title='bbox 225 620 373 704; x_wconf 83' lang='lat' dir='ltr'><strong>accubat,</strong></span> <span class='ocrx_word' id='word_1_6' title='bbox 409 625 511 708; x_wconf 92' lang='lat' dir='ltr'><strong>ipsius</strong></span> <span class='ocrx_word' id='word_1_7' title='bbox 539 625 625 705; x_wconf 87' lang='lat' dir='ltr'><strong>regis</strong></span> <span class='ocrx_word' id='word_1_8' title='bbox 653 625 731 686; x_wconf 89' lang='lat' dir='ltr'><strong>mihi</strong></span> <span class='ocrx_word' id='word_1_9' title='bbox 759 623 871 687; x_wconf 87' lang='lat' dir='ltr'><strong>videor</strong></span> <span class='ocrx_word' id='word_1_10' title='bbox 900 645 1053 708; x_wconf 88' lang='lat' dir='ltr'><strong>superare</strong></span> <span class='ocrx_word' id='word_1_11' title='bbox 1081 626 1266 709; x_wconf 88' lang='lat' dir='ltr'><strong>amplitudi-</strong></span> 
     </span>
     <span class='ocr_line' id='line_1_3' title="bbox 90 727 1261 812; baseline 0.003 -24"><span class='ocrx_word' id='word_1_12' title='bbox 90 729 172 788; x_wconf 66' lang='lat' dir='ltr'><strong>nem!</strong></span> <span class='ocrx_word' id='word_1_13' title='bbox 223 748 260 790; x_wconf 91' lang='lat' dir='ltr'><strong>eo</strong></span> <span class='ocrx_word' id='word_1_14' title='bbox 288 727 381 790; x_wconf 91' lang='lat' dir='ltr'><strong>modo</strong></span> <span class='ocrx_word' id='word_1_15' title='bbox 411 729 545 791; x_wconf 89' lang='lat' dir='ltr'><strong>saeculis</strong></span> <span class='ocrx_word' id='word_1_16' title='bbox 567 748 608 789; x_wconf 87' lang='grc' dir='ltr'><strong>ιιι</strong></span> <span class='ocrx_word' id='word_1_17' title='bbox 639 737 670 790; x_wconf 89' lang='lat' dir='ltr'><strong>et</strong></span> <span class='ocrx_word' id='word_1_18' title='bbox 691 747 744 790; x_wconf 91' lang='grc' dir='ltr'>ιιιι</span> <span class='ocrx_word' id='word_1_19' title='bbox 774 749 869 811; x_wconf 90' lang='lat' dir='ltr'><strong>saepe</strong></span> <span class='ocrx_word' id='word_1_20' title='bbox 899 729 1051 792; x_wconf 84' lang='lat' dir='ltr'><strong>dixerunt</strong></span> <span class='ocrx_word' id='word_1_21' title='bbox 1079 731 1140 792; x_wconf 77' lang='lat' dir='ltr'><strong>doz</strong></span> <span class='ocrx_word' id='word_1_22' title='bbox 1169 730 1261 812; x_wconf 66' lang='lat' dir='ltr'><strong>melre,</strong></span> 
     </span>
     <span class='ocr_line' id='line_1_4' title="bbox 90 831 1266 914; baseline 0.003 -22"><span class='ocrx_word' id='word_1_23' title='bbox 90 851 179 913; x_wconf 89' lang='lat' dir='ltr'><strong>neque</strong></span> <span class='ocrx_word' id='word_1_24' title='bbox 208 831 326 894; x_wconf 89' lang='lat' dir='ltr'><strong>desunt</strong></span> <span class='ocrx_word' id='word_1_25' title='bbox 353 833 500 914; x_wconf 85' lang='lat' dir='ltr'><strong>exempla</strong></span> <span class='ocrx_word' id='word_1_26' title='bbox 529 831 628 894; x_wconf 88' lang='lat' dir='ltr'><strong>multo</strong></span> <span class='ocrx_word' id='word_1_27' title='bbox 650 832 841 913; x_wconf 80' lang='lat' dir='ltr'>antiquiora,</span> <span class='ocrx_word' id='word_1_28' title='bbox 873 832 926 894; x_wconf 88' lang='lat' dir='ltr'><strong>dol</strong></span> <span class='ocrx_word' id='word_1_29' title='bbox 953 833 995 896; x_wconf 84' lang='lat' dir='ltr'><strong>dc</strong></span> <span class='ocrx_word' id='word_1_30' title='bbox 1017 833 1075 895; x_wconf 83' lang='lat' dir='ltr'><strong>nol</strong></span> <span class='ocrx_word' id='word_1_31' title='bbox 1098 834 1128 896; x_wconf 82' lang='lat' dir='ltr'><strong>bi</strong></span> <span class='ocrx_word' id='word_1_32' title='bbox 1149 833 1266 897; x_wconf 84' lang='lat' dir='ltr'><strong>decemo</strong></span> 
     </span>
     <span class='ocr_line' id='line_1_5' title="bbox 87 935 1266 1018; baseline 0.003 -23"><span class='ocrx_word' id='word_1_33' title='bbox 87 935 156 996; x_wconf 69' lang='lat' dir='ltr'><strong>tiele</strong></span> <span class='ocrx_word' id='word_1_34' title='bbox 176 935 298 998; x_wconf 72' lang='lat' dir='ltr'><strong>reccheo</strong></span> <span class='ocrx_word' id='word_1_35' title='bbox 326 938 362 998; x_wconf 85' lang='lat' dir='ltr'><strong>oi</strong></span> <span class='ocrx_word' id='word_1_36' title='bbox 382 937 481 998; x_wconf 81' lang='lat' dir='ltr'><strong>wurti</strong></span> <span class='ocrx_word' id='word_1_37' title='bbox 505 935 600 1018; x_wconf 87' lang='lat' dir='ltr'><strong>(llild.</strong></span> <span class='ocrx_word' id='word_1_38' title='bbox 620 935 686 1018; x_wconf 79' lang='lat' dir='ltr'><strong>ll),</strong></span> <span class='ocrx_word' id='word_1_39' title='bbox 717 935 778 998; x_wconf 85' lang='lat' dir='ltr'><strong>ddr</strong></span> <span class='ocrx_word' id='word_1_40' title='bbox 806 937 872 998; x_wconf 83' lang='lat' dir='ltr'><strong>scol</strong></span> <span class='ocrx_word' id='word_1_41' title='bbox 894 955 929 997; x_wconf 84' lang='lat' dir='ltr'><strong>er·</strong></span> <span class='ocrx_word' id='word_1_42' title='bbox 951 955 1029 998; x_wconf 86' lang='lat' dir='ltr'><strong>voro</strong></span> <span class='ocrx_word' id='word_1_43' title='bbox 1057 937 1141 1000; x_wconf 84' lang='lat' dir='ltr'><strong>demo</strong></span> <span class='ocrx_word' id='word_1_44' title='bbox 1163 937 1266 1000; x_wconf 79' lang='lat' dir='ltr'><strong>rlbcbr</strong></span> 
     </span>
     <span class='ocr_line' id='line_1_6' title="bbox 89 1037 1266 1123; baseline 0.005 -26"><span class='ocrx_word' id='word_1_45' title='bbox 89 1057 120 1098; x_wconf 77' lang='lat' dir='ltr'><strong>or</strong></span> <span class='ocrx_word' id='word_1_46' title='bbox 140 1039 236 1100; x_wconf 78' lang='lat' dir='ltr'><strong>rabbu</strong></span> <span class='ocrx_word' id='word_1_47' title='bbox 259 1047 384 1101; x_wconf 83' lang='lat' dir='ltr'><strong>stanton</strong></span> <span class='ocrx_word' id='word_1_48' title='bbox 411 1037 524 1123; x_wconf 77' lang='lat' dir='ltr'><strong>(musp.</strong></span> <span class='ocrx_word' id='word_1_49' title='bbox 543 1037 611 1121; x_wconf 85' lang='lat'><strong>39).</strong></span> <span class='ocrx_word' id='word_1_50' title='bbox 660 1059 772 1101; x_wconf 89' lang='lat' dir='ltr'><strong>vemm</strong></span> <span class='ocrx_word' id='word_1_51' title='bbox 796 1040 958 1102; x_wconf 88' lang='lat' dir='ltr'><strong>enimvero</strong></span> <span class='ocrx_word' id='word_1_52' title='bbox 989 1040 1022 1102; x_wconf 93' lang='lat' dir='ltr'><strong>id</strong></span> <span class='ocrx_word' id='word_1_53' title='bbox 1051 1042 1157 1123; x_wconf 90' lang='lat' dir='ltr'><strong>ipsum</strong></span> <span class='ocrx_word' id='word_1_54' title='bbox 1180 1041 1266 1122; x_wconf 93' lang='lat' dir='ltr'><strong>quod</strong></span> 
     </span>
     <span class='ocr_line' id='line_1_7' title="bbox 87 1141 1267 1207; baseline 0.003 -5"><span class='ocrx_word' id='word_1_55' title='bbox 87 1153 157 1204; x_wconf 89' lang='lat' dir='ltr'><strong>certa</strong></span> <span class='ocrx_word' id='word_1_56' title='bbox 180 1141 404 1205; x_wconf 80' lang='lat' dir='ltr'><strong>emendatione</strong></span> <span class='ocrx_word' id='word_1_57' title='bbox 433 1142 611 1204; x_wconf 80' lang='lat' dir='ltr'><strong>restituisse</strong></span> <span class='ocrx_word' id='word_1_58' title='bbox 634 1142 726 1205; x_wconf 91' lang='lat' dir='ltr'><strong>nobis</strong></span> <span class='ocrx_word' id='word_1_59' title='bbox 749 1141 896 1205; x_wconf 90' lang='lat' dir='ltr'><strong>videmur</strong></span> <span class='ocrx_word' id='word_1_60' title='bbox 918 1145 1074 1206; x_wconf 89' lang='lat' dir='ltr'><strong>Henricus</strong></span> <span class='ocrx_word' id='word_1_61' title='bbox 1097 1145 1140 1207; x_wconf 92' lang='lat' dir='ltr'><strong>ita</strong></span> <span class='ocrx_word' id='word_1_62' title='bbox 1168 1155 1204 1207; x_wconf 93' lang='lat' dir='ltr'><strong>ut</strong></span> <span class='ocrx_word' id='word_1_63' title='bbox 1226 1144 1267 1206; x_wconf 90' lang='lat' dir='ltr'><strong>de</strong></span> 
     </span>
     <span class='ocr_line' id='line_1_8' title="bbox 87 1246 1266 1330; baseline 0.005 -26"><span class='ocrx_word' id='word_1_64' title='bbox 87 1265 114 1305; x_wconf 89' lang='lat' dir='ltr'><strong>se</strong></span> <span class='ocrx_word' id='word_1_65' title='bbox 133 1246 316 1328; x_wconf 89' lang='lat' dir='ltr'><strong>loqueretur</strong></span> <span class='ocrx_word' id='word_1_66' title='bbox 338 1257 428 1328; x_wconf 89' lang='lat' dir='ltr'><strong>patre</strong></span> <span class='ocrx_word' id='word_1_67' title='bbox 451 1265 557 1326; x_wconf 89' lang='lat' dir='ltr'><strong>neque</strong></span> <span class='ocrx_word' id='word_1_68' title='bbox 581 1247 653 1306; x_wconf 89' lang='lat' dir='ltr'><strong>vivo</strong></span> <span class='ocrx_word' id='word_1_69' title='bbox 676 1265 782 1327; x_wconf 89' lang='lat' dir='ltr'><strong>neque</strong></span> <span class='ocrx_word' id='word_1_70' title='bbox 805 1256 928 1309; x_wconf 89' lang='lat' dir='ltr'><strong>mortuo</strong></span> <span class='ocrx_word' id='word_1_71' title='bbox 950 1246 1057 1310; x_wconf 83' lang='lat' dir='ltr'><strong>dicere</strong></span> <span class='ocrx_word' id='word_1_72' title='bbox 1080 1250 1183 1330; x_wconf 92' lang='lat' dir='ltr'><strong>potuit</strong></span> <span class='ocrx_word' id='word_1_73' title='bbox 1205 1250 1266 1310; x_wconf 92' lang='lat' dir='ltr'><strong>nisi</strong></span> 
     </span>
     <span class='ocr_line' id='line_1_9' title="bbox 88 1348 1266 1434; baseline 0.003 -26"><span class='ocrx_word' id='word_1_74' title='bbox 88 1350 180 1430; x_wconf 88' lang='lat' dir='ltr'><strong>inepte</strong></span> <span class='ocrx_word' id='word_1_75' title='bbox 214 1348 396 1412; x_wconf 82' lang='lat' dir='ltr'><strong>admodum.</strong></span> <span class='ocrx_word' id='word_1_76' title='bbox 451 1351 540 1430; x_wconf 91' lang='lat' dir='ltr'><strong>atqui</strong></span> <span class='ocrx_word' id='word_1_77' title='bbox 570 1369 698 1410; x_wconf 86' lang='lat' dir='ltr'><strong>carmen</strong></span> <span class='ocrx_word' id='word_1_78' title='bbox 728 1349 808 1412; x_wconf 93' lang='lat' dir='ltr'><strong>illud</strong></span> <span class='ocrx_word' id='word_1_79' title='bbox 837 1350 1042 1414; x_wconf 89' lang='lat' dir='ltr'><strong>amoebaeum</strong></span> <span class='ocrx_word' id='word_1_80' title='bbox 1073 1362 1120 1414; x_wconf 89' lang='lat' dir='ltr'><strong>est</strong></span> <span class='ocrx_word' id='word_1_81' title='bbox 1152 1351 1266 1434; x_wconf 82' lang='lat' dir='ltr'><strong>(qualia</strong></span> 
     </span>
     <span class='ocr_line' id='line_1_10' title="bbox 87 1451 1266 1537; baseline 0.003 -26"><span class='ocrx_word' id='word_1_82' title='bbox 87 1463 216 1531; x_wconf 87' lang='lat' dir='ltr'><strong>poemata</strong></span> <span class='ocrx_word' id='word_1_83' title='bbox 232 1454 362 1535; x_wconf 93' lang='lat' dir='ltr'><strong>antiquo</strong></span> <span class='ocrx_word' id='word_1_84' title='bbox 385 1463 527 1534; x_wconf 91' lang='lat' dir='ltr'><strong>tempore</strong></span> <span class='ocrx_word' id='word_1_85' title='bbox 544 1451 737 1515; x_wconf 77' lang='lat' dir='ltr'><strong>dicebantur</strong></span> <span class='ocrx_word' id='word_1_86' title='bbox 759 1452 896 1537; x_wconf 80' lang='lat' dir='ltr'><strong>melcol),</strong></span> <span class='ocrx_word' id='word_1_87' title='bbox 924 1455 1160 1536; x_wconf 87' lang='lat' dir='ltr'><strong>respondetque</strong></span> <span class='ocrx_word' id='word_1_88' title='bbox 1176 1457 1266 1536; x_wconf 93' lang='lat' dir='ltr'><strong>quasi</strong></span> 
     </span>
     <span class='ocr_line' id='line_1_11' title="bbox 85 1554 1267 1639; baseline 0.004 -25"><span class='ocrx_word' id='word_1_89' title='bbox 85 1554 169 1616; x_wconf 88' lang='lat' dir='ltr'><strong>altera</strong></span> <span class='ocrx_word' id='word_1_90' title='bbox 192 1557 345 1619; x_wconf 82' lang='lat' dir='ltr'><strong>carminis</strong></span> <span class='ocrx_word' id='word_1_91' title='bbox 366 1567 458 1638; x_wconf 90' lang='lat' dir='ltr'><strong>parte</strong></span> <span class='ocrx_word' id='word_1_92' title='bbox 480 1556 586 1638; x_wconf 92' lang='lat' dir='ltr'><strong>puella</strong></span> <span class='ocrx_word' id='word_1_93' title='bbox 608 1558 757 1618; x_wconf 87' lang='lat' dir='ltr'><strong>amatoris</strong></span> <span class='ocrx_word' id='word_1_94' title='bbox 771 1556 938 1620; x_wconf 87' lang='lat' dir='ltr'><strong>versibus:</strong></span> <span class='ocrx_word' id='word_1_95' title='bbox 972 1577 1067 1638; x_wconf 89' lang='lat' dir='ltr'><strong>quem</strong></span> <span class='ocrx_word' id='word_1_96' title='bbox 1084 1578 1159 1621; x_wconf 86' lang='lat' dir='ltr'><strong>cum</strong></span> <span class='ocrx_word' id='word_1_97' title='bbox 1174 1559 1267 1639; x_wconf 89' lang='lat' dir='ltr'><strong>equi-</strong></span> 
     </span>
     <span class='ocr_line' id='line_1_12' title="bbox 87 1659 1268 1742; baseline 0.006 -26"><span class='ocrx_word' id='word_1_98' title='bbox 87 1667 140 1718; x_wconf 88' lang='lat' dir='ltr'><strong>tem</strong></span> <span class='ocrx_word' id='word_1_99' title='bbox 161 1659 350 1741; x_wconf 89' lang='lat' dir='ltr'><strong>simpliciter</strong></span> <span class='ocrx_word' id='word_1_100' title='bbox 379 1659 464 1722; x_wconf 90' lang='lat' dir='ltr'><strong>dicat</strong></span> <span class='ocrx_word' id='word_1_101' title='bbox 486 1659 589 1741; x_wconf 80' lang='lat' dir='ltr'><strong>(einen</strong></span> <span class='ocrx_word' id='word_1_102' title='bbox 610 1661 700 1722; x_wconf 83' lang='lat' dir='ltr'><strong>ritter</strong></span> <span class='ocrx_word' id='word_1_103' title='bbox 720 1661 818 1742; x_wconf 81' lang='lat' dir='ltr'><strong>poet),</strong></span> <span class='ocrx_word' id='word_1_104' title='bbox 851 1661 1051 1724; x_wconf 82' lang='lat' dir='ltr'><strong>manifestum</strong></span> <span class='ocrx_word' id='word_1_105' title='bbox 1082 1673 1130 1725; x_wconf 87' lang='lat' dir='ltr'><strong>est</strong></span> <span class='ocrx_word' id='word_1_106' title='bbox 1152 1663 1268 1724; x_wconf 88' lang='lat' dir='ltr'><strong>llenri-</strong></span> 
     </span>
     <span class='ocr_line' id='line_1_13' title="bbox 85 1762 1328 1846; baseline 0.006 -26"><span class='ocrx_word' id='word_1_107' title='bbox 85 1780 157 1840; x_wconf 85' lang='lat' dir='ltr'><strong>cum,</strong></span> <span class='ocrx_word' id='word_1_108' title='bbox 180 1765 208 1824; x_wconf 91' lang='lat' dir='ltr'><strong>si</strong></span> <span class='ocrx_word' id='word_1_109' title='bbox 232 1763 290 1824; x_wconf 92' lang='lat' dir='ltr'><strong>hoc</strong></span> <span class='ocrx_word' id='word_1_110' title='bbox 313 1783 441 1826; x_wconf 87' lang='lat' dir='ltr'><strong>carmen</strong></span> <span class='ocrx_word' id='word_1_111' title='bbox 466 1762 550 1842; x_wconf 83' lang='lat' dir='ltr'><strong>lecit,</strong></span> <span class='ocrx_word' id='word_1_112' title='bbox 581 1773 668 1826; x_wconf 87' lang='lat' dir='ltr'><strong>certe</strong></span> <span class='ocrx_word' id='word_1_113' title='bbox 691 1764 827 1826; x_wconf 86' lang='lat' dir='ltr'><strong>alienam</strong></span> <span class='ocrx_word' id='word_1_114' title='bbox 850 1783 1020 1846; x_wconf 88' lang='lat' dir='ltr'><strong>personam</strong></span> <span class='ocrx_word' id='word_1_115' title='bbox 1042 1767 1177 1846; x_wconf 89' lang='lat' dir='ltr'><strong>cepisse.</strong></span> <span class='ocrx_word' id='word_1_116' title='bbox 1224 1767 1267 1827; x_wconf 89' lang='lat' dir='ltr'><strong>ita</strong></span> <span class='ocrx_word' id='word_1_117' title='bbox 1327 1808 1328 1811; x_wconf 19' lang='grc' dir='ltr'><strong>κ</strong></span> 
     </span>
     <span class='ocr_line' id='line_1_14' title="bbox 86 1863 1268 1948; baseline 0.004 -24"><span class='ocrx_word' id='word_1_118' title='bbox 86 1863 114 1924; x_wconf 88' lang='lat' dir='ltr'><strong>lit</strong></span> <span class='ocrx_word' id='word_1_119' title='bbox 133 1876 165 1926; x_wconf 89' lang='lat' dir='ltr'><strong>ut</strong></span> <span class='ocrx_word' id='word_1_120' title='bbox 187 1865 267 1928; x_wconf 85' lang='lat' dir='ltr'><strong>nilril</strong></span> <span class='ocrx_word' id='word_1_121' title='bbox 299 1867 357 1928; x_wconf 88' lang='lat' dir='ltr'><strong>hoc</strong></span> <span class='ocrx_word' id='word_1_122' title='bbox 385 1886 497 1948; x_wconf 87' lang='lat' dir='ltr'><strong>poema</strong></span> <span class='ocrx_word' id='word_1_123' title='bbox 527 1868 685 1928; x_wconf 87' lang='lat' dir='ltr'><strong>contineat</strong></span> <span class='ocrx_word' id='word_1_124' title='bbox 716 1867 801 1947; x_wconf 91' lang='lat' dir='ltr'><strong>quod</strong></span> <span class='ocrx_word' id='word_1_125' title='bbox 831 1877 915 1929; x_wconf 88' lang='lat' dir='ltr'><strong>recte</strong></span> <span class='ocrx_word' id='word_1_126' title='bbox 946 1868 1027 1931; x_wconf 93' lang='lat' dir='ltr'><strong>illud</strong></span> <span class='ocrx_word' id='word_1_127' title='bbox 1049 1870 1184 1931; x_wconf 86' lang='lat' dir='ltr'><strong>Henrico</strong></span> <span class='ocrx_word' id='word_1_128' title='bbox 1208 1869 1268 1929; x_wconf 94' lang='lat' dir='ltr'><strong>im-</strong></span> 
     </span>
     <span class='ocr_line' id='line_1_15' title="bbox 85 1969 1267 2052; baseline 0.005 -24"><span class='ocrx_word' id='word_1_129' title='bbox 85 1971 210 2046; x_wconf 88' lang='lat' dir='ltr'><strong>peratori</strong></span> <span class='ocrx_word' id='word_1_130' title='bbox 234 1969 431 2052; x_wconf 90' lang='lat' dir='ltr'><strong>adscriptum</strong></span> <span class='ocrx_word' id='word_1_131' title='bbox 452 1989 522 2032; x_wconf 90' lang='lat' dir='ltr'><strong>esse</strong></span> <span class='ocrx_word' id='word_1_132' title='bbox 539 1969 746 2031; x_wconf 88' lang='lat' dir='ltr'><strong>demonstret.</strong></span> <span class='ocrx_word' id='word_1_133' title='bbox 793 1981 942 2052; x_wconf 91' lang='lat' dir='ltr'><strong>putamus</strong></span> <span class='ocrx_word' id='word_1_134' title='bbox 965 1981 1070 2034; x_wconf 88' lang='lat' dir='ltr'><strong>autem</strong></span> <span class='ocrx_word' id='word_1_135' title='bbox 1095 1990 1156 2034; x_wconf 91' lang='lat' dir='ltr'><strong>non</strong></span> <span class='ocrx_word' id='word_1_136' title='bbox 1181 1982 1267 2034; x_wconf 88' lang='lat' dir='ltr'><strong>recte</strong></span> 
     </span>
     <span class='ocr_line' id='line_1_16' title="bbox 85 2071 1265 2157; baseline 0.006 -27"><span class='ocrx_word' id='word_1_137' title='bbox 85 2071 108 2130; x_wconf 92' lang='lat' dir='ltr'><strong>ei</strong></span> <span class='ocrx_word' id='word_1_138' title='bbox 129 2091 196 2134; x_wconf 88' lang='lat' dir='ltr'><strong>esse</strong></span> <span class='ocrx_word' id='word_1_139' title='bbox 219 2072 421 2136; x_wconf 88' lang='lat' dir='ltr'><strong>attributum.</strong></span> <span class='ocrx_word' id='word_1_140' title='bbox 469 2072 661 2136; x_wconf 87' lang='lat' dir='ltr'><strong>dissentient</strong></span> <span class='ocrx_word' id='word_1_141' title='bbox 684 2095 701 2136; x_wconf 91' lang='lat' dir='ltr'><strong>a</strong></span> <span class='ocrx_word' id='word_1_142' title='bbox 724 2085 831 2136; x_wconf 91' lang='lat' dir='ltr'><strong>nostra</strong></span> <span class='ocrx_word' id='word_1_143' title='bbox 861 2077 1009 2157; x_wconf 91' lang='lat' dir='ltr'><strong>opinione</strong></span> <span class='ocrx_word' id='word_1_144' title='bbox 1038 2075 1169 2137; x_wconf 80' lang='lat' dir='ltr'><strong>fortasse</strong></span> <span class='ocrx_word' id='word_1_145' title='bbox 1199 2077 1265 2144; x_wconf 81' lang='lat' dir='ltr'><strong>alit,</strong></span> 
     </span>
     <span class='ocr_line' id='line_1_17' title="bbox 85 2173 1267 2260; baseline 0.004 -27"><span class='ocrx_word' id='word_1_146' title='bbox 85 2173 167 2237; x_wconf 92' lang='lat' dir='ltr'><strong>nobis</strong></span> <span class='ocrx_word' id='word_1_147' title='bbox 188 2177 300 2258; x_wconf 91' lang='lat' dir='ltr'><strong>putide</strong></span> <span class='ocrx_word' id='word_1_148' title='bbox 325 2187 357 2240; x_wconf 90' lang='lat' dir='ltr'><strong>et</strong></span> <span class='ocrx_word' id='word_1_149' title='bbox 379 2176 582 2240; x_wconf 84' lang='lat' dir='ltr'><strong>subabsurde</strong></span> <span class='ocrx_word' id='word_1_150' title='bbox 613 2197 669 2238; x_wconf 86' lang='lat' dir='ltr'><strong>rex</strong></span> <span class='ocrx_word' id='word_1_151' title='bbox 698 2188 753 2240; x_wconf 89' lang='lat' dir='ltr'><strong>aut</strong></span> <span class='ocrx_word' id='word_1_152' title='bbox 782 2179 954 2259; x_wconf 91' lang='lat' dir='ltr'><strong>imperator</strong></span> <span class='ocrx_word' id='word_1_153' title='bbox 976 2177 1143 2260; x_wconf 87' lang='lat' dir='ltr'><strong>adsumpta</strong></span> <span class='ocrx_word' id='word_1_154' title='bbox 1166 2181 1267 2241; x_wconf 86' lang='lat' dir='ltr'><strong>aliena</strong></span> 
     </span>
     <span class='ocr_line' id='line_1_18' title="bbox 83 2279 1269 2364; baseline 0.004 -25"><span class='ocrx_word' id='word_1_155' title='bbox 83 2297 208 2356; x_wconf 89' lang='lat' dir='ltr'><strong>persona</strong></span> <span class='ocrx_word' id='word_1_156' title='bbox 231 2279 362 2342; x_wconf 91' lang='lat' dir='ltr'><strong>dicendi</strong></span> <span class='ocrx_word' id='word_1_157' title='bbox 391 2280 526 2343; x_wconf 76' lang='lat' dir='ltr'><strong>formula</strong></span> <span class='ocrx_word' id='word_1_158' title='bbox 554 2282 601 2342; x_wconf 92' lang='lat' dir='ltr'><strong>uti</strong></span> <span class='ocrx_word' id='word_1_159' title='bbox 624 2279 792 2342; x_wconf 87' lang='lat' dir='ltr'><strong>videretur</strong></span> <span class='ocrx_word' id='word_1_160' title='bbox 820 2281 976 2345; x_wconf 91' lang='lat' dir='ltr'><strong>eiusmodi</strong></span> <span class='ocrx_word' id='word_1_161' title='bbox 1007 2301 1090 2363; x_wconf 89' lang='lat' dir='ltr'><strong>quae</strong></span> <span class='ocrx_word' id='word_1_162' title='bbox 1119 2283 1269 2364; x_wconf 90' lang='lat' dir='ltr'><strong>amplitu-</strong></span> 
     </span>
     <span class='ocr_line' id='line_1_19' title="bbox 83 2380 1269 2466; baseline 0.005 -26"><span class='ocrx_word' id='word_1_163' title='bbox 83 2380 158 2445; x_wconf 89' lang='lat' dir='ltr'><strong>dinis</strong></span> <span class='ocrx_word' id='word_1_164' title='bbox 181 2384 288 2466; x_wconf 85' lang='lat' dir='ltr'><strong>rcgiae</strong></span> <span class='ocrx_word' id='word_1_165' title='bbox 312 2403 384 2446; x_wconf 90' lang='lat' dir='ltr'><strong>eum</strong></span> <span class='ocrx_word' id='word_1_166' title='bbox 408 2402 579 2445; x_wconf 90' lang='lat' dir='ltr'><strong>memorem</strong></span> <span class='ocrx_word' id='word_1_167' title='bbox 604 2403 674 2445; x_wconf 92' lang='lat' dir='ltr'><strong>esse</strong></span> <span class='ocrx_word' id='word_1_168' title='bbox 690 2383 875 2445; x_wconf 89' lang='lat' dir='ltr'><strong>ostenderet</strong></span> <span class='ocrx_word' id='word_1_169' title='bbox 897 2387 943 2447; x_wconf 90' lang='lat' dir='ltr'><strong>eis</strong></span> <span class='ocrx_word' id='word_1_170' title='bbox 966 2387 1021 2466; x_wconf 91' lang='lat' dir='ltr'><strong>qui</strong></span> <span class='ocrx_word' id='word_1_171' title='bbox 1044 2385 1163 2447; x_wconf 88' lang='lat' dir='ltr'><strong>scireut</strong></span> <span class='ocrx_word' id='word_1_172' title='bbox 1179 2388 1269 2447; x_wconf 90' lang='lat' dir='ltr'><strong>ouius</strong></span> 
     </span>
     <span class='ocr_line' id='line_1_20' title="bbox 84 2487 1270 2570; baseline 0.003 -24"><span class='ocrx_word' id='word_1_173' title='bbox 84 2504 185 2564; x_wconf 87' lang='lat' dir='ltr'><strong>poema</strong></span> <span class='ocrx_word' id='word_1_174' title='bbox 207 2487 358 2550; x_wconf 83' lang='lat' dir='ltr'><strong>audirent</strong></span> <span class='ocrx_word' id='word_1_175' title='bbox 380 2499 435 2550; x_wconf 91' lang='lat' dir='ltr'><strong>aut</strong></span> <span class='ocrx_word' id='word_1_176' title='bbox 457 2488 613 2568; x_wconf 88' lang='lat' dir='ltr'><strong>legerent.</strong></span> <span class='ocrx_word' id='word_1_177' title='bbox 661 2497 732 2549; x_wconf 87' lang='lat' dir='ltr'><strong>utut</strong></span> <span class='ocrx_word' id='word_1_178' title='bbox 754 2496 813 2566; x_wconf 87' lang='lat' dir='ltr'><strong>est,</strong></span> <span class='ocrx_word' id='word_1_179' title='bbox 840 2487 919 2551; x_wconf 92' lang='lat' dir='ltr'><strong>illud</strong></span> <span class='ocrx_word' id='word_1_180' title='bbox 937 2497 1024 2550; x_wconf 89' lang='lat' dir='ltr'><strong>certe</strong></span> <span class='ocrx_word' id='word_1_181' title='bbox 1042 2487 1185 2570; x_wconf 78' lang='lat' dir='ltr'><strong>adparet,</strong></span> <span class='ocrx_word' id='word_1_182' title='bbox 1211 2509 1270 2550; x_wconf 90' lang='lat' dir='ltr'><strong>ne-</strong></span> 
     </span>
     <span class='ocr_line' id='line_1_21' title="bbox 83 2591 1267 2673; baseline 0.002 -23"><span class='ocrx_word' id='word_1_183' title='bbox 83 2607 137 2668; x_wconf 89' lang='lat' dir='ltr'><strong>que</strong></span> <span class='ocrx_word' id='word_1_184' title='bbox 160 2592 192 2652; x_wconf 91' lang='lat' dir='ltr'><strong>in</strong></span> <span class='ocrx_word' id='word_1_185' title='bbox 217 2592 275 2654; x_wconf 92' lang='lat' dir='ltr'><strong>hoc</strong></span> <span class='ocrx_word' id='word_1_186' title='bbox 297 2592 437 2654; x_wconf 86' lang='lat' dir='ltr'><strong>carmine</strong></span> <span class='ocrx_word' id='word_1_187' title='bbox 461 2610 567 2672; x_wconf 90' lang='lat' dir='ltr'><strong>neque</strong></span> <span class='ocrx_word' id='word_1_188' title='bbox 591 2592 624 2652; x_wconf 94' lang='lat' dir='ltr'><strong>in</strong></span> <span class='ocrx_word' id='word_1_189' title='bbox 647 2591 739 2651; x_wconf 87' lang='lat' dir='ltr'><strong>tertio</strong></span> <span class='ocrx_word' id='word_1_190' title='bbox 762 2592 934 2672; x_wconf 87' lang='lat' dir='ltr'><strong>quicquam</strong></span> <span class='ocrx_word' id='word_1_191' title='bbox 949 2591 1069 2654; x_wconf 89' lang='lat' dir='ltr'><strong>dictum</strong></span> <span class='ocrx_word' id='word_1_192' title='bbox 1093 2592 1267 2673; x_wconf 90' lang='lat' dir='ltr'><strong>essequod</strong></span> 
     </span>
     <span class='ocr_line' id='line_1_22' title="bbox 83 2693 974 2776; baseline 0.002 -24"><span class='ocrx_word' id='word_1_193' title='bbox 83 2693 244 2757; x_wconf 91' lang='lat' dir='ltr'><strong>llenricum</strong></span> <span class='ocrx_word' id='word_1_194' title='bbox 269 2697 493 2776; x_wconf 86' lang='lat' dir='ltr'><strong>imperatorem</strong></span> <span class='ocrx_word' id='word_1_195' title='bbox 517 2696 596 2756; x_wconf 91' lang='lat' dir='ltr'><strong>haec</strong></span> <span class='ocrx_word' id='word_1_196' title='bbox 618 2695 771 2756; x_wconf 87' lang='lat' dir='ltr'><strong>cecinisse</strong></span> <span class='ocrx_word' id='word_1_197' title='bbox 798 2693 974 2756; x_wconf 87' lang='lat' dir='ltr'><strong>confirmet.</strong></span> 
     </span>
    </p>

    <p class='ocr_par' dir='ltr' id='par_1_3' title="bbox 81 2798 1271 4632">
     <span class='ocr_line' id='line_1_23' title="bbox 160 2798 1270 2880; baseline -0.001 -21"><span class='ocrx_word' id='word_1_198' title='bbox 160 2798 224 2861; x_wconf 88' lang='lat' dir='ltr'><strong>Sed</strong></span> <span class='ocrx_word' id='word_1_199' title='bbox 248 2800 281 2860; x_wconf 92' lang='lat' dir='ltr'><strong>in</strong></span> <span class='ocrx_word' id='word_1_200' title='bbox 304 2800 407 2880; x_wconf 93' lang='lat' dir='ltr'><strong>primo</strong></span> <span class='ocrx_word' id='word_1_201' title='bbox 430 2800 570 2860; x_wconf 91' lang='lat' dir='ltr'><strong>carmine</strong></span> <span class='ocrx_word' id='word_1_202' title='bbox 595 2817 630 2860; x_wconf 87' lang='lat' dir='ltr'><strong>ea</strong></span> <span class='ocrx_word' id='word_1_203' title='bbox 654 2799 770 2878; x_wconf 86' lang='lat' dir='ltr'><strong>scripta</strong></span> <span class='ocrx_word' id='word_1_204' title='bbox 793 2807 867 2859; x_wconf 90' lang='lat' dir='ltr'><strong>suut</strong></span> <span class='ocrx_word' id='word_1_205' title='bbox 890 2816 972 2878; x_wconf 89' lang='lat' dir='ltr'><strong>quae</strong></span> <span class='ocrx_word' id='word_1_206' title='bbox 997 2816 1060 2859; x_wconf 93' lang='lat' dir='ltr'><strong>non</strong></span> <span class='ocrx_word' id='word_1_207' title='bbox 1084 2798 1199 2858; x_wconf 90' lang='lat' dir='ltr'><strong>mirum</strong></span> <span class='ocrx_word' id='word_1_208' title='bbox 1224 2807 1270 2858; x_wconf 89' lang='lat' dir='ltr'><strong>est</strong></span> 
     </span>
     <span class='ocr_line' id='line_1_24' title="bbox 83 2899 1270 2983; baseline 0.002 -23"><span class='ocrx_word' id='word_1_209' title='bbox 83 2902 183 2963; x_wconf 89' lang='lat' dir='ltr'><strong>multis</strong></span> <span class='ocrx_word' id='word_1_210' title='bbox 205 2901 310 2964; x_wconf 80' lang='lat' dir='ltr'><strong>videri</strong></span> <span class='ocrx_word' id='word_1_211' title='bbox 341 2921 457 2983; x_wconf 91' lang='lat' dir='ltr'><strong>arege</strong></span> <span class='ocrx_word' id='word_1_212' title='bbox 488 2902 539 2962; x_wconf 91' lang='lat' dir='ltr'><strong>vel</strong></span> <span class='ocrx_word' id='word_1_213' title='bbox 572 2903 762 2982; x_wconf 88' lang='lat' dir='ltr'><strong>imperatore</strong></span> <span class='ocrx_word' id='word_1_214' title='bbox 791 2899 931 2981; x_wconf 89' lang='lat' dir='ltr'><strong>prolecta</strong></span> <span class='ocrx_word' id='word_1_215' title='bbox 962 2919 1043 2962; x_wconf 90' lang='lat' dir='ltr'><strong>esse.</strong></span> <span class='ocrx_word' id='word_1_216' title='bbox 1091 2919 1163 2962; x_wconf 89' lang='lat' dir='ltr'><strong>narn</strong></span> <span class='ocrx_word' id='word_1_217' title='bbox 1188 2919 1270 2980; x_wconf 89' lang='lat' dir='ltr'><strong>quac</strong></span> 
     </span>
     <span class='ocr_line' id='line_1_25' title="bbox 83 3003 1269 3086; baseline 0.002 -24"><span class='ocrx_word' id='word_1_218' title='bbox 83 3003 227 3068; x_wconf 85' lang='lat' dir='ltr'><strong>intortio</strong></span> <span class='ocrx_word' id='word_1_219' title='bbox 257 3017 289 3068; x_wconf 90' lang='lat' dir='ltr'><strong>ot</strong></span> <span class='ocrx_word' id='word_1_220' title='bbox 312 3014 425 3086; x_wconf 92' lang='lat' dir='ltr'><strong>quarto</strong></span> <span class='ocrx_word' id='word_1_221' title='bbox 449 3007 519 3066; x_wconf 90' lang='lat' dir='ltr'><strong>eius</strong></span> <span class='ocrx_word' id='word_1_222' title='bbox 542 3005 692 3066; x_wconf 90' lang='lat' dir='ltr'><strong>carminis</strong></span> <span class='ocrx_word' id='word_1_223' title='bbox 715 3013 884 3085; x_wconf 86' lang='lat' dir='ltr'><strong>systemate</strong></span> <span class='ocrx_word' id='word_1_224' title='bbox 907 3003 1053 3084; x_wconf 68' lang='lat' dir='ltr'><strong>legimus</strong></span> <span class='ocrx_word' id='word_1_225' title='bbox 1087 3023 1123 3064; x_wconf 90' lang='lat' dir='ltr'><strong>ea</strong></span> <span class='ocrx_word' id='word_1_226' title='bbox 1153 3005 1269 3084; x_wconf 88' lang='lat' dir='ltr'><strong>partim</strong></span> 
     </span>
     <span class='ocr_line' id='line_1_26' title="bbox 82 3105 1270 3190; baseline 0.002 -25"><span class='ocrx_word' id='word_1_227' title='bbox 82 3107 118 3166; x_wconf 88' lang='lat' dir='ltr'><strong>ita</strong></span> <span class='ocrx_word' id='word_1_228' title='bbox 146 3119 326 3190; x_wconf 86' lang='lat' dir='ltr'><strong>comparata</strong></span> <span class='ocrx_word' id='word_1_229' title='bbox 354 3118 429 3170; x_wconf 90' lang='lat' dir='ltr'><strong>sunt</strong></span> <span class='ocrx_word' id='word_1_230' title='bbox 458 3118 493 3171; x_wconf 93' lang='lat' dir='ltr'><strong>ut</strong></span> <span class='ocrx_word' id='word_1_231' title='bbox 506 3107 556 3176; x_wconf 72' lang='lat' dir='ltr'><strong>,ab</strong></span> <span class='ocrx_word' id='word_1_232' title='bbox 587 3108 647 3169; x_wconf 90' lang='lat' dir='ltr'><strong>alio</strong></span> <span class='ocrx_word' id='word_1_233' title='bbox 678 3107 805 3168; x_wconf 89' lang='lat' dir='ltr'><strong>homine</strong></span> <span class='ocrx_word' id='word_1_234' title='bbox 835 3125 898 3168; x_wconf 91' lang='lat' dir='ltr'><strong>non</strong></span> <span class='ocrx_word' id='word_1_235' title='bbox 920 3105 1092 3168; x_wconf 91' lang='lat' dir='ltr'><strong>videantur</strong></span> <span class='ocrx_word' id='word_1_236' title='bbox 1122 3107 1183 3169; x_wconf 90' lang='lat' dir='ltr'><strong>dici</strong></span> <span class='ocrx_word' id='word_1_237' title='bbox 1211 3127 1270 3188; x_wconf 88' lang='lat' dir='ltr'><strong>po-</strong></span> 
     </span>
     <span class='ocr_line' id='line_1_27' title="bbox 83 3209 1270 3290; baseline 0.001 -21"><span class='ocrx_word' id='word_1_238' title='bbox 83 3211 174 3273; x_wconf 88' lang='lat' dir='ltr'><strong>tuisse</strong></span> <span class='ocrx_word' id='word_1_239' title='bbox 204 3221 269 3274; x_wconf 90' lang='lat' dir='ltr'><strong>tam</strong></span> <span class='ocrx_word' id='word_1_240' title='bbox 296 3211 471 3274; x_wconf 91' lang='lat' dir='ltr'><strong>commode.</strong></span> <span class='ocrx_word' id='word_1_241' title='bbox 526 3209 710 3273; x_wconf 86' lang='lat' dir='ltr'><strong>‘lubentius&#39;</strong></span> <span class='ocrx_word' id='word_1_242' title='bbox 741 3211 845 3290; x_wconf 92' lang='lat' dir='ltr'><strong>inquit</strong></span> <span class='ocrx_word' id='word_1_243' title='bbox 874 3221 965 3290; x_wconf 90' lang='lat' dir='ltr'><strong>poeta</strong></span> <span class='ocrx_word' id='word_1_244' title='bbox 1002 3211 1110 3289; x_wconf 90' lang='lat' dir='ltr'><strong>‘quam</strong></span> <span class='ocrx_word' id='word_1_245' title='bbox 1137 3211 1270 3271; x_wconf 89' lang='lat' dir='ltr'><strong>amicam</strong></span> 
     </span>
     <span class='ocr_line' id='line_1_28' title="bbox 82 3311 1269 3400; baseline 0.002 -28"><span class='ocrx_word' id='word_1_246' title='bbox 82 3311 257 3377; x_wconf 88' lang='lat' dir='ltr'><strong>abdicarem</strong></span> <span class='ocrx_word' id='word_1_247' title='bbox 286 3334 444 3400; x_wconf 79' lang='lat' dir='ltr'><strong>coronam.</strong></span> <span class='ocrx_word' id='word_1_248' title='bbox 492 3323 602 3395; x_wconf 89' lang='lat' dir='ltr'><strong>peccat</strong></span> <span class='ocrx_word' id='word_1_249' title='bbox 629 3314 714 3375; x_wconf 90' lang='lat' dir='ltr'><strong>enim</strong></span> <span class='ocrx_word' id='word_1_250' title='bbox 744 3313 846 3393; x_wconf 91' lang='lat' dir='ltr'><strong>siquis</strong></span> <span class='ocrx_word' id='word_1_251' title='bbox 874 3331 937 3373; x_wconf 90' lang='lat' dir='ltr'><strong>non</strong></span> <span class='ocrx_word' id='word_1_252' title='bbox 968 3312 1071 3374; x_wconf 91' lang='lat' dir='ltr'><strong>credit</strong></span> <span class='ocrx_word' id='word_1_253' title='bbox 1100 3331 1150 3374; x_wconf 92' lang='lat' dir='ltr'><strong>me</strong></span> <span class='ocrx_word' id='word_1_254' title='bbox 1172 3313 1269 3374; x_wconf 89' lang='lat' dir='ltr'><strong>vitam</strong></span> 
     </span>
     <span class='ocr_line' id='line_1_29' title="bbox 81 3417 1270 3498; baseline -0.002 -20"><span class='ocrx_word' id='word_1_255' title='bbox 81 3419 216 3480; x_wconf 84' lang='lat' dir='ltr'><strong>suaviter</strong></span> <span class='ocrx_word' id='word_1_256' title='bbox 237 3419 424 3480; x_wconf 91' lang='lat' dir='ltr'><strong>continuare</strong></span> <span class='ocrx_word' id='word_1_257' title='bbox 454 3437 546 3498; x_wconf 86' lang='lat' dir='ltr'><strong>posse</strong></span> <span class='ocrx_word' id='word_1_258' title='bbox 575 3417 698 3480; x_wconf 89' lang='lat' dir='ltr'><strong>etiamsi</strong></span> <span class='ocrx_word' id='word_1_259' title='bbox 728 3434 902 3496; x_wconf 85' lang='lat' dir='ltr'><strong>numquam</strong></span> <span class='ocrx_word' id='word_1_260' title='bbox 932 3433 1046 3477; x_wconf 88' lang='lat' dir='ltr'><strong>corona</strong></span> <span class='ocrx_word' id='word_1_261' title='bbox 1074 3417 1169 3496; x_wconf 91' lang='lat' dir='ltr'><strong>capiti</strong></span> <span class='ocrx_word' id='word_1_262' title='bbox 1200 3433 1270 3476; x_wconf 85' lang='lat' dir='ltr'><strong>mco</strong></span> 
     </span>
     <span class='ocr_line' id='line_1_30' title="bbox 83 3516 1269 3602; baseline -0.001 -21"><span class='ocrx_word' id='word_1_263' title='bbox 83 3521 262 3601; x_wconf 90' lang='lat' dir='ltr'><strong>inponatur:</strong></span> <span class='ocrx_word' id='word_1_264' title='bbox 300 3521 404 3602; x_wconf 83' lang='lat' dir='ltr'><strong>idern,</strong></span> <span class='ocrx_word' id='word_1_265' title='bbox 440 3521 469 3582; x_wconf 92' lang='lat' dir='ltr'><strong>si</strong></span> <span class='ocrx_word' id='word_1_266' title='bbox 497 3519 538 3582; x_wconf 89' lang='lat' dir='ltr'><strong>ab</strong></span> <span class='ocrx_word' id='word_1_267' title='bbox 571 3521 671 3582; x_wconf 89' lang='lat' dir='ltr'><strong>amica</strong></span> <span class='ocrx_word' id='word_1_268' title='bbox 705 3537 848 3600; x_wconf 86' lang='lat' dir='ltr'><strong>separer,</strong></span> <span class='ocrx_word' id='word_1_269' title='bbox 884 3536 1014 3598; x_wconf 87' lang='lat' dir='ltr'><strong>sperare</strong></span> <span class='ocrx_word' id='word_1_270' title='bbox 1048 3536 1112 3579; x_wconf 90' lang='lat' dir='ltr'><strong>non</strong></span> <span class='ocrx_word' id='word_1_271' title='bbox 1146 3516 1269 3580; x_wconf 64' lang='lat' dir='ltr'><strong>audeo!</strong></span> 
     </span>
     <span class='ocr_line' id='line_1_31' title="bbox 83 3620 1269 3703; baseline -0.001 -19"><span class='ocrx_word' id='word_1_272' title='bbox 83 3623 153 3686; x_wconf 90' lang='lat' dir='ltr'><strong>baec</strong></span> <span class='ocrx_word' id='word_1_273' title='bbox 175 3645 252 3688; x_wconf 87' lang='lat' dir='ltr'><strong>sane</strong></span> <span class='ocrx_word' id='word_1_274' title='bbox 276 3626 320 3688; x_wconf 89' lang='lat' dir='ltr'><strong>ita</strong></span> <span class='ocrx_word' id='word_1_275' title='bbox 344 3624 428 3686; x_wconf 90' lang='lat' dir='ltr'><strong>dicta</strong></span> <span class='ocrx_word' id='word_1_276' title='bbox 456 3633 531 3685; x_wconf 92' lang='lat' dir='ltr'><strong>sunt</strong></span> <span class='ocrx_word' id='word_1_277' title='bbox 560 3634 595 3685; x_wconf 92' lang='lat' dir='ltr'><strong>ut</strong></span> <span class='ocrx_word' id='word_1_278' title='bbox 619 3623 776 3703; x_wconf 77' lang='lat' dir='ltr'><strong>insignem</strong></span> <span class='ocrx_word' id='word_1_279' title='bbox 805 3623 994 3702; x_wconf 88' lang='lat' dir='ltr'><strong>gravitatem</strong></span> <span class='ocrx_word' id='word_1_280' title='bbox 1023 3620 1172 3702; x_wconf 89' lang='lat' dir='ltr'><strong>habeant,</strong></span> <span class='ocrx_word' id='word_1_281' title='bbox 1203 3621 1229 3682; x_wconf 94' lang='lat' dir='ltr'><strong>si</strong></span> <span class='ocrx_word' id='word_1_282' title='bbox 1253 3641 1269 3683; x_wconf 90' lang='lat' dir='ltr'><strong>a</strong></span> 
     </span>
     <span class='ocr_line' id='line_1_32' title="bbox 84 3725 1271 3810; baseline -0.003 -22"><span class='ocrx_word' id='word_1_283' title='bbox 84 3747 151 3808; x_wconf 87' lang='lat' dir='ltr'><strong>rege</strong></span> <span class='ocrx_word' id='word_1_284' title='bbox 173 3739 228 3791; x_wconf 94' lang='lat' dir='ltr'><strong>aut</strong></span> <span class='ocrx_word' id='word_1_285' title='bbox 250 3729 442 3810; x_wconf 88' lang='lat' dir='ltr'><strong>imperatore</strong></span> <span class='ocrx_word' id='word_1_286' title='bbox 465 3725 690 3806; x_wconf 81' lang='lat' dir='ltr'><strong>proferuntur;</strong></span> <span class='ocrx_word' id='word_1_287' title='bbox 719 3735 751 3786; x_wconf 93' lang='lat' dir='ltr'><strong>et</strong></span> <span class='ocrx_word' id='word_1_288' title='bbox 766 3743 958 3806; x_wconf 89' lang='lat' dir='ltr'><strong>quamquam</strong></span> <span class='ocrx_word' id='word_1_289' title='bbox 981 3726 1142 3785; x_wconf 89' lang='lat' dir='ltr'><strong>neminem</strong></span> <span class='ocrx_word' id='word_1_290' title='bbox 1165 3725 1271 3786; x_wconf 92' lang='lat' dir='ltr'><strong>minus</strong></span> 
     </span>
     <span class='ocr_line' id='line_1_33' title="bbox 82 3825 1269 3910; baseline -0.004 -17"><span class='ocrx_word' id='word_1_291' title='bbox 82 3849 171 3910; x_wconf 91' lang='lat' dir='ltr'><strong>quam</strong></span> <span class='ocrx_word' id='word_1_292' title='bbox 201 3833 391 3909; x_wconf 78' lang='lat' dir='ltr'><strong>danninum,</strong></span> <span class='ocrx_word' id='word_1_293' title='bbox 424 3831 514 3893; x_wconf 92' lang='lat' dir='ltr'><strong>cuius</strong></span> <span class='ocrx_word' id='word_1_294' title='bbox 546 3829 710 3908; x_wconf 80' lang='lat' dir='ltr'><strong>ingenium</strong></span> <span class='ocrx_word' id='word_1_295' title='bbox 739 3839 862 3890; x_wconf 87' lang='lat' dir='ltr'><strong>mature</strong></span> <span class='ocrx_word' id='word_1_296' title='bbox 891 3836 990 3888; x_wconf 91' lang='lat' dir='ltr'><strong>totum</strong></span> <span class='ocrx_word' id='word_1_297' title='bbox 1019 3825 1208 3888; x_wconf 80' lang='lat' dir='ltr'><strong>versabatur</strong></span> <span class='ocrx_word' id='word_1_298' title='bbox 1238 3828 1269 3888; x_wconf 90' lang='lat' dir='ltr'><strong>in</strong></span> 
     </span>
     <span class='ocr_line' id='line_1_34' title="bbox 82 3930 1269 4016; baseline -0.003 -22"><span class='ocrx_word' id='word_1_299' title='bbox 82 3935 293 3998; x_wconf 87' lang='lat' dir='ltr'><strong>conservanda</strong></span> <span class='ocrx_word' id='word_1_300' title='bbox 315 3935 455 4016; x_wconf 90' lang='lat' dir='ltr'><strong>potentia</strong></span> <span class='ocrx_word' id='word_1_301' title='bbox 479 3943 512 3994; x_wconf 90' lang='lat' dir='ltr'><strong>et</strong></span> <span class='ocrx_word' id='word_1_302' title='bbox 532 3931 785 3994; x_wconf 89' lang='lat' dir='ltr'><strong>administranda</strong></span> <span class='ocrx_word' id='word_1_303' title='bbox 809 3930 1001 4013; x_wconf 82' lang='lat' dir='ltr'><strong>republica,</strong></span> <span class='ocrx_word' id='word_1_304' title='bbox 1026 3931 1100 3992; x_wconf 90' lang='lat' dir='ltr'><strong>talia</strong></span> <span class='ocrx_word' id='word_1_305' title='bbox 1117 3931 1269 3991; x_wconf 84' lang='lat' dir='ltr'><strong>exanimi</strong></span> 
     </span>
     <span class='ocr_line' id='line_1_35' title="bbox 81 4031 1270 4112; baseline -0.003 -14"><span class='ocrx_word' id='word_1_306' title='bbox 81 4041 233 4101; x_wconf 85' lang='lat' dir='ltr'><strong>sententia</strong></span> <span class='ocrx_word' id='word_1_307' title='bbox 255 4037 417 4100; x_wconf 84' lang='lat' dir='ltr'><strong>dicturum</strong></span> <span class='ocrx_word' id='word_1_308' title='bbox 441 4035 539 4097; x_wconf 85' lang='lat' dir='ltr'><strong>luisse</strong></span> <span class='ocrx_word' id='word_1_309' title='bbox 563 4035 792 4112; x_wconf 80' lang='lat' dir='ltr'><strong>existimamus,</strong></span> <span class='ocrx_word' id='word_1_310' title='bbox 818 4046 924 4096; x_wconf 90' lang='lat' dir='ltr'><strong>tamen</strong></span> <span class='ocrx_word' id='word_1_311' title='bbox 947 4031 1187 4096; x_wconf 89' lang='lat' dir='ltr'><strong>concedendum</strong></span> <span class='ocrx_word' id='word_1_312' title='bbox 1210 4033 1270 4095; x_wconf 92' lang='lat' dir='ltr'><strong>ali-</strong></span> 
     </span>
     <span class='ocr_line' id='line_1_36' title="bbox 82 4137 1269 4220; baseline -0.004 -18"><span class='ocrx_word' id='word_1_313' title='bbox 82 4139 154 4220; x_wconf 91' lang='lat' dir='ltr'><strong>quid</strong></span> <span class='ocrx_word' id='word_1_314' title='bbox 183 4161 254 4204; x_wconf 89' lang='lat' dir='ltr'><strong>esse</strong></span> <span class='ocrx_word' id='word_1_315' title='bbox 289 4140 505 4220; x_wconf 77' lang='lat' dir='ltr'><strong>intellegimus</strong></span> <span class='ocrx_word' id='word_1_316' title='bbox 537 4145 648 4218; x_wconf 91' lang='lat' dir='ltr'><strong>poetae</strong></span> <span class='ocrx_word' id='word_1_317' title='bbox 679 4137 977 4217; x_wconf 86' lang='lat' dir='ltr'><strong>magniloquentiae.</strong></span> <span class='ocrx_word' id='word_1_318' title='bbox 1026 4138 1130 4218; x_wconf 91' lang='lat' dir='ltr'><strong>ipsum</strong></span> <span class='ocrx_word' id='word_1_319' title='bbox 1163 4146 1269 4198; x_wconf 91' lang='lat' dir='ltr'><strong>autem</strong></span> 
     </span>
     <span class='ocr_line' id='line_1_37' title="bbox 82 4238 1268 4321; baseline -0.001 -21"><span class='ocrx_word' id='word_1_320' title='bbox 82 4243 154 4306; x_wconf 90' lang='lat' dir='ltr'><strong>illud</strong></span> <span class='ocrx_word' id='word_1_321' title='bbox 176 4243 348 4307; x_wconf 88' lang='lat' dir='ltr'><strong>abdicandi</strong></span> <span class='ocrx_word' id='word_1_322' title='bbox 371 4244 421 4306; x_wconf 90' lang='lat' dir='ltr'><strong>vel</strong></span> <span class='ocrx_word' id='word_1_323' title='bbox 445 4240 651 4304; x_wconf 88' lang='lat' dir='ltr'><strong>renuntiandi</strong></span> <span class='ocrx_word' id='word_1_324' title='bbox 675 4239 810 4303; x_wconf 90' lang='lat' dir='ltr'><strong>verbum</strong></span> <span class='ocrx_word' id='word_1_325' title='bbox 833 4259 896 4320; x_wconf 89' lang='lat' dir='ltr'><strong>quo</strong></span> <span class='ocrx_word' id='word_1_326' title='bbox 926 4251 1018 4321; x_wconf 86' lang='lat' dir='ltr'><strong>poeta</strong></span> <span class='ocrx_word' id='word_1_327' title='bbox 1041 4241 1143 4301; x_wconf 88' lang='lat' dir='ltr'><strong>utitur</strong></span> <span class='ocrx_word' id='word_1_328' title='bbox 1167 4238 1268 4300; x_wconf 91' lang='lat' dir='ltr'><strong>videri</strong></span> 
     </span>
     <span class='ocr_line' id='line_1_38' title="bbox 81 4343 1269 4428; baseline -0.007 -18"><span class='ocrx_word' id='word_1_329' title='bbox 81 4356 179 4425; x_wconf 86' lang='lat' dir='ltr'><strong>potest</strong></span> <span class='ocrx_word' id='word_1_330' title='bbox 201 4349 236 4410; x_wconf 92' lang='lat' dir='ltr'><strong>in</strong></span> <span class='ocrx_word' id='word_1_331' title='bbox 259 4367 329 4410; x_wconf 86' lang='lat' dir='ltr'><strong>eam</strong></span> <span class='ocrx_word' id='word_1_332' title='bbox 352 4347 532 4428; x_wconf 89' lang='lat' dir='ltr'><strong>opinionem</strong></span> <span class='ocrx_word' id='word_1_333' title='bbox 555 4363 613 4406; x_wconf 91' lang='lat' dir='ltr'><strong>nos</strong></span> <span class='ocrx_word' id='word_1_334' title='bbox 634 4343 796 4406; x_wconf 85' lang='lat' dir='ltr'><strong>adducere</strong></span> <span class='ocrx_word' id='word_1_335' title='bbox 820 4352 855 4405; x_wconf 93' lang='lat' dir='ltr'><strong>ut</strong></span> <span class='ocrx_word' id='word_1_336' title='bbox 877 4343 1058 4423; x_wconf 85' lang='lat' dir='ltr'><strong>possedisse</strong></span> <span class='ocrx_word' id='word_1_337' title='bbox 1083 4360 1155 4402; x_wconf 81' lang='lat' dir='ltr'><strong>euni</strong></span> <span class='ocrx_word' id='word_1_338' title='bbox 1180 4361 1269 4404; x_wconf 86' lang='lat' dir='ltr'><strong>coro-</strong></span> 
     </span>
     <span class='ocr_line' id='line_1_39' title="bbox 82 4447 1268 4532; baseline -0.003 -23"><span class='ocrx_word' id='word_1_339' title='bbox 82 4467 149 4510; x_wconf 89' lang='lat' dir='ltr'><strong>nam</strong></span> <span class='ocrx_word' id='word_1_340' title='bbox 183 4451 378 4532; x_wconf 87' lang='lat' dir='ltr'><strong>colligamus.</strong></span> <span class='ocrx_word' id='word_1_341' title='bbox 425 4459 522 4529; x_wconf 90' lang='lat' dir='ltr'><strong>atque</strong></span> <span class='ocrx_word' id='word_1_342' title='bbox 555 4457 664 4529; x_wconf 78' lang='lat' dir='ltr'><strong>aperto</strong></span> <span class='ocrx_word' id='word_1_343' title='bbox 700 4465 751 4507; x_wconf 91' lang='lat' dir='ltr'><strong>res</strong></span> <span class='ocrx_word' id='word_1_344' title='bbox 786 4455 887 4524; x_wconf 89' lang='lat' dir='ltr'><strong>esset,</strong></span> <span class='ocrx_word' id='word_1_345' title='bbox 924 4449 950 4507; x_wconf 94' lang='lat' dir='ltr'><strong>si</strong></span> <span class='ocrx_word' id='word_1_346' title='bbox 981 4455 1072 4526; x_wconf 92' lang='lat' dir='ltr'><strong>poeta</strong></span> <span class='ocrx_word' id='word_1_347' title='bbox 1107 4447 1268 4525; x_wconf 88' lang='lat' dir='ltr'><strong>praesenti</strong></span> 
     </span>
     <span class='ocr_line' id='line_1_40' title="bbox 82 4545 1269 4632; baseline -0.003 -23"><span class='ocrx_word' id='word_1_348' title='bbox 82 4551 161 4615; x_wconf 91' lang='lat' dir='ltr'><strong>illius</strong></span> <span class='ocrx_word' id='word_1_349' title='bbox 188 4551 281 4615; x_wconf 86' lang='lat' dir='ltr'><strong>verbi</strong></span> <span class='ocrx_word' id='word_1_350' title='bbox 309 4562 453 4632; x_wconf 86' lang='lat' dir='ltr'><strong>tempore</strong></span> <span class='ocrx_word' id='word_1_351' title='bbox 482 4559 628 4611; x_wconf 85' lang='lat' dir='ltr'><strong>uteretur</strong></span> <span class='ocrx_word' id='word_1_352' title='bbox 658 4549 689 4628; x_wconf 72' lang='lat' dir='ltr'><strong>(a</strong></span> <span class='ocrx_word' id='word_1_353' title='bbox 715 4547 760 4610; x_wconf 76' lang='lat' dir='ltr'><strong>tot</strong></span> <span class='ocrx_word' id='word_1_354' title='bbox 791 4548 865 4610; x_wconf 80' lang='lat' dir='ltr'><strong>miclt</strong></span> <span class='ocrx_word' id='word_1_355' title='bbox 898 4549 926 4608; x_wconf 82' lang='lat' dir='ltr'><strong>ir</strong></span> <span class='ocrx_word' id='word_1_356' title='bbox 955 4545 1088 4626; x_wconf 62' lang='lat' dir='ltr'><strong>verullae,</strong></span> <span class='ocrx_word' id='word_1_357' title='bbox 1123 4545 1168 4606; x_wconf 83' lang='lat' dir='ltr'><strong>iclt</strong></span> <span class='ocrx_word' id='word_1_358' title='bbox 1198 4565 1269 4606; x_wconf 84' lang='lat' dir='ltr'><strong>ver-</strong></span> 
     </span>
    </p>

    <p class='ocr_par' dir='ltr' id='par_1_4' title="bbox 1023 4665 1061 4716">
     <span class='ocr_line' id='line_1_41' title="bbox 1023 4665 1061 4716; baseline 0 -20"><span class='ocrx_word' id='word_1_359' title='bbox 1023 4665 1061 4716; x_wconf 60' lang='grc'><strong>91</strong></span> 
     </span>
    </p>
   </div>
   <div class='ocr_carea' id='block_1_3' title="bbox 0 0 1598 5108">
    <p class='ocr_par' dir='ltr' id='par_1_5' title="bbox 0 0 1598 5108">
     <span class='ocr_line' id='line_1_42' title="bbox 0 0 1598 5108; baseline 0 0"><span class='ocrx_word' id='word_1_360' title='bbox 0 0 1598 5108; x_wconf 95' lang='lat' dir='ltr'><strong> </strong></span> 
     </span>
    </p>
   </div>
  </div>
 </body>
</html>
