3186 5108
372 427 462 492 tram
484 441 650 492 semrom
674 443 855 490 ιιειιιιιιιιι
872 425 967 488 toda.
1196 409 1268 482 lae

91 635 179 680 vanae
211 619 351 698 opinioni
385 619 558 700 quicquam
591 617 743 700 praesidii
781 616 856 680 iude
890 615 1014 678 accedit
1047 614 1134 696 quod
1168 616 1273 696 ipsum

91 721 161 783 illud
188 721 329 784 madore
357 723 390 784 in
422 720 504 784 libro
526 722 727 785 Bruxellensi
761 737 821 802 por
849 734 992 782 errorem
1020 719 1175 799 scriptum
1206 727 1270 782 est:

90 823 199 886 dixisse
220 834 346 906 poetam
369 832 515 888 ottotoosc
537 825 699 888 Livineius
725 824 893 886 intellexit.
941 825 1123 904 proximum
1146 840 1274 884 versum

88 937 119 988 ut
144 937 226 990 recte
263 945 450 991 curaremus
485 927 714 992 removendum
745 927 805 989 luit
834 927 926 1008 quasi
956 927 1116 1008 splenium
1145 925 1274 988 vulneri

89 1031 260 1112 inpositum.
307 1033 363 1113 qui
393 1033 480 1095 enim
501 1033 626 1113 primus
654 1035 697 1094 ita
720 1032 849 1112 scripsit
876 1047 977 1112 ceptro
998 1029 1174 1104 sordidum,
1205 1029 1273 1090 sive

87 1133 176 1196 Aldus
198 1134 258 1198 luit
279 1135 349 1198 sive
371 1146 445 1200 ante
469 1153 542 1198 eum
564 1136 663 1214 alius,
695 1136 723 1196 si
745 1134 844 1197 voluit
874 1134 933 1196 hec
954 1151 1024 1196 esse
1051 1149 1151 1215 aequo
1169 1139 1271 1214 parte,

86 1253 283 1302 numerorum
306 1239 410 1320 legem
433 1240 585 1321 neglexit,
611 1241 638 1301 si
659 1253 761 1321 cepo
782 1236 856 1299 silba
877 1237 1053 1316 coniunxit,
1085 1236 1273 1318 prenomine

87 1361 155 1404 usus
175 1351 225 1404 est
253 1343 359 1405 inutili
389 1352 422 1406 et
449 1343 592 1405 molesto.
638 1343 727 1424 atqui
756 1343 818 1404 alia
845 1342 920 1404 olim
951 1339 1152 1421 legebantur,
1199 1353 1272 1400 nam

86 1463 121 1505 er
148 1443 285 1510 editione
308 1448 428 1510 Veneta
456 1448 658 1509 Burmannus
686 1443 793 1508 adfert
822 1463 860 1506 oe
888 1445 957 1525 quas
979 1445 1084 1520 ονὶοιι,
1116 1463 1134 1505 e
1164 1441 1273 1504 codice

86 1549 225 1612 vossiano
246 1569 285 1612 ne
299 1551 368 1632 pots
391 1551 500 1628 mmor,
526 1553 559 1612 in
582 1549 783 1612 bruxellensi
806 1549 1026 1629 scriptumest
1046 1544 1269 1628 aequidorioa.

86 1652 151 1714 binc
171 1669 235 1716 nou
251 1653 469 1716 dubitavimus
492 1655 534 1715 ita
557 1654 636 1724 haec
653 1653 861 1730 conformare,
887 1667 1005 1724 morou
1028 1665 1180 1712 ιιοιιιιιιιιι
1205 1651 1273 1732 sirpo

87 1758 232 1819 stemate
253 1757 336 1819 dum
358 1757 471 1820 uuluae
493 1756 596 1820 ederet
617 1756 700 1834 iudo,
731 1755 764 1818 id
787 1765 836 1818 cst
858 1773 899 1818 ue
923 1754 1080 1817 mularum
1110 1753 1184 1834 iugc
1205 1751 1273 1814 lae-

85 1877 180 1922 sarum
204 1861 339 1924 vulnera
368 1861 593 1941 conglutinatis
624 1859 772 1923 iubarum
799 1859 876 1941 pilis
898 1859 1067 1920 horrerent
1089 1867 1121 1919 st
1142 1857 1273 1938 squale-

85 1975 157 2026 rent.
205 1963 444 2046 depravationis
466 1981 560 2027 causa
584 1963 781 2034 manifestior
803 1963 838 2025 iit
859 1963 887 2024 si
910 1963 1065 2043 scriptum
1090 1961 1188 2022 luisse
1211 1977 1273 2040 pu-

85 2075 179 2129 amns
201 2068 353 2130 maldam.
431 2131 432 2139 ,

161 2171 196 2232 ln
227 2169 424 2234 eanninibus
457 2185 540 2236 nouo
569 2181 666 2252 atque
695 2169 818 2234 decimo
851 2170 931 2232 nibil
966 2168 1155 2232 mutandum
1189 2179 1269 2230 eret.

84 2272 186 2336 sedin
210 2274 381 2337 undecimo
404 2276 556 2354 carmine,
589 2273 674 2356 quod
700 2291 806 2356 nuper
829 2275 863 2336 G.
880 2273 989 2354 Valgia
1012 2271 1092 2335 nuto
1114 2269 1272 2336 tributum

84 2387 127 2440 cst
152 2381 353 2460 argumentis
380 2379 620 2458 incertissimis,
659 2395 722 2440 non
752 2378 840 2439 nulla
870 2377 930 2440 luit
958 2376 1031 2438 libri
1055 2375 1272 2439 bruxellensis

83 2481 205 2544 utilitas.
253 2499 326 2545 nam
348 2501 380 2545 v.
400 2485 419 2542 6
442 2483 649 2545 confirmatur
676 2481 717 2544 ab
746 2499 782 2543 eo
806 2479 946 2561 Oenides,
983 2481 1149 2542 inventum
1171 2479 1272 2541 Scali-

83 2587 143 2664 geri
159 2595 192 2648 et
207 2587 342 2650 lleiusii.
375 2585 493 2652 deiude
508 2605 541 2648 v.
551 2587 592 2648 35
617 2583 854 2648 memorabilem
873 2583 949 2646 inde
965 2585 1145 2666 accepimus
1160 2601 1272 2644 ernen-

82 2687 246 2752 dationem.
293 2707 364 2752 cum
392 2691 480 2752 enim
503 2709 534 2751 v.
553 2689 593 2753 23
610 2709 637 2752 s.
669 2698 761 2771 poeta
784 2688 919 2754 dixisset
944 2687 1063 2771 salicem
1091 2694 1163 2750 oete
1189 2687 1271 2748 alios

82 2801 157 2856 tuoto
178 2796 329 2876 scriptore
355 2788 535 2876 patellaml'
556 2791 661 2855 Altero
684 2813 744 2855 raon
763 2792 852 2875 santo
875 2792 993 2855 disserit
1014 2806 1080 2854 esre
1105 2791 1207 2872 prior,
1239 2799 1271 2851 et

83 2896 134 2958 hoc
162 2897 281 2960 deinde
315 2898 471 2979 exemplis
502 2897 544 2958 ita
573 2905 761 2978 persecutus
790 2906 875 2958 esset
910 2905 946 2958 ut
975 2893 1086 2956 eedem
1120 2893 1271 2954 orationis

83 2999 173 3064 iorma
200 3021 261 3082 par
291 3000 401 3063 decem
430 3017 544 3063 versus
573 3002 754 3062 continuata
791 3008 953 3080 repeteret
986 3014 1050 3059 non
1079 2994 1268 3074 Atalantam,

82 3105 331 3184 conlisionem,
362 3121 426 3168 non
450 3104 667 3186 Cassiopeam,
701 3123 762 3165 nou
787 3101 1039 3184 Hippodamiam,
1072 3117 1134 3162 non
1159 3102 1271 3162 Seme-

82 3206 139 3287 len,
164 3227 227 3270 non
249 3209 379 3271 Danaen
402 3225 492 3272 suam
516 3208 630 3270 lamam
654 3207 754 3270 lamae
776 3206 902 3288 puellae
925 3203 1100 3268 ablessalla
1124 3203 1269 3265 laudatae

82 3311 272 3390 praelaturas
295 3329 377 3390 osse,
402 3329 465 3374 non
485 3313 591 3394 potuit
612 3311 718 3374 subito
742 3312 784 3372 ita
807 3298 915 3392 loqui,¹

203 3418 291 3478 mdes
313 3423 341 3478 el
362 3413 398 3478 ob
420 3421 544 3498 raptum
562 3415 650 3497 pulsi
671 3415 784 3496 liquere
802 3421 929 3496 penula

288 3520 448 3602 racanati
466 3521 585 3601 pclrt'os
607 3518 691 3599 filius
713 3526 802 3600 atque
823 3525 922 3599 pater.

84 3623 250 3684 rectissime
273 3633 380 3685 autem
404 3624 436 3684 in
461 3621 542 3684 libre
564 3622 764 3684 Bruxellensi
788 3623 941 3701 scriptum
966 3629 1015 3682 est
1037 3620 1104 3682 Non
1125 3620 1212 3680 caria
1234 3618 1270 3679 ob

82 3734 208 3806 raptum.
255 3725 379 3789 accedit
407 3727 465 3789 boc
493 3723 649 3806 exemplis
677 3727 765 3788 caiae
795 3723 1000 3806 monosyllabi
1030 3722 1270 3785 alaobmanno
1336 3719 1338 3723 ’

83 3829 110 3888 iu
125 3830 347 3892 commentario
364 3830 550 3894 Lucretlauo
572 3847 605 3910 p.
625 3830 665 3892 26
689 3827 925 3891 demonstratis.
968 3845 1032 3890 non
1054 3829 1161 3890 minus
1184 3837 1270 3888 recte

84 3931 160 3994 idem
183 3933 266 3995 liber
288 3953 320 3996 v.
339 3935 379 3995 48
404 3931 502 3996 habet
523 3949 614 4015 saepe
635 3951 723 3996 mare
744 3932 884 3995 cadendo
906 3934 1038 4008 tabuere,
1071 3949 1134 4012 quo
1155 3928 1269 3992 ordine

85 4035 175 4098 verba
213 4035 394 4101 collocanda
434 4055 505 4099 esse
540 4037 760 4100 Broulrbusius
797 4036 966 4098 intellexit.
1024 4033 1142 4098 deiude
1172 4053 1204 4094 ιι.
1228 4033 1263 4092 bl

83 4157 183 4202 veram
205 4143 416 4222 scripturam,
443 4159 505 4202 oon
528 4141 639 4202 celeres
661 4137 765 4222 Afrae,
790 4141 939 4220 periurae
960 4138 1047 4200 milio
1061 4141 1168 4221 pentes,
1195 4137 1270 4198 bae·

84 4251 170 4306 tenus
184 4245 350 4307 confirmat
364 4253 400 4306 ut
416 4241 533 4306 babeat
551 4261 610 4326 per
630 4229 722 4320 aaa.
758 4253 826 4305 tum
850 4241 1071 4323 recipiendum
1094 4251 1162 4302 erat
1184 4239 1270 4320 quod

84 4363 112 4406 r.
129 4347 168 4408 55
190 4347 339 4429 praebuit
367 4365 429 4409 aaa
456 4355 595 4410 nostrum
625 4355 679 4428 est,
705 4353 818 4422 tantos,
850 4365 923 4421 aco,
956 4347 1091 4426 ispanus,
1122 4345 1271 4425 cartapeta

84 4447 194 4513 mdes.
242 4451 382 4532 denique
405 4471 437 4513 v.
457 4451 491 4511 ot
514 4467 570 4529 ss,
596 4447 652 4513 ubi
676 4451 821 4513 homines
843 4449 927 4511 docti
950 4449 1082 4510 mirifice
1105 4447 1271 4509 alucinan-

84 4561 141 4632 tur,
165 4553 373 4636 adquiescere
398 4556 557 4635 potuimus
580 4557 612 4616 iu
636 4555 694 4616 bae
717 4555 885 4634 scripture,
