3204 5104
400 417 489 484 litum
511 439 677 484 ιτοτιοιινι
700 401 885 484 armentari
907 422 999 482 ί868.
1219 407 1292 482 397

103 627 185 688 quae
216 609 301 672 inter
321 607 480 690 Aesopeos
503 609 616 674 ttalmu
646 619 694 676 est
715 628 783 677 eurr
804 620 860 673 aut
881 609 1153 674 adcommodatum
1176 621 1224 677 ast
1246 609 1295 674 la-

75 709 197 774 'hulae
230 729 293 792 qua
321 723 470 776 narratur
499 711 692 779 testudinem
723 711 809 796 quod
837 712 879 790 ad
908 715 1039 794 nuptias
1060 714 1142 779 lovis
1163 714 1295 781 invitata

102 832 165 876 non
181 825 316 878 venerat
337 834 507 881 excusasse
530 815 582 878 illo
605 811 687 888 οἶκος
707 813 812 900 φίλος,
836 811 918 887 οἶκος
940 805 1076 900 ἄριστος,
1101 827 1296 898 quapropter

103 915 250 998 luppiter
278 937 347 981 eam
377 918 452 982 iecit
480 917 700 1002 domiportam.
753 918 948 982 testudinem
970 929 1123 984 memorat
1146 918 1295 992 Cercidas

103 1019 136 1080 in
158 1020 351 1084 Mimiambis
372 1020 460 1104 apud
481 1021 652 1086 Stobaaum
674 1020 772 1086 Anth.
797 1041 869 1085 ινιιι
894 1023 951 1102 tt,
981 1013 999 1086 θ
1027 1025 1081 1094 τᾶς
1108 1021 1209 1106 βικνᾶς
1238 1043 1294 1107 χε-

101 1115 203 1196 λύνας
214 1117 413 1209 Ἐμναμύνευ’
429 1145 435 1158 ·
461 1121 543 1196 οίκος
558 1118 616 1209 γὰρ
633 1113 751 1210 ἄριστος
766 1118 907 1196 ἀλαθέως
921 1121 973 1189 καί
989 1123 1092 1210 pilae:
1118 1144 1193 1191 naut
1208 1134 1293 1188 reete

101 1226 180 1290 haee
205 1227 248 1288 ita
269 1227 436 1310 scripsisse
459 1226 589 1292 videtur
611 1229 778 1306 Bergkius.
826 1227 921 1290 fiebat
941 1238 1048 1306 autem
1070 1228 1191 1292 dictum
1214 1228 1294 1292 illud

102 1327 237 1406 facetius
264 1349 335 1392 oum
365 1328 519 1396 testudini
547 1329 761 1395 tribuebatur.
807 1329 894 1394 unde
923 1341 1008 1394 recte
1032 1330 1149 1394 dieitur
1172 1333 1206 1396 in
1227 1330 1294 1412 Ap-

101 1432 241 1512 pendice
262 1431 506 1514 proverbiorum
522 1453 552 1494 rr
569 1435 607 1496 lh
630 1429 712 1506 υίκος
734 1431 839 1517 φίλος,
864 1429 945 1505 οἶκος
967 1423 1096 1518 ἄριστος.
1144 1432 1220 1498 ἔνιοι
1238 1429 1293 1518 τὴν

99 1533 267 1620 παροιμίαν
290 1529 339 1602 ἐπὶ
359 1529 392 1600 τὸ
414 1530 601 1622 γελοιότερον
620 1529 858 1621 μεταφράζοντες
879 1531 990 1620 ταύτην
1012 1532 1061 1600 ἐπί
1080 1540 1133 1621 τῆς
1155 1531 1293 1623 χελώνης

101 1637 204 1724 φασίν.

188 1743 335 1804 Facetum
363 1751 412 1804 est
439 1751 471 1807 et
500 1739 608 1807 addito
636 1743 759 1824 epilogo
787 1743 934 1806 iocularis
962 1742 1126 1824 proverbii
1153 1744 1293 1824 speciem

99 1846 219 1928 accipit
245 1843 332 1925 quoe
355 1845 541 1910 Plutarchus
569 1843 672 1910 adfert
694 1844 735 1907 de
757 1845 987 1927 tranquillitate
1010 1847 1108 1911 animi
1137 1867 1170 1928 p.
1197 1845 1290 1908 467⁰.

99 1949 179 2012 dicit
210 1949 370 2028 sapientes
399 1947 543 2013 homines
573 1965 613 2012 ex
641 1946 878 2012 aduersissimis
912 1948 1010 2012 rebus
1042 1967 1138 2032 saepe
1169 1946 1293 2029 aliquid

99 2049 257 2114 commodi
277 2069 409 2132 capere:
435 2059 502 2117 tum
525 2051 570 2126 ita
583 2051 704 2134 pergit,
729 2044 809 2116 τοῦτ’
835 2039 888 2113 οὖν
912 2050 958 2114 δεῖ
978 2053 1095 2136 πρῶτον
1119 2046 1220 2116 ἀσκεῖν
1242 2047 1294 2114 καί

99 2154 249 2237 μελετᾶν,
281 2143 381 2238 ὥσπερ
409 2145 425 2215 ὁ
454 2154 508 2236 τῆς
535 2147 624 2226 κυνὸς
651 2145 792 2237 ἁμαρτών
820 2155 863 2240 τῷ
890 2151 970 2239 λίθῳ
998 2150 1051 2230 καί
1070 2149 1124 2238 τὴν
1147 2149 1293 2240 μητρυιὰν

97 2250 235 2327 aarum
265 2249 362 2322 “ott’
394 2245 512 2328 ούταις”
540 2253 601 2340 ἔφη
634 2255 797 2331 ίίκακῶς.”
848 2255 992 2322 eiusdem
1019 2257 1096 2320 dicti
1127 2269 1158 2322 et
1187 2259 1294 2339 paullo

98 2359 236 2441 quidem
256 2360 360 2444 aptior
383 2358 501 2422 mentio
524 2359 559 2424 iit
580 2362 613 2422 iu
631 2359 782 2440 Convivis
797 2369 921 2440 septem
944 2361 1124 2441 sapientum
1146 2381 1178 2442 p.
1199 2362 1291 2440 llll,

97 2458 162 2550 ἐγὼ
186 2459 221 2527 δὲ
235 2455 428 2546 θαυμάσαιμ’
455 2452 504 2539 ἄν,
528 2459 618 2547 ἔφην,
642 2456 677 2526 ού
699 2455 841 2548 τύραννον
864 2456 944 2528 ἀλλὰ
966 2456 1148 2548 κυβερνήτην
1167 2462 1293 2549 γέροντα

98 2559 308 2650 θεασάμενος·
345 2558 421 2652 πρὸς
450 2561 486 2628 δὲ
511 2559 565 2648 τήν
594 2558 753 2648 μετάθεσιν
774 2559 808 2632 τὸ
829 2567 883 2629 coit
904 2563 1062 2632 ventinaco
1082 2564 1219 2632 πέπονθα
1240 2568 1293 2632 τοῦ

98 2662 248 2755 βαλόντος
270 2665 322 2752 μὲν
345 2664 395 2732 ἐπί
415 2662 470 2752 eho
492 2660 586 2746 κύνα,
610 2662 792 2745 πατάξαντος
808 2662 909 2752 δὲτὴν
933 2665 1078 2754 μητρυιὰν
1093 2663 1146 2734 καί
1159 2663 1293 2742 σίπύντος

101 2765 203 2838 “oht’
228 2761 308 2842 ούτυι
329 2769 472 2842 κακῶς.”ί

188 2875 357 2948 Ροεευιυυε
388 2873 477 2938 aliud
509 2884 745 2938 conmcnstrare
778 2873 932 2939 Graecum
967 2873 1173 2954 proverbium
1206 2875 1318 2956 quode

98 2976 189 3041 haud
211 2975 310 3042 dubie
333 2995 426 3043 suum
448 2976 524 3040 olim
545 2975 658 3042 habuit
680 2977 850 3058 epilogum.
898 2977 1062 3042 invenitur
1084 2975 1119 3041 id
1133 2976 1220 3058 apud
1235 2980 1293 3040 Ze-

97 3079 233 3144 nobium
255 3099 287 3142 νι
310 3081 367 3159 li,
398 3079 508 3164 χαῖρε,
538 3077 624 3164 φίλον
654 3082 730 3164 φῶς.
783 3081 876 3164 γραῦς
904 3077 1039 3146 θέλουσα
1066 3074 1292 3146 ἀκολασταίνειν

97 3176 218 3268 γυμνή,
249 3177 301 3248 ίνα
330 3177 372 3268 μὴ
394 3177 448 3268 την
471 3176 601 3266 βοίκιυσιν
630 3185 684 3248 τοῦ
713 3176 852 3265 σώματος
874 3180 980 3267 ίλίγξη
1009 3177 1059 3246 τὸν
1082 3176 1192 3268 λύχνον
1216 3177 1293 3250 ἀπο-

98 3284 238 3372 σβέσασα
259 3281 325 3350 eirca
350 3284 484 3370 ι(χαῖρε,
517 3282 604 3370 φίλον
627 3285 724 3369 φῶς.”
770 3285 1017 3348 conmemoravit
1046 3284 1092 3349 ibi
1115 3285 1293 3349 Schneide-

97 3391 208 3454 wiuus
230 3388 370 3470 reliquos
392 3385 634 3470 proverbiorum
657 3389 850 3469 interpretes
873 3389 928 3468 qui
944 3387 1029 3453 idem
1045 3399 1188 3452 narrant.
1230 3408 1292 3452 uon

99 3503 190 3556 recte
212 3501 319 3554 autem
340 3490 467 3554 addidit
486 3491 581 3554 aliter
602 3488 681 3554 illud
704 3490 858 3572 explicari
880 3509 897 3552 a
920 3491 1086 3554 Plutarcho
1110 3493 1142 3552 in
1159 3493 1293 3574 Sympo-

99 3597 196 3660 siacis
210 3594 286 3656 rub
310 3615 342 3675 p.
362 3593 436 3656 705.
484 3593 641 3658 Plutarchi
665 3598 751 3658 onim
773 3595 852 3672 hacc
873 3603 963 3672 sunt,
989 3589 1036 3657 διὸ
1057 3588 1126 3666 τούς
1148 3591 1202 3677 μὲν
1224 3591 1293 3679 περί

100 3693 219 3770 ἐδωδὰς
247 3692 299 3760 καί
327 3691 489 3782 ἀφροδίσια
510 3691 561 3760 καί
581 3691 689 3770 πότους
711 3691 931 3782 ἀστοχοῦντας,
963 3691 1007 3768 οἷς
1029 3691 1113 3762 νόσοι
1133 3719 1166 3760 τε
1187 3691 1293 3764 πολλοί

99 3797 155 3872 καί,
171 3795 337 3886 χρημάτων
360 3789 483 3886 ὄλεθροι
504 3798 759 3867 συνακολουθοῦσι
780 3793 833 3862 καί
851 3793 886 3864 τὸ
907 3801 1009 3875 κακῶς
1031 3793 1172 3878 ἀκούειν,
1195 3793 1293 3884 ἀκρα-

98 3905 160 3980 τεῖς
181 3894 463 3988 προσαγορεύομεν,
495 3895 536 3974 ὡς
558 3899 725 3986 Θεοδέκτην
754 3901 867 3968 ἐκεῖνον
890 3897 1012 3971 είπύντα
1037 3903 1173 3987 Ηγαῖρε,
1205 3901 1292 3988 φίλον

99 4007 188 4092 φῶς”
222 3999 442 4092 ὀφθαλμιῶντα
473 4007 527 4090 τῆς
558 4004 712 4090 ίριυμίνης
741 4001 955 4090 ἐπιφανείσης,
990 3996 1010 4088 ἢ
1040 3999 1091 4068 τὸν
1116 3998 1291 4091 Ἀβδηρίτην

97 4102 291 4196 Ἀνάξαρχον,

720 4201 753 4284 la
776 4209 814 4294 βα
836 4207 889 4274 καί
910 4203 1011 4286 εἰδούς,

209 4305 251 4386 ὥς
272 4335 393 4398 φασαν,
419 4303 524 4384 ἄθλιος
546 4309 633 4391 ἔσκε,
658 4306 746 4397 φύσις
770 4311 803 4374 δέ
826 4335 875 4395 μιν
898 4310 1026 4396 ἔμπαλιν
1048 4301 1121 4395 ἦγεν

206 4409 376 4501 ἡδονοπλήξ
383 4463 393 4494 ,
417 4419 454 4501 τῇ
483 4414 554 4496 (scr.
579 4408 643 4500 την)
669 4415 803 4483 πλεῖστοι
824 4409 1012 4500 ὑποτρείουσι
1035 4417 1195 4500 σοφιστῶν.

97 4539 161 4583 non
185 4520 324 4602 explicat
347 4520 445 4600 igitur
460 4518 645 4582 Plutarchus
667 4519 823 4598 originem
846 4516 1008 4600 proverbii
1037 4519 1152 4599 (neque
1175 4536 1233 4598 per
1255 4536 1290 4580 se
