3240 5094
447 440 535 499 lnorx
557 457 725 500 ιιιοτιοιιιι
746 457 926 500 ιιιετιιιιιιιι
944 438 1037 499 tata.
1261 423 1338 494 455

146 640 271 692 certum
301 647 404 709 paene
434 626 564 690 videtur
585 625 821 689 Alexandriade
850 626 903 688 illa
934 645 985 688 res
1014 625 1054 688 ab
1075 625 1256 689 Alexandro
1279 627 1339 688 Se-

146 751 224 795 vero
253 741 357 813 gestas
385 731 586 811 maximeque
616 732 771 792 Persicam
801 732 870 793 eius
898 728 1136 811 expeditionem
1164 727 1340 792 celebratas

147 854 230 898 esse.
277 835 341 896 illis
371 835 456 897 enim
487 833 683 915 temporibus
706 834 869 896 Nestorem
898 833 1018 894 vixisse
1041 833 1156 896 Suidas
1184 831 1275 896 docet
1305 835 1339 894 in

145 933 273 1023 Νέστωρ
296 947 329 1000 et
352 939 385 998 in
408 934 604 1022 Πείσανδρος.

235 1041 285 1102 Vl.
317 1041 485 1103 Terentius
508 1041 540 1102 in
564 1041 717 1103 Eunucho
739 1059 762 1100 ιι
784 1041 802 1100 3
828 1041 867 1100 11
897 1041 1036 1102 contiuuo
1064 1039 1205 1102 adatrrt't
1230 1040 1340 1103 adme

146 1163 241 1226 queam
264 1143 349 1226 loupe
376 1142 506 1224 quidem.
552 1141 714 1238 adnotavit
736 1143 876 1205 Donatus
903 1141 975 1204 berte
1001 1143 1112 1225 ‘lotape’
1137 1142 1235 1219 dimit,
1267 1145 1340 1226 quia

150 1253 189 1308 ‘a
212 1245 311 1329 loaye’
340 1264 401 1308 aaa
420 1248 518 1326 potuit
539 1245 649 1308 dicere.
697 1265 739 1308 aa
761 1245 1003 1308 subaudiendum
1030 1253 1075 1307 est
1106 1246 1212 1322 ‘erat’,
1244 1252 1279 1308 ut
1300 1248 1341 1309 sit

149 1352 261 1431 ‘quam
284 1349 369 1432 loupe
391 1349 495 1411 arat’?
538 1368 602 1410 non
624 1347 762 1412 debebat
776 1349 962 1410 verissimae
977 1349 1177 1428 explicationi
1200 1349 1340 1430 ineptam
1418 1386 1423 1398 ·

145 1451 380 1514 dubitationem
395 1450 534 1514 adicere.
566 1472 587 1514 o
602 1453 687 1534 torpe
709 1461 833 1528 autem,
855 1449 940 1532 quod
955 1452 1124 1513 Terentius
1138 1471 1214 1514 sane
1230 1451 1339 1514 dicare

145 1575 212 1617 non
236 1555 353 1637 potuit,
379 1555 519 1636 itemque
542 1555 579 1617 de
601 1556 685 1637 loupe
708 1554 783 1617 inde
805 1553 848 1616 ab
871 1555 938 1635 ipsa
954 1555 1064 1617 Donati
1083 1565 1185 1617 aetate
1207 1573 1338 1636 perare-

143 1657 319 1722 brueruut.
358 1659 502 1738 exempla
520 1677 559 1720 ex
578 1659 755 1739 scripturae
778 1676 885 1720 sacrae
901 1657 1220 1739 interpretationibus
1235 1659 1339 1720 lloen-

143 1763 255 1824 sobius
283 1757 373 1840 (Itala
389 1760 453 1821 aad
467 1761 593 1843 melpata
614 1779 646 1841 p.
665 1761 722 1821 23l
743 1749 794 1843 ε.)Ι
817 1770 849 1822 et
871 1761 987 1840 partim
1002 1760 1132 1823 aliunde
1147 1762 1362 1824 llunokerus't

143 1866 180 1926 in
205 1864 319 1945 Hygini
342 1862 417 1924 Fab.
442 1863 504 1925 257
531 1873 771 1944 congesserunt.
818 1863 851 1924 in
872 1864 995 1943 Vegetii
1018 1864 1161 1943 Epitoma
1185 1865 1231 1926 rei
1255 1865 1340 1925 mili-

143 1968 226 2030 taris
240 1985 275 2028 ιιι
293 1967 332 2027 18
354 1966 489 2046 legimus
512 1967 712 2047 inperitorum
734 1967 813 2028 euim
837 1967 884 2028 uel
905 1968 1087 2049 ipuauorum
1110 1975 1155 2028 est
1175 1966 1342 2048 vecelerari

144 2071 183 2132 de
208 2071 309 2151 louye,
341 2087 409 2130 eum
436 2069 534 2130 ltostes
562 2071 660 2151 mams
689 2077 867 2132 terreantur
896 2071 924 2132 st'
951 2089 1019 2132 oum
1041 2069 1168 2133 telorum
1191 2072 1251 2132 latu
1273 2071 1340 2132 ela-

144 2175 243 2235 moris
257 2173 369 2234 horror
385 2174 556 2234 accesserit.
595 2191 763 2253 possumus
785 2173 845 2234 alia
861 2171 998 2251 addere,
1023 2172 1081 2234 sed
1105 2192 1168 2234 non
1191 2183 1341 2254 putamus

143 2275 263 2338 multos
284 2285 349 2336 tam
371 2293 440 2336 essa
464 2275 580 2336 novicii
602 2275 757 2337 sermonis
786 2276 940 2357 inperitos
961 2287 996 2338 ut
1019 2295 1082 2338 non
1105 2277 1231 2356 capiant
1253 2277 1339 2357 quod

144 2380 180 2440 in
203 2379 381 2457 aenigmata
403 2375 608 2458 Antbologiae
631 2379 797 2440 Riesianae
827 2389 850 2439 t.
876 2397 886 2438 ι
909 2399 941 2459 p.
967 2379 1029 2440 301
1061 2380 1214 2460 scriptum
1243 2389 1291 2442 est
1319 2401 1340 2442 a

145 2483 234 2563 loape
260 2482 378 2561 positus
407 2488 435 2541 et
465 2482 567 2542 lumta.
620 2481 731 2543 utilius
766 2481 832 2542 lore
862 2480 1056 2544 arbitramur
1084 2484 1110 2544 si
1140 2482 1225 2565 lotape
1259 2482 1340 2544 illud

145 2581 234 2666 quod
257 2591 306 2645 est
329 2577 480 2667 μακρόθεν
508 2583 554 2663 (ut
577 2576 728 2667 μακρόθεν
752 2585 837 2667 loupe
858 2583 955 2647 habet
981 2587 1168 2666 glossarium
1192 2586 1339 2668 Cyrillia-

143 2686 234 2769 num)
265 2686 403 2766 aliquam
426 2686 535 2748 multis
558 2685 810 2749 confirmarlmus
831 2689 1004 2770 exemplis:
1037 2708 1111 2752 nam
1139 2690 1240 2750 lexica
1263 2709 1340 2770 per-

142 2807 247 2871 pauca
270 2789 400 2852 babent.
447 2790 555 2870 itaqua
578 2789 705 2852 Plautus
727 2789 809 2851 dixit
831 2790 913 2853 lind.
939 2811 950 2852 ι
973 2791 991 2851 5
1017 2793 1035 2852 9
1066 2793 1132 2854 ilico
1161 2791 1230 2854 linc
1260 2794 1339 2854 imus

143 2893 209 2954 bau
238 2893 357 2975 torpete
386 2911 428 2954 em
454 2892 509 2954 boc
537 2893 609 2954 loco.
658 2891 766 2954 Cicero
789 2892 830 2954 da
852 2893 913 2974 leg.
939 2914 948 2955 1
973 2891 991 2977 §
1015 2896 1055 2956 78
1082 2895 1128 2956 dii
1148 2895 1335 2970 mmortales,

143 3013 238 3078 quum
265 3002 297 3056 tu
325 2996 411 3078 lonae
439 2997 518 3058 iuris
545 2997 702 3076 principio
729 2997 851 3076 repetis.
905 2996 964 3077 Ep.
995 2995 1037 3058 ad
1066 2997 1138 3058 lam.
1170 3017 1223 3059 ιιιιι
1253 2999 1337 3059 297

144 3105 311 3178 suspectare
326 3106 354 3161 te
368 3097 505 3160 arbitror
518 3098 591 3160 baec
607 3105 668 3160 tom
691 3099 776 3181 loupe
798 3100 925 3180 repetita
936 3102 1093 3182 principia
1114 3119 1171 3182 quo
1194 3109 1336 3182 spectent.

144 3205 291 3263 Lucanus
314 3219 323 3260 ι
348 3202 386 3262 tt
418 3221 472 3264 uec
494 3203 578 3284 laupe
602 3200 739 3282 fatorum
761 3205 903 3284 exempla
921 3211 1077 3284 petantur.
1124 3203 1339 3276 Quintilianus

146 3325 162 3364 ι
189 3303 207 3363 7
234 3303 272 3364 17
303 3304 421 3386 loupius
452 3307 686 3386 iuterropatioue
713 3307 850 3386 repetitu.
898 3307 1056 3387 Vergilius
1078 3307 1191 3386 Georg.
1218 3325 1250 3366 ιιι
1274 3305 1336 3366 937

140 3407 256 3487 uitetur
286 3411 333 3468 uti
358 3405 454 3468 mede'o
482 3409 575 3488 coepit
604 3427 671 3469 eum
701 3405 852 3470 albescere
877 3417 967 3490 ponto
990 3412 1122 3491 Loupz'us
1149 3428 1192 3469 ea
1220 3409 1339 3489 altoque

143 3511 249 3572 sinum
271 3508 376 3570 tralu't.
422 3507 632 3570 tenuram
658 3517 721 3571 tum
740 3511 850 3591 procul
872 3530 887 3572 e
906 3512 1001 3593 [luctu
1020 3513 1182 3573 Trinacria
1201 3513 1338 3572 cernitur

143 3609 245 3672 :latua
267 3611 304 3672 Et
324 3619 465 3694 pemttum
488 3613 634 3694 inperitam
653 3613 759 3696 pelopi
775 3615 958 3696 pulsataque
980 3634 1064 3710 sqoea
1081 3600 1229 3676 Audimus
1253 3614 1338 3696 torpe

140 3713 322 3796 fractasque
349 3714 391 3776 ad
420 3715 512 3776 litora
545 3734 642 3777 uoces.
695 3714 756 3777 703
788 3717 907 3780 arduus
942 3717 1010 3779 iude
1039 3715 1177 3800 dorapas
1210 3723 1339 3778 ostentat

144 3818 288 3878 mttoet'ma
311 3817 396 3898 loupe
411 3819 541 3880 Maeuia.
582 3819 688 3880 11569
711 3819 759 3882 lu'c
782 3821 880 3882 iaculo
902 3820 1011 3898 bouus,
1037 3820 1084 3882 lu'c
1107 3821 1191 3903 loupe
1210 3819 1337 3902 fallente

144 3920 269 4001 sapiuo.
316 3919 412 3980 xttt
430 3921 619 4002 adpuoscuut
639 3923 725 4005 loupe
748 3941 857 4004 repam.
906 3923 966 3984 717
984 3943 1051 4004 'uon
1073 3925 1131 3986 ulli
1152 3931 1195 3986 est
1217 3924 1338 3984 artimus

143 4023 250 4085 striato
273 4041 456 4084 eouutrrere
475 4023 581 4105 serem·
611 4025 779 4088 Missilibus
808 4027 893 4108 loape
920 4033 948 4088 et
974 4034 1059 4088 uasto
1086 4028 1218 4088 clamore
1240 4027 1339 4088 laces-

145 4133 229 4186 sunt.
277 4125 338 4184 8l3
363 4125 507 4208 adpuouit
528 4129 613 4211 loupe
633 4129 774 4210 pemltum
793 4147 951 4210 praesepe
973 4129 1049 4191 mali
1068 4149 1163 4192 meus.
1210 4148 1251 4189 ιιι
1275 4127 1336 4188 159

144 4227 267 4290 miseris
295 4227 353 4288 beu
378 4232 524 4310 praescia
551 4230 637 4312 loupe
663 4231 852 4293 Horrescuut
878 4231 973 4294 corda
1002 4234 1154 4316 aprr'eolt‘s.
1203 4230 1338 4293 Ovidius

146 4332 180 4391 in
209 4341 277 4392 arte
300 4349 311 4390 ι
335 4330 396 4392 766
426 4333 544 4416 loupa'us
574 4333 703 4396 iusidias
733 4351 826 4396 cerua
857 4333 968 4396 videbit
996 4353 1087 4397 auus.
1134 4337 1206 4396 Mat.
1232 4335 1336 4396 ι719

145 4433 290 4516 adprtovt't
312 4433 397 4516 loupe
418 4437 560 4518 pometum
582 4437 748 4498 morientis.
796 4437 891 4498 Trist.
913 4456 942 4498 ιι
965 4439 984 4500 2
1010 4439 1049 4498 17
1072 4457 1127 4500 nos
1146 4437 1256 4519 prome
1278 4456 1338 4498 eo:-

141 4535 249 4615 pulsas
283 4539 453 4600 commuuio
485 4538 601 4621 paudr'o
635 4539 751 4622 sallum
784 4541 935 4621 Famaque
969 4547 1031 4603 tum
1064 4542 1149 4624 loupe
1182 4561 1242 4602 uon
1275 4541 1340 4602 m'si
