3184 5108
307 350 381 422 284
600 365 689 425 lanrx
711 381 879 425 trcrrouva
901 381 1085 428 sternuntur
1103 366 1196 426 tuot.

307 555 394 617 beat.
441 561 562 634 poterat
592 551 655 615 diei
684 571 775 634 mom
798 551 954 628 occatam,
979 561 1103 632 poterut
1130 573 1218 636 mmm
1244 565 1397 630 occarent,
1425 557 1479 620 dici

307 660 402 720 etiem
435 665 560 738 poterat
594 674 686 738 qaam
718 663 843 730 vocant,
881 673 953 716 nam
982 655 1111 718 vivebat
1145 660 1308 720 etiamtum
1344 659 1476 722 Calvina:

305 779 396 842 mmm
424 768 568 823 vocarent
602 760 745 838 ineptum
775 768 824 822 est
851 768 905 821 eut
937 767 1022 822 certe
1051 758 1213 840 trigidum.
1268 763 1404 824 sensisse
1430 763 1481 824 hoc

305 862 433 925 videtur
456 863 511 943 qui
534 863 567 923 in
591 860 838 943 Guelferbytanc
861 859 942 923 libro
965 881 1056 943 qaam
1077 870 1227 926 vocarunt
1249 865 1386 944 scripsit.
1429 866 1481 927 sed

305 966 386 1027 nihil
409 967 540 1028 istorum
563 983 581 1027 a
603 966 723 1028 Seneca
752 965 928 1045 proiectum
952 974 1010 1026 est.
1058 967 1228 1047 repetitum
1251 968 1337 1028 enim
1358 967 1481 1030 vocandi

306 1069 440 1130 verbum
456 1068 548 1130 valde
565 1067 723 1149 displicet.
770 1068 844 1129 hino
867 1065 958 1130 lacile
981 1068 1124 1149 intellegi
1146 1077 1250 1150 potest
1272 1069 1359 1150 quali
1380 1089 1483 1132 emcn-

304 1171 430 1235 datione
459 1171 616 1235 utendum
646 1174 699 1233 sit.
753 1169 856 1232 deleta
886 1171 938 1232 illo
966 1178 1110 1233 vocarem
1137 1170 1344 1236 scribendum
1367 1184 1412 1236 est
1437 1192 1484 1236 so-

305 1295 406 1338 rorem
428 1294 527 1354 mam,
556 1273 786 1356 festivissimam
815 1275 947 1335 ommium
972 1275 1158 1355 puellarum,
1190 1294 1282 1357 mam
1311 1295 1410 1339 omnes
1434 1279 1486 1338 Ve-

304 1397 423 1458 nerem
462 1377 570 1440 maluit
597 1380 741 1439 Iunonem
770 1395 890 1438 occare.
948 1376 1083 1439 eandem
1117 1379 1267 1440 orationis
1302 1378 1484 1442 brevitatem

305 1501 400 1564 quem
430 1488 576 1544 vocarent
601 1479 704 1542 deleto
734 1480 932 1542 restituimus
959 1481 1113 1542 miremur
1142 1479 1240 1544 luisse
1269 1484 1324 1563 qui
1348 1501 1411 1545 non
1432 1481 1485 1545 ad-

305 1594 493 1666 gnoscerent
520 1585 554 1644 in
584 1583 794 1644 consolatione
818 1581 954 1663 Polybii‚
994 1581 1052 1644 sed
1080 1594 1241 1647 mutarent
1271 1603 1352 1666 quae
1381 1587 1485 1648 rectis-

305 1691 384 1751 sime
414 1689 532 1768 scripta
561 1695 636 1749 sunt
664 1684 770 1766 capi
794 1687 834 1746 26
863 1692 898 1747 ut
926 1686 1166 1767 periclitantium
1193 1695 1222 1750 el
1249 1689 1291 1750 od
1319 1691 1486 1752 misericor-

304 1793 388 1854 diam
415 1790 569 1852 mitissimi
597 1789 740 1851 Caesaris
771 1791 935 1869 peroem'm
969 1790 1151 1870 cupientium
1184 1791 1332 1853 lacrimae
1361 1793 1483 1874 possint,

304 1894 359 1958 tibi
379 1902 448 1957 tuoe
471 1891 673 1954 adsiccandae
694 1898 776 1954 sunt.
823 1911 886 1953 non
917 1893 1016 1972 magis
1046 1893 1132 1954 enim
1154 1911 1248 1974 quam
1278 1894 1331 1956 alii
1358 1896 1486 1975 scripto-

305 2017 356 2060 res
379 1998 499 2060 Seneca
521 1995 562 2057 ab
584 1995 642 2056 hoc
663 1993 862 2056 adstrictiore
885 1993 1014 2057 dicendi
1044 2013 1163 2075 genere
1184 1995 1363 2059 abhorruit.
1412 1996 1486 2058 dixit
1580 2061 1581 2086 ,

261 2100 344 2164 toda
367 2099 569 2182 providentia
590 2099 609 2158 3
634 2099 652 2156 5
683 2097 762 2180 qaod
783 2115 894 2179 sepem,
925 2116 1012 2179 mm
1034 2106 1157 2160 armata
1178 2116 1273 2160 mnu
1294 2087 1362 2162 oon'
1382 2103 1482 2182 potitii,
1580 2087 1581 2108 ³

303 2213 416 2267 eoeusto
447 2203 556 2285 sapam
595 2201 730 2282 epistula
752 2201 792 2262 22
818 2201 851 2260 ll
881 2201 924 2262 ita
952 2208 1011 2277 est,
1043 2200 1161 2263 Lucili:
1196 2219 1312 2282 paucos
1345 2205 1483 2280 scintillis,

299 2310 407 2390 plures
436 2307 611 2368 servitutem
639 2310 748 2366 teuent.
806 2321 877 2365 cum
906 2305 1020 2365 satirae
1049 2305 1190 2366 oratione
1223 2305 1318 2386 plene
1347 2306 1486 2386 congruit

305 2409 384 2473 illud
414 2411 447 2471 in
475 2409 610 2496 epistula
635 2407 694 2466 ll5
717 2407 750 2485 3,
788 2424 874 2468 memo
906 2405 991 2468 illam
1020 2404 1197 2482 amabilem,
1235 2408 1288 2489 qui
1313 2427 1377 2470 mon
1403 2408 1486 2471 simul

303 2512 505 2576 venerabilem
526 2511 648 2573 diceret.

391 2616 509 2696 Capitis
531 2632 561 2674 rr
590 2613 622 2673 in
652 2611 744 2674 libris
772 2611 831 2673 hoc
859 2611 984 2673 initium
1014 2620 1079 2690 est,
1110 2619 1227 2674 tactum
1254 2614 1323 2674 lovi
1350 2616 1433 2677 vertit
1459 2633 1486 2676 m

302 2727 428 2782 meatem
460 2717 593 2800 priuatis
621 2716 706 2778 intra
733 2715 853 2777 curiam
881 2711 1070 2777 mercatibus
1104 2715 1283 2778 senentiam
1310 2715 1413 2779 dicere
1439 2735 1487 2778 nee

302 2825 477 2905 disputare,
516 2820 578 2882 nisi
607 2817 693 2899 quod
725 2818 758 2878 in
787 2815 1034 2898 Guelferbytano
1069 2817 1188 2880 landem
1218 2828 1305 2880 recte
1337 2822 1485 2902 scripturn

302 2925 391 3006 est.*l
434 2923 540 3004 qualia
562 2921 629 2984 lere
653 2921 860 3002 requirantur
878 2929 1030 2983 monstrat
1044 2919 1192 2982 Gronovii
1208 2922 1402 3002 coniectura,
1422 2931 1486 2985 taa-

302 3029 369 3090 dem
389 3061 434 3074 -
461 3027 625 3088 sententiaa
653 3024 715 3086 dici
742 3021 900 3105 iadipaum
925 3031 1055 3104 putare:
1093 3022 1151 3087 sed
1179 3023 1334 3086 eiusmodi
1366 3027 1485 3088 coniec-

301 3142 373 3194 tura
401 3131 487 3192 omni
516 3137 602 3190 caret
624 3128 693 3189 veri
719 3125 945 3204 similitudine,
976 3145 1082 3206 neque
1109 3127 1208 3188 oratio
1236 3128 1402 3206 aptissima
1430 3139 1483 3191 est.

302 3235 432 3298 llaesius
455 3234 550 3295 etiarn
573 3231 624 3292 hic
645 3249 724 3311 opus
746 3229 837 3310 quasi
859 3247 1006 3291 museum
1027 3228 1112 3291 lecit.
1159 3231 1287 3310 scripsit
1309 3233 1398 3292 euim
1422 3249 1486 3294 sea·

301 3341 424 3400 tentiam
446 3335 545 3398 dicem
574 3351 637 3395 non
665 3333 761 3394 licere
789 3349 844 3394 nec
872 3331 1040 3412 disputare.
1086 3330 1155 3410 sed,
1188 3333 1307 3413 inquis,
1344 3344 1417 3415 post
1442 3335 1485 3396 di-

301 3459 368 3502 cere
391 3437 481 3500 laoile
504 3437 574 3498 fleri
603 3435 705 3518 potuit
732 3443 767 3498 ut
791 3453 851 3496 eom
873 3435 964 3496 licere
986 3436 1197 3497 omitteretur.
1245 3434 1401 3500 latemur:
1434 3435 1484 3500 sed

301 3553 407 3605 tamen
437 3540 530 3602 nihili
559 3541 618 3602 ista
648 3548 737 3616 sunt,
773 3556 845 3598 curn
874 3537 989 3599 misere
1019 3536 1168 3618 langueat
1196 3537 1342 3600 additum
1373 3539 1484 3603 deinde

300 3663 354 3707 nec
386 3644 555 3726 disputare.
614 3639 819 3703 scribendum
852 3640 957 3720 potius
990 3648 1058 3701 erat
1090 3639 1211 3703 totidem
1243 3643 1313 3703 Ioui
1343 3645 1428 3706 oeait
1457 3645 1482 3704 ia

300 3755 426 3810 meatem
452 3746 584 3828 micatis
610 3747 695 3806 intra
716 3745 835 3806 curiam
856 3741 1043 3804 maronibus
1065 3745 1243 3806 sententiam
1273 3743 1377 3810 dicere
1405 3765 1483 3808 sarrs

300 3868 415 3913 rrrru.

385 3952 519 4014 Dimisso
549 3951 646 4030 igitur
668 3947 797 4012 Claudio
825 3949 948 4029 primus
976 3950 1167 4011 sententiam
1195 3951 1413 4032 interrogatur
1441 3953 1482 4012 la-

301 4075 372 4118 nus.
425 4055 466 4118 de
495 4071 557 4134 quo
587 4053 665 4116 haec
692 4053 807 4132 scripta
841 4061 916 4114 sunt
947 4051 981 4112 in
1010 4050 1102 4113 libris
1123 4053 1363 4118 Valentianensi
1394 4055 1482 4117 Guel-

301 4153 531 4240 ferbytauoque
561 4165 594 4218 et
621 4155 696 4216 olim
723 4154 895 4236 inpressis,
926 4155 953 4216 is
975 4154 1071 4216 malta
1093 4154 1218 4234 diserte,
1251 4157 1332 4238 quod
1361 4161 1394 4221 io
1419 4158 1480 4240 soro

301 4264 400 4338 iuvat,
431 4259 523 4321 dt'aeit.
570 4276 682 4320 verum
711 4267 759 4320 est
786 4257 998 4337 eloquentiam
1028 4258 1061 4319 in
1091 4256 1156 4320 loro
1185 4259 1315 4323 iuvare:
1349 4260 1407 4324 sed
1429 4279 1479 4321 ve-

352 4483 375 4546 *l
398 4481 519 4549 [temtus
536 4479 644 4532 tandem
661 4485 689 4532 io
706 4484 762 4544 ipso
780 4477 970 4547 Salamina}
