3204 5104
342 363 415 436 340
634 381 722 442 lanax
745 399 912 443 arariam
936 383 1230 444 clarmuntem.

340 587 442 632 ceram
469 577 523 632 aut
552 573 694 633 munuae
721 589 846 633 aremus
867 573 961 633 diseo.
1008 569 1224 651 displicebunt
1246 590 1341 650 sane,
1374 573 1401 632 si
1423 572 1511 632 minus

341 674 483 736 numeris
505 675 583 753 suis,
608 684 640 736 at
662 683 716 738 out
737 675 818 736 rnale
842 673 959 753 addito,
986 675 1100 736 omisso
1114 676 1203 737 *male
1222 694 1297 756 que:
1322 676 1459 754 ineptum
1474 683 1511 734 est

339 777 424 837 enirn
448 776 580 839 credere
603 796 786 840 mucronem
810 795 935 839 osseum
958 795 1020 856 quo
1042 777 1168 840 litterae
1197 778 1230 839 in
1260 797 1334 840 cera
1358 787 1513 838 exarantur

339 898 402 939 non
434 889 518 940 recte
547 879 610 941 dici
644 899 820 956 vomerem;
856 881 947 960 quasi
974 881 1006 939 in
1038 879 1095 941 hac
1125 879 1253 942 dicendi
1281 881 1383 960 ligura
1406 881 1512 942 ferreus

339 1000 449 1044 vomer
472 983 664 1063 requiratur.
712 986 818 1064 itaque
842 1001 903 1044 non
928 983 1033 1044 minus
1055 983 1161 1064 inepta
1177 993 1252 1046 sunt
1268 1002 1352 1064 quae
1375 995 1407 1045 ut
1429 984 1512 1060 magis

338 1085 493 1164 placitura
524 1086 746 1166 proferuntur,
776 1073 939 1147 vertamur
962 1087 1111 1146 numerem
1134 1089 1171 1147 In
1199 1088 1303 1148 ceram
1325 1107 1366 1148 aa
1389 1104 1512 1148 marnam

338 1185 481 1268 timquom
504 1207 628 1251 oremus
651 1191 756 1250 osseo?
784 1187 951 1269 praetendi
980 1187 1109 1250 videtur
1138 1191 1298 1271 opinionis
1326 1188 1512 1270 perversitati

339 1289 424 1369 qnod
458 1291 489 1351 in
524 1292 674 1370 glossario
701 1292 772 1353 llaii
801 1291 892 1354 duct.
926 1291 1016 1352 class.
1054 1302 1077 1352 t.
1109 1310 1137 1353 rr
1170 1312 1203 1373 p.
1237 1291 1300 1351 578
1336 1311 1407 1354 uero
1434 1308 1513 1372 neqtu

338 1393 491 1474 scriptum
520 1404 584 1470 est;
622 1395 712 1474 quasi
747 1395 805 1456 hoc
832 1392 919 1455 aliud
949 1395 990 1455 sit
1018 1412 1113 1474 quarn
1143 1393 1229 1475 quod
1256 1393 1343 1475 apud
1374 1393 1512 1456 isidorum

338 1497 457 1557 rectius
479 1496 631 1559 scribitur
653 1515 868 1578 mucroneque,
893 1498 1053 1578 autquasi
1071 1499 1103 1558 in
1120 1498 1309 1578 glossarium
1332 1498 1384 1559 illa
1399 1495 1512 1558 aliunde

293 1581 296 1590 ’
340 1599 491 1660 translata
518 1601 582 1662 sint
613 1618 708 1679 quam
739 1619 779 1661 ex
806 1599 992 1679 Originibus
1022 1599 1144 1662 Isidori.
1199 1601 1390 1681 placuerunt
1421 1611 1511 1660 tannen

342 1702 419 1763 istae
443 1720 545 1781 nugae
569 1702 828 1777 Reifferscheidio
852 1703 884 1762 in
901 1703 1043 1764 Suetonii
1068 1703 1211 1784 reliquiis
1227 1725 1259 1785 p.
1281 1704 1354 1764 l3l.
1393 1701 1446 1764 sed
1462 1720 1512 1763 non

340 1804 535 1867 attrectanda
559 1815 608 1866 est
631 1807 806 1867 rectissima
828 1802 919 1866 Attae
942 1807 1058 1884 oratio,
1084 1808 1209 1868 numeri
1225 1817 1332 1869 autern
1351 1825 1412 1868 nna
1428 1803 1511 1864 vocali

341 1908 456 1970 leniter
478 1918 619 1970 correcta
643 1909 684 1971 ita
708 1908 897 1970 restituendi
920 1919 1009 1987 sunt,

778 2018 934 2072 verumus
956 2029 1105 2074 vomerem

469 2116 501 2175 iu
523 2133 625 2176 cerum
648 2132 837 2186 avenamque
860 2132 983 2175 aremus
1006 2131 1099 2176 osseo.
1217 2183 1225 2192 ⁸

342 2219 444 2298 ipsum
477 2218 534 2278 hoc
562 2219 701 2279 mucroni
728 2228 851 2279 vetusta
882 2216 1075 2297 exemplaria
1103 2217 1261 2298 praebent
1292 2219 1324 2278 iu
1349 2216 1475 2280 Lucretii
1495 2233 1511 2274 u

341 2321 415 2400 520,
441 2319 496 2383 ubi
520 2321 737 2383 Lachmannus
760 2320 892 2382 lerinam
914 2319 1043 2382 ablativi
1067 2323 1142 2382 satis
1164 2307 1383 2382 confirmavit.'

316 2443 331 2488 s
428 2426 525 2486 Porcii
549 2425 646 2485 Licini
671 2425 864 2504 epigramma
887 2443 958 2484 curn
982 2423 1052 2484 aliis
1074 2419 1201 2486 Valerii
1206 2423 1335 2486 Aeditui
1359 2434 1389 2485 et
1411 2423 1446 2496 Ο.
1463 2421 1512 2482 Ca-

341 2528 399 2588 tuli
428 2526 532 2589 adlert
555 2527 676 2590 Gellius
698 2545 747 2588 xm
771 2529 789 2587 9
816 2537 928 2606 atque,
961 2535 995 2588 ut
1024 2536 1072 2588 est
1100 2527 1215 2588 stultns
1244 2525 1415 2588 admirator
1440 2526 1512 2586 anti·

342 2631 482 2711 quitatis,
502 2630 650 2692 versibus
665 2630 728 2690 illis
745 2628 894 2691 mundius
908 2630 1076 2690 venustius
1092 2629 1231 2691 limatius
1246 2631 1364 2691 tersius
1375 2629 1511 2690 Graecum
1586 2627 1588 2648 ‘

341 2735 527 2796 Latinumve
557 2734 636 2794 nihil
661 2733 796 2813 reperiri
827 2741 927 2812 putat.
975 2731 1067 2794 nobis
1089 2743 1199 2812 poetae
1223 2733 1325 2794 Latini
1356 2743 1424 2794 ante
1450 2749 1511 2812 pos-

341 2846 442 2898 trema
458 2836 577 2898 liberae
594 2838 639 2898 rei
664 2835 809 2915 publicae
833 2844 973 2914 tempora
989 2834 1141 2897 videntur
1156 2837 1322 2916 scripsisse
1340 2835 1432 2897 multa
1446 2851 1509 2896 sane
1587 2893 1588 2906 ,

342 2956 437 3017 quam
471 2940 647 3019 praeclara,
688 2937 745 2999 scd
777 2937 1000 2999 amatoriorum
1034 2942 1297 3018 epigrammatum
1332 2945 1508 3000 venustatem

343 3039 478 3104 rudibus
500 3050 532 3102 ct
555 3043 677 3122 asperis
692 3039 839 3103 versibus
862 3059 924 3101 non
947 3041 1088 3120 potuisse
1111 3041 1256 3122 adsequi.
1303 3041 1400 3103 nihilo
1420 3049 1508 3100 umen

343 3146 448 3206 minus
463 3143 656 3206 studendum
673 3154 721 3206 est
736 3155 771 3205 ut
786 3144 1012 3223 epigrammata
1029 3143 1082 3204 illa
1104 3163 1121 3205 a
1144 3142 1347 3206 librariorum
1367 3139 1509 3204 erroribus

343 3247 533 3325 liberentur,
548 3247 716 3310 dummodo
729 3245 763 3306 id
778 3247 895 3308 maiore
912 3245 1084 3326 prudentia
1097 3246 1151 3309 liat
1162 3265 1257 3327 quarn
1270 3266 1334 3328 qua
1350 3246 1389 3308 de
1401 3243 1508 3306 Aeditui

344 3351 510 3414 versiculis
524 3369 629 3431 nuper
645 3350 787 3411 certatim
804 3349 900 3411 multa
923 3347 1081 3410 mirabilia
1104 3359 1136 3411 et
1158 3349 1315 3430 quaedam
1338 3345 1507 3430 perridicula

343 3455 464 3534 prolata
486 3463 571 3515 sunt.
619 3453 717 3513 Porcii
741 3452 839 3512 Licini
863 3469 990 3512 carmen
1014 3455 1061 3514 sio
1083 3455 1237 3533 scriptum
1260 3463 1309 3513 est
1333 3450 1478 3513 inlibris.

473 3555 616 3617 Custodes
638 3558 738 3617 ovium
760 3554 892 3616 uendere
910 3556 1090 3637 propaginis
1112 3573 1236 3637 equum

519 3661 665 3738 quaeritis
687 3660 808 3741 ignem?
829 3660 868 3719 ite
888 3655 957 3718 ltuc.
1004 3659 1173 3737 quaeritas?
1195 3659 1275 3739 iqnis
1296 3657 1416 3720 nomast.

473 3763 502 3821 si
522 3761 613 3843 diqr'to
635 3762 777 3843 ottiqero,
804 3760 961 3823 incendam
983 3761 1095 3822 silvam
1116 3761 1208 3822 simul
1229 3778 1357 3836 canneru,

520 3881 605 3924 omna
626 3882 717 3945 pecus
737 3863 906 3943 flammant,
932 3865 1034 3924 omniu
1056 3882 1117 3944 qua
1139 3862 1236 3924 uideo.

344 3976 380 4028 ut
401 3965 533 4026 uendere
562 3964 641 4027 illnd
671 3967 844 4046 corrigeret
872 3985 956 4028 unus
977 3983 1107 4046 operam
1130 3964 1219 4027 dedit
1242 3967 1354 4028 Petrus
1376 3961 1503 4026 Victorius

344 4070 417 4130 i'ar.
442 4069 514 4130 lect.
540 4087 581 4129 ru
607 4069 662 4130 tt:
696 4068 753 4131 sed
776 4077 968 4149 teneraeque,
995 4068 1080 4148 quod
1102 4067 1310 4130 scribendum
1333 4087 1400 4130 esse
1417 4063 1502 4126 conie-

345 4172 405 4248 cit,
437 4171 556 4232 nullam
584 4181 638 4234 aut
666 4172 873 4252 perexiguam
903 4170 1000 4233 habet
1028 4171 1098 4232 veri
1120 4170 1375 4248 similitudinem
1406 4168 1501 4249 quippe

345 4274 451 4335 tritius
473 4283 522 4336 est
544 4274 730 4336 vocabulum
754 4293 849 4355 quarn
871 4272 956 4354 quod
973 4275 1015 4334 ita
1030 4273 1198 4354 depravari
1216 4274 1355 4354 potuisse
1369 4270 1498 4333 videatur·

345 4376 420 4436 latet
443 4377 546 4456 potins
567 4377 654 4438 aliud
677 4379 782 4439 minus
804 4388 930 4455 notum,
955 4395 972 4437 a
996 4395 1058 4456 quo
1081 4375 1254 4456 proclivius
1277 4385 1345 4438 erat
1363 4373 1497 4436 aberrare.
1585 4401 1586 4448 p

347 4479 406 4539 nisi
432 4480 515 4540 eninr
541 4477 679 4540 lalliurur
700 4480 828 4560 scripsit
852 4481 978 4542 Licinus
1585 4485 1586 4496 ¹
