3184 5108
374 402 464 462 lsnnr
485 419 649 463 tscrrorrrn
671 421 850 466 narratura
876 404 968 465 ⁴865.
1189 393 1264 465 287

93 599 167 651 tanta
187 589 380 652 incrementa
396 591 530 670 cepisse,
556 609 627 652 cum
649 599 767 652 remota
790 592 853 652 sint
869 592 1026 673 quaedam
1047 593 1263 676 inpedimenta

92 709 161 772 quoe
183 693 277 755 nimis
292 692 349 754 diu
373 693 571 772 ingeniorum
594 691 800 756 mobilitatem
823 685 1046 759 retardarunt.¹
1084 698 1158 760 olim
1181 700 1287 762 circat

91 794 269 875 syllabarum
298 813 466 858 mensuras
499 796 625 858 solliciti
654 806 745 857 eraut
772 813 878 878 neque
899 798 1088 880 dici-potest
1110 811 1262 881 quantum

91 899 172 960 exilis
192 899 245 960 illa
267 897 444 960 sollicitudo
467 898 610 960 liberiori
633 900 833 979 ingeniorum
857 903 1075 964 exercitationi
1097 908 1259 968 nocnerit:

90 1019 164 1062 nunc
195 999 236 1062 ab
270 998 513 1063 animosioribus
548 999 718 1064 edocemur
753 1013 817 1064 tam
845 1005 983 1066 minutas
1014 1023 1067 1067 res
1103 1025 1165 1068 non
1199 1018 1262 1070 tam

87 1105 170 1164 anxie
198 1101 359 1165 rimandas
384 1123 465 1182 esse,
498 1102 574 1181 sed,
604 1111 641 1166 ut
670 1107 815 1187 exemplo
844 1117 981 1186 utamur,
1014 1108 1199 1189 Sophoclem
1230 1114 1263 1173 in

87 1207 197 1268 Electra
226 1207 312 1269 bunc
343 1207 455 1268 iecisse
484 1207 696 1286 versiculum,
728 1203 795 1292 ἐμοὶ
816 1203 875 1294 γὰρ
902 1207 980 1272 ἔστω
1004 1205 1045 1294 μή
1073 1211 1175 1276 λυπεῖν
1202 1235 1262 1276 πα-

87 1307 150 1394 τέρα
171 1305 273 1392 μόνον,
305 1311 412 1390 itaque
440 1308 616 1390 spondeum
647 1311 680 1370 in
703 1321 847 1391 quartam
876 1314 993 1375 senarii
1021 1313 1131 1376 sedem
1159 1316 1262 1379 admi·

86 1414 173 1475 sisse:
207 1412 294 1493 quod
317 1411 449 1474 fortasse
479 1412 554 1475 lecit
582 1422 615 1474 ut
646 1412 762 1475 doloris
790 1433 861 1476 cum
891 1418 1016 1479 aurium
1039 1419 1131 1479 etiam
1155 1421 1261 1500 aliquo

86 1514 181 1578 dolore
211 1517 343 1597 pulchre
372 1514 627 1578 admoneremur.
679 1535 871 1598 quamquam
899 1537 962 1580 uon
991 1539 1069 1600 opus
1098 1531 1146 1583 est
1174 1533 1208 1584 ut
1231 1525 1259 1585 ei

85 1619 135 1680 hoc
162 1619 366 1700 quantumvis
395 1617 543 1680 callidum
571 1619 736 1680 consilium
767 1619 962 1701 tribuamus,
1002 1623 1259 1704 quandoquidem

84 1721 210 1784 eundern
234 1720 411 1803 spondeum
434 1723 528 1784 etiam
551 1731 639 1784 sexto
667 1724 784 1784 senarii
806 1723 881 1805 pedi
904 1726 1074 1787 convenire
1098 1728 1261 1788 existime-

84 1827 133 1886 vit.
177 1827 297 1907 quippe
320 1826 401 1887 alius
430 1843 487 1886 nos
509 1824 616 1887 docuit
644 1827 678 1887 in
701 1827 859 1907 principio
881 1826 1056 1908 Antigonae
1080 1849 1152 1891 eum
1176 1831 1260 1893 bunc

84 1947 201 1990 tersum
222 1930 376 2008 posuisse,
402 1921 488 1990 οὐδὲν
511 1922 568 2012 γὰρ
590 1917 653 1990 οὔτ’
680 1923 816 2012 ἀλγεινὸν
839 1919 901 1992 οὔτ’
929 1919 1002 2014 ἄτης
1024 1921 1099 2015 ἄτη,
1128 1932 1259 1996 tortasse

83 2041 112 2092 ut
132 2041 322 2112 spectatores
351 2031 455 2092 statim
485 2031 707 2112 intellegerent
736 2031 815 2112 quid
843 2035 937 2095 atali
966 2045 1058 2115 poeta
1087 2047 1260 2116 expectan-

32 2191 36 2202 ,
83 2131 268 2212 domasset,
301 2131 493 2214 videturque
517 2145 649 2215 propter
671 2133 825 2195 eiusmodi
849 2136 1021 2198 versiculos
1052 2137 1166 2200 lactum
1190 2159 1259 2202 esse

81 2245 111 2298 ut
137 2237 363 2316 Aristophanes
391 2236 437 2297 ori
468 2237 537 2298 eius
567 2236 631 2298 mel
659 2237 784 2298 inlitum
813 2237 910 2300 luisse
944 2237 1076 2301 diceret.
1129 2251 1198 2303 tum
1227 2243 1258 2304 in
1369 2253 1370 2256 ’

80 2339 268 2402 restituenda
289 2339 588 2420 antistropbicorum
611 2342 786 2402 carminum
806 2341 995 2422 aequalitate
1017 2343 1092 2404 olim
1115 2343 1259 2406 homines
1341 2377 1344 2385 <

80 2443 191 2523 ingenii
222 2443 309 2504 auxii
338 2451 369 2502 et
390 2442 498 2522 pusilli
522 2443 655 2505 multum
685 2444 836 2523 temporis
867 2443 983 2507 lrustra
1011 2445 1254 2508 consumebant:

78 2565 156 2608 nune
183 2563 354 2627 pausarum
382 2545 514 2606 artificio
535 2543 677 2606 adhibito
706 2555 760 2607 aut
787 2544 946 2608 advocatis
974 2549 1070 2610 trium
1099 2568 1257 2611 morarum

77 2649 200 2729 syllabis
229 2667 311 2728 quae
342 2647 387 2709 illi
422 2645 629 2710 destruebant
665 2650 792 2728 egregie
827 2647 1042 2712 stabiliuntur.
1096 2669 1177 2730 quae
1207 2654 1258 2714 iu-

78 2763 164 2814 venta
193 2753 221 2813 si
244 2769 307 2812 nou
330 2751 442 2827 solum,
474 2758 509 2811 ut
537 2749 641 2812 adhuc
670 2750 737 2812 lere
769 2749 884 2814 lactum
914 2761 971 2831 est,
1004 2752 1256 2818 defendendisa

77 2855 226 2917 calumnia
249 2853 400 2932 librariis,
426 2852 686 2934 prudentissimis
709 2865 740 2916 et
763 2855 1007 2935 religiosissimis
1030 2857 1062 2918 in
1086 2859 1144 2918 hac
1163 2877 1257 2938 pree-

76 2961 177 3019 sertim
201 2966 293 3038 parte
315 2955 508 3033 bominibus,
539 2956 875 3035 adcommodabuntur,
907 2957 964 3020 sed
992 2957 1033 3020 ad
1064 2959 1256 3023 emendandi

75 3059 311 3140 coniciendique
340 3058 481 3121 studium
511 3061 592 3122 iusta
622 3058 770 3121 libertate
799 3059 981 3122 donandum
1010 3062 1253 3143 transferentur,

75 3163 267 3226 uberrimum
289 3163 479 3244 optimarum
509 3161 635 3243 frugum
663 3173 853 3243 proventum
883 3183 1050 3244 possumus
1073 3175 1253 3246 expectare.

73 3277 185 3347 contra,
213 3264 298 3346 quod
319 3265 393 3326 olim
417 3267 552 3327 maxima
575 3284 615 3326 ex
635 3275 725 3346 parte
749 3265 963 3346 ignorabatur,
995 3267 1186 3347 patefactum
1209 3277 1255 3331 est

75 3369 160 3432 bodie
183 3367 330 3432 diverbia
359 3368 551 3448 tragicorum
581 3368 678 3430 luisse
701 3369 937 3450 antistropbioa‚
969 3387 1069 3450 eaque
1093 3369 1255 3432 diverbia-

73 3491 136 3534 rum
156 3471 332 3552 aequalitas
348 3471 492 3532 certatim
515 3472 703 3550 restituitur,
728 3470 819 3533 modo
843 3473 973 3534 resectis
996 3474 1042 3534 eis
1065 3491 1146 3553 quaa
1169 3475 1254 3536 illam

72 3573 276 3636 certissimam
299 3573 569 3636 numerandorum
591 3593 741 3636 versuum
765 3575 865 3655 legem
889 3574 1029 3654 turbant,
1063 3576 1134 3637 licet
1157 3577 1254 3639 multa

72 3695 176 3740 eorum
200 3687 264 3739 tam
286 3676 376 3738 vaire
398 3696 435 3738 ao
456 3677 610 3738 malitiose
633 3677 704 3739 licta
727 3679 790 3738 siut
819 3686 854 3738 ut
882 3679 968 3740 iures
990 3677 1031 3740 ab
1055 3679 1131 3760 ipsis
1153 3681 1254 3760 poetis

72 3797 136 3842 csse
158 3779 299 3862 prolecta
327 3778 394 3861 (scd
421 3799 458 3842 eo
485 3778 676 3842 laudabilius
700 3789 748 3841 est
771 3778 1006 3842 callidissimam
1029 3779 1173 3843 fraudem
1196 3781 1255 3843 de·

70 3883 212 3964 texisse),
236 3875 345 3952 modo,
377 3882 433 3944 uhi
456 3881 608 3944 deficiunt
630 3884 767 3960 numeri,
799 3883 907 3945 eximii
937 3884 1048 3946 harum
1073 3903 1178 3947 rerum
1201 3903 1254 3947 ar-

72 3982 153 4064 bitri,
187 3987 244 4066 qui
273 3987 424 4067 tragicam
453 3995 554 4047 artem
585 3987 618 4047 iu
647 3995 811 4047 numerato
840 3984 970 4066 babent,
1004 4006 1061 4050 suo
1090 3989 1160 4050 iure
1189 3998 1254 4051 sta-

71 4096 159 4151 tuunt
183 4099 227 4150 tot
248 4089 422 4150 versiculos
444 4087 600 4151 excidisse
620 4097 695 4168 quot
718 4089 834 4150 iustum
858 4107 1025 4152 numerum
1049 4091 1249 4172 conplerent;

71 4209 201 4270 quorum
233 4209 315 4272 quae
345 4191 442 4253 merit
468 4191 626 4252 sententia
656 4208 811 4271 quaerere
841 4192 1046 4271 inportunum
1076 4203 1124 4256 est
1152 4205 1183 4256 et
1212 4193 1253 4256 ab

70 4293 266 4356 arithmetica
280 4303 347 4356 arte
363 4295 512 4356 alienum.
560 4303 728 4356 astantem
751 4295 847 4357 huius
869 4295 991 4356 inventi
1014 4296 1082 4358 laus
1100 4315 1136 4358 eo
1155 4299 1254 4360 maior·

71 4413 130 4475 quo
152 4398 295 4478 longiore
317 4398 379 4459 situ
401 4397 454 4458 illa
477 4396 667 4458 numerandi
690 4415 742 4459 ars
766 4396 890 4478 sepulta
921 4397 1033 4458 iacuit:
1067 4399 1146 4479 quid
1169 4401 1253 4480 quod

71 4499 221 4582 pleraque
252 4518 361 4564 eorum
396 4518 477 4580 quae
514 4499 607 4561 bodie
641 4510 786 4562 accurate
814 4498 1060 4563 dinumerantur
1087 4520 1128 4562 ne
1156 4501 1252 4564 Attici
