3240 5094
332 361 406 435 494
625 377 713 440 lrmm
737 391 903 439 ιιιοτιοιιιι
927 395 1110 440 ιιιιιιιιιιιιιι
1129 377 1221 438 44444.

419 567 616 648 Pamgrapbo
638 565 657 629 7
687 567 860 630 crsticncm
891 566 933 630 ita
961 565 1235 648 redintcgrumm,
1267 566 1315 632 bis
1337 567 1428 630 nutu
1446 585 1510 648 per-

331 687 440 732 atssus
468 688 530 732 rau
559 688 627 732 arm
648 670 829 751 multiplices
851 671 982 753 leprbnes
1003 671 1197 753 vicorumque
1219 671 1367 752 reliquias
1388 678 1510 732 onmem

331 779 530 849 caustorum,
560 773 684 836 ultimas
711 772 910 855 fortunatum
933 775 1071 836 iacturas
1093 774 1200 838 adesse
1222 776 1284 836 ianr
1306 773 1510 855 contemplatus

331 878 432 938 orauit
463 878 527 958 ipsa
549 893 663 958 quamue
684 879 804 940 uersum
827 894 1035 950 incursuum
1057 896 1089 940 se
1111 877 1293 959 imperanda
1316 875 1443 940 iurandi
1461 893 1511 936 ea-

333 981 501 1043 secratiane
523 973 756 1067 (simmacum)
779 981 940 1042 ratium
961 981 1121 1043 universos
1133 982 1274 1062 prornisit
1291 980 1338 1060 (id
1353 982 1432 1042 enim
1445 997 1512 1041 aaa

331 1081 479 1166 apebatur
494 1083 702 1164 inpensiore),·
718 1083 901 1164 detauisque
912 1085 1058 1165 plurimis
1073 1082 1208 1146 reddidit
1218 1101 1345 1164 paucos.
1371 1084 1513 1162 scriptum

332 1196 400 1248 crat
419 1185 589 1268 facturum.
630 1205 735 1267 neque
759 1186 809 1248 bis
832 1187 922 1249 hiare
944 1189 1046 1268 potuit
1068 1189 1168 1248 oratio
1183 1205 1289 1268 neque
1304 1187 1406 1250 omitti
1421 1185 1515 1266 cupti-

331 1307 443 1352 vorum
466 1309 593 1352 namen.

419 1393 495 1474 Cap.
522 1394 561 1454 43
579 1394 616 1454 34
645 1395 687 1456 ita
703 1392 884 1472 scribimus,
909 1411 1021 1456 numm
1036 1395 1130 1477 ipitur
1141 1394 1326 1476 praemium,
1351 1391 1517 1474 mutuus

329 1497 506 1577 procinctus
529 1495 674 1572 absoluit,
700 1515 755 1560 nos
778 1498 983 1579 potamiuimus
1005 1505 1034 1559 et
1055 1515 1105 1560 res
1125 1495 1266 1580 publica,
1288 1498 1391 1580 primo
1411 1493 1519 1557 ultiom

329 1606 425 1680 parta
445 1599 483 1662 tle
503 1598 733 1682 procacioribus
754 1601 876 1676 noar'u,
902 1599 1009 1662 mace
1030 1600 1109 1683 quad
1130 1599 1213 1663 cabis
1236 1599 1356 1662 abunde
1377 1597 1518 1680 urfficimt

332 1720 375 1763 em
395 1701 529 1765 hostibus
551 1703 675 1784 captiui.
722 1703 769 1766 bis
792 1705 871 1765 curm
893 1705 1036 1766 uirtutem
1058 1711 1172 1785 oportet
1186 1721 1252 1767 esse
1266 1711 1432 1766 conuentum
1446 1719 1517 1782 miae

332 1804 444 1868 suamc
465 1807 615 1888 quaesiuit
635 1813 664 1868 et
684 1805 834 1868 amaru.
880 1807 965 1869 nobis
981 1807 1101 1888 amplae
1112 1806 1277 1888 facultates
1292 1823 1437 1889 opumque
1451 1812 1517 1867 sunt

332 1909 437 1992 mapni
463 1907 602 1970 mercum
622 1902 682 1994 (st)
709 1911 828 1992 intepra
856 1913 989 1972 omnium
1014 1911 1203 1993 patrimonia
1231 1913 1331 1973 nostri
1357 1909 1517 1972 laboreset

330 2010 478 2095 fortitudo
492 2013 660 2074 servarint.
696 2013 850 2094 scriptum
866 2023 935 2075 crat
949 2013 1167 2096 puadnrpleae:
1190 2011 1248 2076 sed
1263 2012 1329 2077 duc
1342 2031 1516 2075 conmemo-

335 2124 446 2178 rontur
468 2115 649 2196 procinctus
671 2115 768 2178 unius
789 2117 942 2196 praemia,
967 2135 1031 2178 non
1053 2126 1214 2197 quattuor.
1261 2115 1381 2180 deiude
1401 2126 1435 2180 ιιι
1449 2125 1516 2196 apin

333 2228 364 2280 ct
387 2219 468 2281 iusta
490 2219 545 2281 lint
566 2219 724 2281 sententia
747 2220 777 2280 si
797 2220 975 2282 neccssaria
996 2217 1181 2283 addendum
1204 2229 1264 2282 cst.

420 2320 513 2384 Libro
528 2339 600 2384 xuu
617 2323 634 2382 4
653 2321 671 2382 b
695 2320 901 2386 scribendum
925 2332 975 2385 cst
996 2325 1065 2385 sine
1089 2322 1287 2386 dubitatione
1310 2323 1388 2406 pttod
1402 2325 1437 2384 ni
1449 2341 1516 2386 con-

334 2426 466 2508 cipisset,
498 2427 565 2507 pars
595 2443 699 2487 earum
722 2425 822 2507 sciret
844 2426 992 2488 eacumina
1014 2445 1142 2508 piarum
1164 2445 1285 2489 ιιιιιιι
1308 2425 1430 2508 diliciis
1450 2425 1517 2488 tole-

333 2531 448 2592 ratur?
480 2528 597 2610 legitur
626 2531 659 2591 in
681 2528 831 2592 Fuldcnsi
861 2529 944 2591 libro
968 2531 1101 2612 paritas.
1147 2531 1347 2612 scripserunt
1366 2532 1514 2612 paucitas,

334 2633 454 2694 moicrc
476 2631 571 2712 qusai
593 2651 673 2714 opus
695 2641 763 2694 crat
786 2633 975 2696 mutatione:
1002 2652 1074 2696 num
1095 2633 1209 2696 valesii
1230 2635 1375 2715 paruitas
1396 2634 1518 2696 omuino

335 2733 569 2816 repudiandum
592 2745 651 2797 cst.

420 2837 496 2918 Cup.
529 2837 590 2899 67
620 2837 790 2900 scribimus
822 2839 946 2921 apr'tatis
974 2857 1080 2912 trram
1111 2839 1281 2903 rationibus
1310 2839 1365 2902 dist
1393 2839 1519 2903 minanti

333 2943 508 3024 reversique
533 2940 655 3023 fastidii
672 2942 797 3022 plenum
820 2941 1023 3004 Sabinianum
1045 2944 1215 3006 invenimus
1237 2952 1298 3005 etc.
1346 2942 1431 3005 liber
1451 2942 1518 3004 tul-

334 3044 444 3108 densis
466 3043 563 3106 habat
579 3042 707 3128 Apitab's
729 3046 773 3106 ita
794 3045 1041 3117 siueraticnibua
1067 3065 1106 3107 ex
1129 3063 1193 3126 quo
1214 3047 1283 3108 sinc
1300 3047 1423 3108 rationo
1438 3046 1517 3107 iccc-

335 3158 409 3210 runt
431 3149 540 3230 apilati
560 3148 604 3209 ita
625 3149 691 3210 sine
712 3147 893 3212 rationibus.

421 3250 618 3332 Parcgrupho
642 3251 675 3311 44
712 3250 797 3313 nullu
827 3269 919 3313 causa
949 3261 998 3314 cst
1019 3253 1097 3332 quin
1120 3251 1299 3314 scribamus
1319 3269 1375 3314 nce
1397 3252 1516 3314 nutam

335 3373 419 3416 imm
434 3356 506 3435 quin
521 3371 661 3436 caperer.
696 3354 814 3434 legitur
825 3354 906 3435 fult:
930 3373 1041 3418 verum
1057 3371 1256 3416 communem
1273 3355 1306 3416 in
1323 3355 1382 3416 boo
1397 3351 1517 3417 dicendi

336 3457 457 3520 ratione
478 3455 663 3520 Ammianus
685 3459 831 3537 sequitur
853 3456 1125 3522 consuetudinem.

421 3559 514 3622 Libro
531 3561 607 3622 xml
630 3561 647 3621 4
672 3577 735 3622 una
758 3559 858 3622 verba
879 3571 1020 3624 correcto
1043 3561 1135 3622 hians
1158 3563 1257 3624 oratio
1281 3563 1323 3623 ito
1346 3559 1516 3642 conplenda
1562 3611 1565 3624 .

266 3683 270 3690 ·
335 3671 394 3740 est,
419 3681 527 3726 uuum
548 3663 674 3726 caeleste
694 3681 816 3742 numen,
842 3671 877 3725 ut
897 3666 1050 3726 Romanae
1070 3665 1119 3726 rei
1139 3665 1228 3727 totius
1250 3681 1419 3726 mannas
1441 3667 1516 3726 mira

335 3766 428 3828 unius
450 3767 582 3849 repionis
603 3765 793 3828 concluderet
814 3766 967 3847 amaon,
994 3766 1140 3850 coeperat
1160 3768 1192 3828 in
1216 3768 1394 3830 immensum
1416 3786 1448 3830 se
1464 3785 1517 3828 mi-

336 3869 501 3946 attentem,
532 3888 717 3942 camimum
739 3869 817 3952 pttod
839 3871 904 3932 uiso
926 3873 1029 3934 statim
1051 3868 1164 3932 abcessi
1185 3889 1286 3934 ornnes
1308 3877 1390 3934 mem
1412 3871 1517 3933 eamu-

336 3973 412 4034 mati
431 3973 581 4055 supplices
602 3975 740 4035 uenirent
754 3975 786 4034 in
798 3991 905 4054 preces
917 3975 1017 4055 partis
1031 3971 1221 4055 obequitabat
1234 3977 1396 4038 comitante
1410 3973 1517 4038 coborte

336 4076 444 4158 repuli.
491 4077 545 4158 qui
565 4076 637 4138 dum
659 4093 691 4138 se
710 4095 806 4158 prope
827 4078 1021 4152 confidentius
1044 4079 1153 4140 inserit
1174 4088 1235 4139 etc.
1281 4079 1436 4160 scriptum
1456 4086 1515 4140 emt

336 4167 581 4261 credentumque.¹

315 4301 328 4346 a
427 4283 535 4364 Cupite
559 4283 596 4344 40
622 4283 639 4343 4
663 4281 829 4345 Fuldcusis
852 4282 934 4346 libcr
956 4283 1034 4344 haec
1057 4281 1169 4364 babet,
1200 4301 1330 4366 mamque
1352 4285 1452 4348 rimini
1469 4301 1517 4345 ar·

338 4385 426 4448 bruto
445 4387 591 4462 numinis,
616 4385 694 4467 pund
708 4389 802 4448 aumr't
815 4385 853 4447 ab
869 4385 1061 4448 manualibus
1077 4389 1199 4450 Romam
1211 4395 1448 4471 perpetuamque
1457 4387 1517 4469 [cre

338 4489 468 4570 spondit.
508 4489 581 4549 olim
606 4499 691 4551 recte
716 4487 832 4551 tactum
856 4499 903 4550 cst
925 4487 1128 4552 r'amtaabulis.
1175 4499 1241 4552 tum
1266 4490 1330 4554 lcni
1355 4493 1515 4554 mutatiam
