3240 5094
427 372 516 434 lnnnx
539 391 705 434 ιιιοτιοιιιιι
729 391 907 435 κοοτινιιινιι
927 371 1021 434 1871.
1243 353 1318 428 439

123 553 199 623 ἀλλ’
228 555 426 644 ἀπείλημμαι)
462 555 582 644 μύνος.”
627 557 680 624 καί
701 557 862 646 Εἰρηναῖος
891 561 941 644 (ite
964 561 1191 638 Ruhnkenius,
1223 579 1319 641 quem

121 683 156 724 v.
184 665 219 726 in
244 665 370 726 Timaeo
391 683 424 745 p.
451 666 510 726 oo:
541 663 615 725 libri
638 661 746 749 ρίνθος)
779 663 811 726 ἐν
840 666 883 750 τῷ
909 659 978 748 περί
998 666 1051 748 τῆς
1070 657 1200 746 Ἀττικῆς
1223 683 1320 746 συνη-

124 765 215 838 θείας
238 764 330 852 φησίν
356 766 417 830 “oi
440 763 493 850 μὲν
516 756 569 830 ούν
584 767 619 829 ἐκ
640 769 693 852 τῆς
712 762 803 851 αύτῖγς
818 760 914 856 φύλης
930 758 1011 838 ’ὄντες
1027 765 1153 852 φυλέται
1168 764 1319 851 λε’γονται,

123 870 153 932 οἰ
179 867 215 932 δέ
239 869 274 932 ἐκ
295 871 348 953 τῖγς
374 862 467 953 αύτῖγς
496 868 641 955 φρατρίας
669 865 833 959 φράτορες,
865 870 895 933 οί
917 867 950 934 δέ
972 869 1007 932 ἐκ
1027 871 1081 932 τοῦ
1103 862 1195 933 αύτοῶ
1216 868 1320 954 γένους

121 975 255 1058 γενῆτοιι
287 975 392 1056 (immo
418 973 605 1058 γεννῆται).”
650 973 737 1055 apud
766 976 987 1056 Hippocratem
1017 972 1222 1036 scribendum
1251 991 1322 1035 csse

122 1077 292 1161 γεννητῇσι
314 1077 489 1140 Guilelmus
510 1075 692 1140 Dindnrfins
715 1076 806 1138 docet
828 1078 921 1140 Theo.
947 1086 970 1137 1.
996 1096 1017 1136 n
1040 1096 1074 1158 p.
1099 1075 1174 1138 573.

220 1181 272 1240 15.
297 1180 394 1242 Orion
418 1200 450 1261 p.
472 1181 525 1240 161
549 1178 567 1242 7
591 1191 623 1242 οι
645 1178 746 1242 codex
768 1179 961 1242 Sorbonicus
978 1179 1184 1261 Etymoiogici
1206 1199 1238 1260 p.
1257 1179 1314 1238 801

125 1285 167 1343 18
194 1275 354 1368 φρύγανα·
377 1277 415 1346 τά
437 1281 480 1354 εἰς
501 1276 535 1345 τὸ
558 1275 679 1368 φρύγειν
702 1277 754 1345 καί
767 1279 864 1346 καίειν
888 1281 926 1364 (κ.
944 1305 974 1345 κ.
991 1304 1043 1367 φρ.
1062 1280 1124 1365 ΕΙ.)
1151 1274 1319 1365 ἐπιτήδεια.

123 1382 294 1471 Εἰρηναῖος
316 1377 421 1457 ούτιυς.

218 1489 269 1550 111.
305 1485 549 1553 ΥΙΙΟΜΝΗΜΑ
571 1483 635 1552 ΕΙΣ
658 1483 888 1552 ΗΡΟΔΟΤΟΝ.

220 1593 271 1652 16.
300 1586 353 1656 Ἐκ
374 1595 431 1656 τῶν
455 1587 609 1657 Κλαυδίου
636 1588 813 1664 Κασίλυινος
841 1585 924 1676 παρά
952 1591 1014 1662 τοῖς
1032 1583 1172 1662 Ἀττικοῖς
1201 1583 1324 1675 ῥήτορσι

125 1695 324 1780 ζητουμένων
354 1699 387 1758 in
416 1697 529 1757 Milleri
558 1697 768 1759 Miscellaneis
796 1717 829 1777 p.
854 1693 929 1773 397,
963 1697 1097 1757 Lexicon
1127 1695 1322 1756 rhetoricum

122 1797 267 1860 Debreci
296 1819 329 1880 p.
355 1799 416 1860 675
444 1801 460 1860 i
490 1795 651 1883 Εἰρηναῖος
679 1797 712 1862 δὲ
740 1799 772 1862 ἐν
801 1802 845 1884 τῷ
860 1791 1071 1881 Ὑπομνηματι
1098 1799 1142 1882 τῷ
1176 1791 1218 1880 (τὸ
1244 1799 1319 1858 Lex.

124 1899 229 1982 rhei.)
262 1900 306 1972 εἰς
327 1895 489 1987 Ἡράδοτύν
519 1925 595 1988 φησι
621 1901 784 1966 καλεῖσθαι
808 1895 879 1973 τοὺς
908 1901 943 1964 ἐκ
972 1903 1118 1986 διαδοχῆς
1148 1893 1321 1986 βασιλικούς

121 1999 404 2089 γραμματηφόρους
433 1998 601 2091 ἀγγάρους·
637 1998 709 2069 δθεν
736 2003 788 2070 καί
815 2001 849 2068 τὸ
878 2005 920 2077 εἰς
951 1999 1109 2090 βασιλικάς
1139 1996 1264 2088 ἀπάγειν
1293 2027 1322 2066 τι

121 2105 236 2193 χρείας
259 2101 435 2194 ἀγγαρεύειν
458 2109 583 2193 λέγομεν
606 2106 658 2173 καί
680 2103 729 2174 τὸν
746 2102 964 2194 ἀγγελιαφόρον
986 2102 1202 2194 (ἀγγεληφύρον
1220 2106 1321 2170 codex

125 2210 273 2274 Claudii:
299 2211 504 2276 scribendum
528 2212 658 2276 iortesse
679 2205 906 2298 ἀγγελιηφόρον)
930 2196 1084 2297 ’ἀγγαροψ
1109 2208 1161 2276 καί
1177 2203 1321 2296 ἀγγάριον

130 2313 353 2395 (scribendum
386 2327 440 2378 aut
471 2310 650 2401 ἀγγαρεῖον,
685 2326 721 2378 ιιι
748 2317 889 2378 Millcrus
918 2315 1056 2377 voluisse
1086 2314 1231 2394 videtur,
1267 2324 1322 2378 eut

125 2417 343 2480 Herodoteum
366 2411 539 2504 ἀγγαρήιον)
568 2419 724 2496 ἐντεῦθεν,
748 2415 800 2481 καί
821 2413 855 2483 τὸ
878 2411 1033 2502 ὑπηρετεῖν
1057 2411 1238 2502 ἀναγκάζειν
1260 2412 1322 2502 ἀγ-

123 2541 280 2604 γαρευειν.

216 2623 266 2684 lv.
302 2620 547 2688 ΥΙΙΟΙΙΙΝΗΜΑ
569 2621 633 2690 ΕΙΣ
657 2620 869 2691 ΕΥΡΙΠΙΔΟΥ
893 2619 1095 2688 ΜΙΙΔΕΙΑΝ.

219 2725 270 2788 17.
296 2728 442 2790 Scholion
460 2729 492 2790 in
508 2727 672 2810 Euripidis
687 2726 829 2790 Medeam
845 2747 877 2788 v.
896 2728 958 2790 818
982 2724 1050 2810 δίκη
1065 2721 1123 2812 γάρ
1138 2721 1194 2791 οὐκ
1207 2725 1320 2790 ἔνεστιν

125 2823 299 2914 ὀφθαλμοῖς
331 2830 451 2915 βροτῶν.
498 2827 574 2916 φησί
600 2825 659 2916 γὰρ
687 2823 733 2895 δτι
761 2825 812 2896 διά
833 2832 920 2894 τοῦτο
942 2830 1114 2913 προσῆλθον
1136 2824 1208 2914 πρὸς
1230 2823 1319 2914 ὑμᾶς,

124 2929 228 2996 καίτοι
255 2933 438 3017 ἐπισταμένη
468 2925 514 2998 δτι
535 2929 586 2997 καί
613 2927 648 2998 τὸ
670 2934 826 3019 ἐπιφοιτᾶν
849 2928 1032 2997 ἐπικίνδυνόν
1055 2933 1153 3010 ἐστιν,
1183 2925 1265 3016 ὅμως
1288 2927 1318 2996 δ’

126 3025 198 3112 οὗν,
229 3031 281 3099 ίνα
311 3029 351 3119 μη
382 3029 423 3099 δι’
456 3034 551 3120 ἔργων
581 3033 633 3100 καί
662 3031 710 3100 ἐπ’
738 3031 830 3120 αὐτῆς
858 3039 910 3120 τῆς
939 3034 1074 3108 διανοίας
1095 3034 1261 3122 γνωρίσητέ
1285 3059 1322 3119 με

124 3130 193 3222 ἥτις
222 3134 295 3221 εἰμί.
342 3131 378 3202 ού
405 3133 482 3224 γάρ,
513 3137 620 3226 φησίν,
652 3133 882 3224 ἐν’ἀφθαλμοῖς
910 3134 1023 3223 ἀνδρῶν
1053 3136 1105 3203 καί
1135 3139 1225 3223 έντῇ
1254 3130 1322 3224 ὄφει

128 3235 207 3326 μάνη
236 3238 306 3325 περί
332 3264 411 3314 τινος
441 3241 508 3327 δίκη
539 3239 591 3306 καί
613 3241 706 3328 κρίσις
728 3241 824 3321 ἐστίν,
853 3235 873 3327 ἢ
904 3234 950 3306 δτι
977 3235 1010 3305 τὸ
1034 3238 1148 3306 δίκαιον
1179 3235 1234 3306 ούκ
1263 3235 1322 3306 ἀπὸ

127 3337 223 3428 μύκης
250 3345 304 3427 τῆς
332 3336 429 3430 ὅψεως
459 3339 639 3430 εὑρίσκεται.
685 3340 719 3410 τὸ
747 3343 781 3410 δὲ
810 3340 999 3429 κατάλληλον
1022 3343 1067 3408 ἔτι
1090 3345 1203 3429 μᾶλλον
1227 3343 1322 3430 σαφὲς

126 3445 243 3530 γίνεται
263 3439 343 3532 ini,
360 3445 427 3532 δίκη
450 3441 506 3512 ούκ
527 3445 606 3512 ἔστιν
622 3449 654 3512 ἐν
675 3445 845 3536 ὀφθαλμοῖς
863 3450 992 3534 βροτῶν,
1017 3443 1089 3513 ούδὲ
1104 3447 1219 3520 δίκαιος
1235 3439 1321 3521 οὗτος

127 3543 161 3621 ὃς
190 3547 258 3634 πρίν
287 3545 320 3614 τὸ
343 3545 514 3637 σπλάγχνον
540 3541 649 3638 ’σαφῶς
671 3553 815 3636 ἐκμαθεῖν
846 3554 899 3616 τού
928 3551 1023 3623 πέλας
1053 3551 1151 3636 στυγεῖ
1181 3545 1240 3616 ἀπὸ
1268 3556 1322 3636 της

126 3644 224 3737 ’άψειύς
252 3676 336 3730 τινα,
367 3647 454 3718 οὐδὲν
483 3648 666 3739 ἠδικημένος
695 3651 744 3720 ὑπ’
777 3649 880 3720 αύτοῶ.
927 3646 1021 3726 odeo<
1048 3650 1219 3739 Εἰρηναῖος.
1267 3657 1322 3716 vix

127 3767 262 3838 possunt
285 3757 363 3818 heco
384 3756 513 3820 aliunde
536 3777 631 3840 quam
654 3779 694 3822 ex
717 3761 959 3842 hypomnemate
981 3767 1107 3839 sumpta
1129 3778 1210 3820 esse.

216 3861 252 3920 V.
285 3855 585 3926 ΥΙΙΟΜΝΗΜΑΤΑ
608 3858 673 3926 ΕΙΣ
696 3855 962 3926 ΑΠΟΛΛΩΝΙΟΥ
984 3855 1287 3925 ΑΡΓΟΝΑΥΤΙΚΑ.

218 3963 268 4024 18.
301 3964 445 4026 Scholion
471 3965 504 4027 in
526 3963 728 4046 Apollonium
751 3985 761 4026 1
787 3967 868 4028 1899
898 3956 1025 4045 Σιληνὸς
1055 3961 1089 4026 δέ
1110 3965 1142 4027 ἐν
1166 3958 1321 4036 Γλώσσαις

126 4063 259 4150 πέλαγος
281 4061 361 4129 εἰναι
382 4062 434 4131 καί
452 4062 614 4152 Εἰρηναῖος
637 4067 669 4129 ἐν
692 4061 722 4130 δ’
752 4061 847 4149 (1.α’)
872 4059 1071 4130 Ἀπολλωνίου
1095 4059 1321 4130 ἀποδεδώκασιν

132 4167 254 4252 Ιλάῖτμα
276 4169 491 4251 vocabulum).
1307 4161 1309 4164 ’

218 4273 269 4332 19.
295 4273 441 4334 Scholion
465 4273 498 4335 in
520 4271 720 4355 Apollonium
744 4292 766 4335 ιι
793 4274 851 4336 187
878 4271 1077 4356 παραιτητέον
1101 4271 1135 4336 δέ
1156 4268 1319 4357 Εἰρηναῖον

127 4367 343 4460 ἀρφοινύιιιντες
357 4369 512 4461 γράφοντα
527 4372 580 4440 καί
595 4369 791 4460 ἐξηγούμενον
806 4372 978 4448 κτείνοντες.
1018 4365 1087 4439 οὔτε
1101 4369 1158 4460 γάρ
1174 4373 1321 4460 κέχρηταί

125 4500 170 4548 τις
194 4465 289 4548 eico<
310 4479 349 4563 τῇ
372 4477 450 4550 λέξοι
471 4469 540 4543 ούτε
562 4475 641 4542 ἐστίν
664 4473 843 4551 ἁπαξαπλῶς
866 4473 885 4563 η
908 4472 1010 4565 γραφη
1032 4479 1085 4541 τοῖν
1106 4465 1253 4562 ποιητοῦ.Ι
