3186 5108
367 1339 541 1440 INDEX
570 1335 891 1438 LEGTIONVM
921 1333 1291 1454 instituatur
1322 1348 1448 1440 1859.

312 1595 406 1708 cum
428 1655 502 1707 ante
526 1644 582 1707 bos
610 1662 667 1705 sex
696 1661 821 1705 manses
851 1640 973 1704 scholas
1003 1639 1121 1720 quibus
1150 1639 1308 1705 habendis
1337 1645 1417 1706 haec
1444 1645 1499 1705 iam

310 1765 412 1828 paene
435 1757 543 1810 exacta
567 1747 671 1808 biems
693 1746 819 1809 transiit
841 1743 1057 1806 indiceremus
1080 1741 1314 1825 disputavimus
1339 1744 1381 1808 de
1404 1749 1500 1808 versi-

310 1850 372 1913 bus
405 1871 469 1914 non
500 1850 597 1914 nullis
627 1848 809 1912 Callimachi
844 1847 1004 1927 finemque
1038 1847 1271 1910 commentandi
1307 1849 1440 1913 fecimus
1470 1851 1499 1912 in

310 1955 538 2036 epigrammate
566 1953 697 2035 Vergilii
727 1951 930 2014 Callimachei
966 1951 1202 2031 epigrammatis
1236 1955 1459 2034 conparatione
1485 1973 1500 2015 a

310 2056 403 2120 nobis
426 2059 582 2140 explicato
604 2066 701 2139 atque
718 2053 896 2118 emendato.
944 2071 1026 2134 quae
1045 2053 1225 2117 emendatio
1248 2075 1319 2118 cum
1343 2057 1500 2120 bominum

310 2160 511 2242 quorundam
534 2161 786 2224 doctissimorum
809 2155 947 2220 adsensu
971 2156 1162 2238 conprobata
1186 2169 1281 2240 esset,
1305 2159 1410 2224 oblata
1434 2181 1501 2225 rur-

309 2283 364 2327 sus
388 2264 499 2327 eadem
523 2263 686 2326 scribendi
709 2261 872 2326 occasione
902 2277 965 2322 non
989 2261 1187 2324 incommode
1216 2281 1273 2325 nos
1299 2283 1414 2328 usuros
1436 2284 1501 2327 esse

310 2368 491 2447 putavimus
521 2369 547 2430 si
573 2367 696 2448 reliqua
718 2381 989 2446 persequeremur
1018 2382 1100 2444 quae
1130 2367 1164 2427 in
1194 2366 1316 2429 eisdem
1347 2369 1501 2431 catalectis

309 2471 499 2554 Vergi'lienis
520 2481 576 2534 aut
597 2481 705 2534 nostra
733 2469 840 2548 aliqua
866 2465 954 2530 ducti
977 2467 1158 2530 coniectura
1185 2479 1241 2531 aut
1268 2469 1344 2532 libri
1371 2491 1434 2552 quo
1455 2471 1501 2534 usi

309 2592 419 2636 sumus
452 2575 669 2638 Bruxellensis
702 2571 820 2635 auxilio
854 2568 953 2633 adiuti
988 2571 1192 2635 mutavimus.
1246 2577 1305 2636 etsi
1335 2578 1422 2638 enim
1454 2575 1501 2636 hic

310 2675 394 2740 liber
416 2695 523 2759 neque
538 2677 694 2740 vetustior
710 2686 758 2738 est
772 2674 899 2738 saeculo
914 2672 1101 2736 duodecimo
1122 2691 1230 2756 neque
1249 2680 1360 2758 paucis
1383 2677 1500 2741 librarii

310 2779 475 2844 erroribus
509 2782 758 2858 contaminatus,
795 2787 901 2841 tamen
930 2796 1002 2840 curn
1035 2779 1249 2860 antiquiorem
1284 2791 1315 2844 et
1343 2783 1500 2845 meliorem

134 2867 135 2870 ¹
227 2907 228 2912 ¹
310 2884 427 2946 frustra
451 2885 733 2966 quaesivissemus,
760 2883 791 2944 in
815 2882 902 2944 nullo
924 2881 985 2944 alio
1007 2880 1089 2944 libro
1116 2883 1332 2948 instituendae
1355 2884 1502 2950 emenda-

310 2988 405 3050 tionis
428 2986 671 3050 iundamentum
701 2984 884 3068 ponendum
915 2983 986 3047 luit.
1035 2985 1142 3066 itaque
1164 2989 1343 3052 auctoritati
1367 2991 1436 3052 eius
1461 2990 1500 3050 ita

309 3090 601 3173 obtemperavimus
622 3101 658 3153 ut
680 3090 770 3170 siqua
795 3090 828 3150 in
851 3087 978 3151 mendis
1000 3087 1119 3170 quibus
1141 3091 1326 3172 inquinatus
1343 3103 1392 3155 ast
1406 3094 1502 3155 vesti-

311 3196 360 3275 gia
383 3195 528 3257 veritatis
550 3193 744 3275 adparerent
768 3193 914 3254 insistere
939 3192 986 3254 cis
1009 3189 1208 3274 conaremur,
1235 3213 1273 3257 ea
1295 3205 1401 3259 autem
1423 3213 1501 3276 quac

259 3350 263 3360 .
311 3299 397 3361 nullo
432 3297 555 3360 librarii
590 3316 699 3360 errore
729 3304 878 3378 corrupta
908 3313 977 3358 esse
1001 3294 1191 3360 viderentur
1223 3317 1286 3361 non
1321 3298 1502 3363 dubitanter

314 3403 542 3482 reciperemus.

396 3507 450 3568 Sic
472 3505 578 3568 statim
598 3506 737 3586 primum
754 3506 950 3586 epigramma
968 3501 1042 3564 libri
1063 3503 1148 3566 illius
1169 3525 1228 3587 ope
1249 3506 1497 3568 emendavimus.

441 3609 529 3671 Dclcb
550 3625 640 3690 saepe
663 3607 718 3670 tibi
737 3609 830 3671 veuit.
877 3605 941 3683 scd,
971 3608 1078 3686 Tucca,
1103 3607 1208 3670 otiien
1235 3653 1237 3658 ·

518 3729 579 3773 nou
601 3711 687 3773 licet:
717 3711 866 3774 occulitur
888 3710 991 3772 limine
1013 3710 1122 3772 clauso
1142 3715 1216 3775 oi'ri.

441 3815 530 3878 Delio
552 3813 728 3896 amputabi,
752 3831 813 3876 uou
836 3817 918 3879 veuit
939 3816 1038 3880 adbuc
1060 3814 1152 3880 mibi:
1182 3834 1312 3899 namque

519 3920 549 3981 si
569 3918 727 3996 occulitur,
753 3919 839 4002 louge
860 3927 906 3983 est
927 3927 1052 4005 tangere
1073 3919 1152 4003 quod
1173 3938 1315 4002 aqueas.

442 4026 577 4085 venerit:
609 4021 726 4084 audiui.
773 4023 827 4084 scd
848 4023 911 4086 um
932 4024 1008 4087 mibi
1027 4027 1154 4089 nuntius
1177 4026 1232 4087 istc

521 4125 593 4208 quid
611 4124 761 4208 prodeat?
790 4125 838 4188 illi
858 4125 947 4190 dicite
968 4129 1039 4210 quoi
1059 4129 1160 4192 rediit

400 4229 508 4292 Deliae
530 4248 646 4290 nomen
669 4229 822 4310 Iosephus
842 4229 983 4311 Scaliger
1005 4233 1134 4312 egregie
1158 4232 1309 4314 restituit,
1333 4251 1404 4296 cum
1424 4231 1498 4294 scri-

314 4343 404 4415 ptum
427 4343 511 4396 esset
534 4332 705 4413 utrobique
728 4335 772 4393 Dc
794 4351 865 4414 quc.
913 4345 946 4396 et
968 4336 1027 4397 boc
1056 4335 1186 4416 quidem
1218 4335 1333 4398 mendo
1361 4355 1402 4398 ne
1423 4337 1496 4396 Bru·

313 4437 466 4499 xcllensis
489 4434 620 4516 quidem
642 4434 726 4497 liber
748 4445 850 4498 caret:
885 4436 942 4499 sed
964 4436 1050 4517 quod
1073 4437 1158 4500 idem
1174 4422 1316 4520 Scaliger
1337 4458 1425 4522 saepe
1444 4455 1496 4519 po-

315 4539 455 4602 nendum
486 4558 555 4602 esse
584 4540 705 4600 censuit
736 4537 790 4600 nbi
818 4540 915 4602 Tucca
944 4539 1112 4620 legebatur
1141 4553 1171 4604 ct
1199 4545 1296 4606 Tucca
1324 4544 1379 4606 ubi
1401 4559 1491 4622 scope,
