3204 5104
391 401 479 462 lmx
501 417 667 463 morsuum
687 418 865 464 smrrvartvrr
883 400 976 462 4866.
1206 387 1281 460 315

98 589 166 650 olim
187 587 385 652 scriberetur
407 605 479 655 osso
500 587 676 670 moru'sero,
709 587 793 670 quod
822 587 898 652 libri
920 590 1027 654 minus
1049 589 1124 654 boni
1146 590 1277 670 habent,

100 691 273 756 laudandus
292 701 343 756 cst
366 693 490 776 Lipsius
511 690 597 772 quod
619 691 789 773 adscripsit
810 711 882 756 esse
905 691 1061 774 quaedam
1082 711 1152 756 ossa
1170 696 1282 757 morti·

99 795 177 874 lere,
203 805 236 858 ut
261 797 293 858 in
317 797 477 876 pastinaca
499 795 587 878 pisce
611 805 643 858 et
657 796 744 858 aliis:
770 814 924 876 negamus
940 798 1025 858 enim
1041 797 1194 860 &necans
1216 807 1279 860 tam

99 899 235 980 ineptum
263 899 408 980 aenigma
437 897 618 980 protulisse.
672 897 812 978 denique
842 917 882 962 ne
909 917 1032 962 morsus
1062 898 1193 980 quidem
1225 903 1280 981 qui

98 1000 239 1064 dicantur
268 1004 343 1066 satis
372 1001 596 1082 intellegimus.
654 1020 717 1064 non
747 1000 901 1066 habuerat
928 1002 1003 1064 olim
1032 1003 1169 1084 optimus
1198 1003 1282 1066 liber

97 1104 320 1169 Ambrosianus
349 1122 486 1182 moratus,
518 1103 576 1168 sad
604 1123 634 1168 u
662 1113 784 1168 tantum
814 1105 969 1185 litteram,
998 1124 1110 1168 verum
1141 1107 1281 1186 reliquas

97 1209 236 1288 quinque
258 1207 319 1270 alia
340 1226 452 1270 manus
474 1209 636 1290 supplevit
658 1207 841 1289 habentque
865 1206 950 1272 idem
972 1226 1093 1272 morsus
1115 1209 1168 1270 alii
1192 1207 1278 1270 libri.

98 1311 127 1372 in
148 1330 212 1374 nuc
234 1309 316 1373 libro
339 1329 440 1391 eoque
463 1312 593 1374 minime
609 1310 691 1376 bono
710 1329 793 1374 mous
808 1321 873 1391 est,
899 1309 984 1392 quod
1001 1312 1105 1374 extitit
1127 1313 1182 1392 qui
1206 1331 1282 1393 pro-

96 1412 192 1476 baret.
240 1413 361 1476 scilicet
382 1431 419 1476 ea
442 1424 491 1478 est
513 1415 656 1478 universi
680 1415 807 1495 generis
830 1415 959 1478 humani
975 1413 1125 1478 lortitudc
1148 1425 1182 1478 ut
1196 1435 1282 1477 mors

95 1517 186 1596 vulgo
209 1517 250 1578 sit
265 1517 559 1598 contemptissima,
576 1537 612 1580 ea
636 1515 695 1580 luit
717 1517 857 1580 Senecae
880 1519 913 1580 in
936 1516 1100 1596 cogitando
1122 1517 1282 1582 subtilitas

96 1629 128 1680 ut
149 1628 283 1682 mortem
311 1621 358 1682 sic
387 1619 507 1684 diceret
534 1621 628 1684 simul
651 1631 683 1682 et
704 1621 863 1682 contemni
887 1631 918 1682 et
941 1621 1057 1682 timeri.
1104 1621 1205 1702 siquis
1229 1640 1281 1682 re-

96 1723 252 1803 putaverit
274 1722 338 1786 dici
361 1723 482 1804 aliquid
505 1722 546 1786 de
568 1724 848 1808 contemptissimis
871 1721 968 1786 rebus
991 1733 1021 1786 et
1044 1723 1138 1786 simul
1160 1722 1201 1785 de
1222 1743 1281 1786 ve-

95 1825 184 1887 nenis
214 1835 246 1888 et
276 1825 451 1904 morsibus,
483 1845 545 1888 non
576 1825 737 1890 dubitabit
765 1835 921 1889 venenata
952 1827 1099 1890 animalia
1128 1827 1281 1890 Senecam
1396 1897 1400 1904 ¹

96 1947 367 2008 commemorasse,
399 1929 504 2008 qualia
534 1939 609 1992 sunt
637 1938 803 2010 serpentes
825 1929 992 2010 phalangia
1015 1929 1092 1992 alia:
1125 1928 1280 1994 eiusmodi

96 2033 178 2094 enim
200 2031 349 2096 animalia
379 2041 410 2094 et
432 2032 585 2096 timentur
613 2041 743 2114 propter
765 2049 904 2096 morsum
927 2043 959 2095 et
980 2032 1055 2095 vilia
1077 2043 1184 2095 tamen
1206 2043 1282 2095 sunt

94 2153 128 2195 ac
151 2145 238 2198 recte
266 2133 329 2198 dici
358 2145 491 2215 possunt
518 2144 708 2216 contempta.
763 2137 871 2215 itaque
897 2135 1159 2218 depravatissimo
1181 2134 1280 2198 verba

95 2239 133 2300 ita
155 2238 360 2318 corrigimus,
386 2239 528 2320 muudum
543 2237 661 2320 quidem
676 2240 766 2300 etium
788 2239 1041 2319 cmtcmptiasimu
1063 2239 1221 2317 tinuatur,
1247 2247 1282 2300 ut

94 2359 243 2404 mussare
266 2360 383 2404 marus
405 2361 573 2406 rmrrsrmr
595 2360 700 2406 nossa.
748 2351 915 2422 postquam
938 2341 1048 2404 orsum
1070 2340 1190 2404 excidit
1213 2341 1281 2422 (ex-

95 2442 169 2506 cidit
190 2433 304 2508 antem¹
327 2455 400 2510 ante
423 2445 602 2527 persimiles
625 2443 785 2528 syllabas),
813 2445 936 2524 reliqua
959 2453 991 2508 et
1013 2443 1186 2525 depravata
1207 2455 1306 2508 sunta

95 2557 123 2610 ct
144 2547 241 2610 simul
270 2549 302 2610 in
325 2549 463 2630 aliquam
493 2549 670 2612 sententiaa
694 2549 897 2628 quantumvis
926 2548 1052 2626 ineptae
1075 2547 1206 2610 formam
1229 2567 1283 2611 re-

95 2647 193 2712 dalila·

177 2754 213 2814 ln
236 2752 359 2833 dialogo
383 2772 425 2832 ιι,
452 2752 485 2816 id
509 2762 557 2816 est
580 2755 612 2816 in
635 2754 846 2818 consolatione
869 2754 1017 2833 Marciae,
1048 2755 1066 2814 9
1091 2754 1108 2813 i
1134 2752 1213 2814 haec
1235 2754 1282 2816 le-

93 2867 211 2935 guntur
234 2858 266 2918 in
289 2857 424 2920 vetustis
447 2855 554 2934 libris,
587 2857 746 2937 mucimus
775 2863 808 2918 tu
832 2863 925 2936 putus
953 2875 1013 2918 ocu
1039 2855 1182 2936 futurum
1204 2857 1282 2938 prou

94 2958 194 3023 mulus
211 2962 270 3022 rcus
282 2976 373 3040 posse
390 2959 462 3039 ficri
469 3005 476 3038 ,
502 2959 580 3039 prod
594 2959 697 3022 mulus
712 2959 797 3022 vides
813 2959 969 3022 cvcuusc?
991 2960 1143 3041 eprcqium
1159 2976 1282 3022 versum

93 3071 118 3124 et
139 3063 266 3146 dipsium
288 3064 340 3143 paci
359 3081 420 3126 uou
442 3063 588 3144 cpopuio
612 3063 687 3126 criel
712 3063 826 3125 ‘cuiuis
845 3068 942 3142 polest
959 3061 1096 3126 occiwc
1117 3061 1196 3142 quod
1216 3063 1283 3124 cui-

93 3183 181 3246 quam
202 3165 320 3246 potest)
367 3164 538 3246 depravata
561 3165 614 3228 illa
635 3163 734 3226 verba
757 3165 809 3246 quui
828 3183 888 3226 uaou
911 3165 1056 3245 cpopulu
1079 3165 1153 3227 crist
1174 3165 1283 3228 multis
1314 3149 1318 3159 ’

94 3255 264 3333 multoruni
292 3269 483 3332 coniecturis
513 3277 664 3350 temptata
693 3277 783 3332 sunt:
821 3285 901 3347 quas
928 3267 1103 3330 omittimus
1133 3268 1282 3348 quoniam

93 3373 207 3451 partim
231 3373 359 3452 ineptae
374 3380 458 3451 sunt,
484 3373 600 3452 partim
616 3373 701 3436 omui
717 3371 786 3434 veri
802 3369 1011 3434 similitudine
1027 3378 1147 3434 carent.
1187 3388 1282 3450 prse-

91 3484 150 3538 stat
182 3475 316 3555 reliquis
344 3471 431 3554 quod
453 3473 628 3539 Gronovius
651 3475 792 3555 Lipsium
822 3471 889 3536 lere
917 3481 1045 3538 secutus
1074 3471 1281 3536 scribendum

93 3579 234 3657 putavit,
262 3579 315 3659 qui
335 3597 395 3640 nou
418 3597 433 3640 c
458 3577 561 3642 Problio
583 3579 694 3642 emicet.
748 3577 899 3640 nimirum
927 3575 1065 3639 eundem
1088 3577 1281 3640 versiculum

92 3683 212 3744 Seneca
238 3681 270 3744 in
293 3680 415 3762 dialogo
441 3699 485 3760 ιι,
517 3683 573 3762 qui
602 3691 651 3744 est
676 3679 717 3743 de
740 3679 968 3760 tranquillitate
992 3680 1105 3758 animi,
1134 3680 1167 3739 tt
1196 3681 1283 3742 iiita

92 3793 328 3861 commemorat,
362 3783 486 3850 mutius
514 3783 597 3865 (pars
620 3783 773 3847 librorum
793 3782 951 3864 publicus,
985 3784 1017 3846 in
1048 3801 1111 3864 quo
1135 3781 1283 3846 Publilius

92 3885 192 3968 latet),
230 3887 355 3970 tropicis
383 3889 560 3968 comicosque
592 3887 792 3950 vcbcmeutior
821 3885 950 3970 iupcuiis
978 3887 1112 3967 quotieas
1147 3886 1283 3948 mauricus

93 3991 222 4072 ineptius
245 3997 274 4054 ct
295 3989 390 4054 umbo
412 3989 453 4052 od
474 4007 624 4052 summum
640 4008 765 4052 coucam
779 3991 947 4070 spectantia
961 3989 1099 4070 adimet,
1125 3989 1205 4050 iuter
1219 3987 1284 4050 olto

92 4093 253 4166 comante,
287 4111 347 4154 nou
376 4101 493 4155 iculum
524 4094 639 4172 sipario
666 4092 799 4174 fortioro
828 4099 855 4154 ct
881 4091 935 4154 doc
957 4093 1017 4169 uit,
1054 4091 1168 4154 ςοιιιίιίε
1188 4097 1285 4171 potui

92 4195 230 4262 occure
252 4195 330 4277 quod
351 4198 492 4277 curuum
508 4196 629 4278 potest!
675 4194 732 4260 sod
761 4197 900 4276 primum
925 4193 1053 4259 autulio
1075 4195 1180 4274 potius
1202 4195 1283 4256 sori-

93 4299 235 4362 bendum
258 4308 356 4362 esset:
389 4318 452 4381 quo
480 4299 641 4379 aliquanto
671 4300 825 4361 minuitur
852 4299 1034 4360 mutationis
1062 4296 1279 4378 probabilitas.

95 4401 211 4465 deinde
236 4402 292 4484 qui
316 4412 400 4464 recte
424 4401 586 4466 diceretur
609 4421 649 4463 ex
671 4420 725 4464 orc
749 4400 875 4464 Publilii
899 4402 1014 4466 exiisse
1038 4418 1166 4480 versus,
1197 4399 1282 4462 idem

99 4506 272 4572 insolenter
295 4504 411 4570 dicitur
441 4506 558 4570 exiisse
581 4525 598 4568 c
622 4503 766 4569 Publilio.
813 4522 907 4588 porro
930 4501 1133 4570 manifestum
1156 4513 1204 4568 est
1225 4505 1285 4566 Se-
