3268 5108
300 383 348 453 44
594 397 688 464 irrora,
707 411 873 454 tacrrcrtrrt
895 409 1074 454 arsrrrtnra
1100 391 1193 452 teet.

299 584 476 648 desiderari
499 583 640 648 videtur.
686 602 759 645 nam
790 580 975 644 incendium
998 578 1138 644 nondum
1168 581 1220 642 hic
1246 599 1494 644 commemoran-

299 689 376 752 dum
399 699 483 768 crat,
515 707 621 770 neque
643 707 682 750 ex
706 689 808 769 ipsius
836 695 946 767 poetae
970 683 1114 747 doctrina
1138 684 1321 747 incendium
1344 685 1494 766 primaria

299 795 534 873 erumpentium
565 812 605 854 ex
626 789 728 854 Aetna
751 807 918 871 corporum
941 807 1034 852 causa
1058 797 1121 867 est,
1154 787 1212 851 sed
1235 797 1404 850 ventorum
1427 789 1496 868 spi-

300 897 391 959 ritus.
439 895 568 958 videtur
588 896 647 956 hoc
669 897 807 956 sensisse
824 891 1022 955 Schraderus
1044 911 1116 954 cum
1139 899 1266 973 crepent
1287 888 1494 953 scribendum

299 1019 368 1063 csse
392 1002 568 1062 coniceret:
595 1016 700 1079 neque
724 999 810 1059 enim
826 997 931 1059 virum
948 997 1049 1059 Latini
1068 997 1224 1058 sermonis
1247 994 1495 1058 scientissimum

300 1107 332 1167 in
363 1123 399 1166 eo
430 1104 571 1165 haesisse
599 1101 784 1182 putabimus
813 1099 899 1181 quod
929 1101 1008 1162 inter
1036 1119 1087 1177 se,
1118 1109 1154 1162 ut
1183 1100 1279 1178 solet,
1316 1097 1357 1160 de
1388 1105 1497 1160 mutua

299 1207 422 1270 actione
437 1206 558 1270 dictum
581 1216 639 1268 est.
686 1204 745 1267 sed
767 1211 894 1285 mepaut
914 1213 1020 1266 tamen
1044 1202 1172 1284 probari
1197 1203 1320 1284 nequit,
1346 1202 1497 1282 quoniam

300 1311 433 1393 fragoris
449 1309 635 1390 significatio
652 1311 684 1371 in
700 1309 751 1369 his
766 1305 915 1369 versibus
931 1309 1036 1370 minus
1052 1317 1136 1389 apta,
1155 1317 1241 1371 certe
1257 1323 1499 1387 supervacanea

301 1425 359 1477 cst.
407 1415 502 1476 immo
525 1413 654 1494 proprie
677 1411 798 1474 dixisse
820 1409 950 1473 videtur
979 1421 1072 1492 poeta
1095 1407 1499 1474 neocaesaream

300 1520 380 1580 iuter
408 1535 440 1580 se
469 1515 649 1598 corporc.*)
709 1515 784 1576 hine
812 1517 854 1576 ita
883 1515 989 1595 pergit
1017 1523 1052 1576 ut
1081 1524 1249 1576 ventorum
1278 1514 1434 1576 tumuitus
1466 1514 1499 1574 in

299 1621 400 1684 Aetna
422 1639 485 1683 non
510 1627 631 1682 tantum
655 1638 692 1680 co
714 1637 811 1700 quem
833 1629 927 1680 antea
950 1618 1095 1698 exposuit
1118 1616 1229 1696 modo,
1255 1616 1313 1680 sod
1336 1617 1433 1679 etiam
1458 1635 1499 1678 ex

299 1725 370 1788 aliis
393 1724 497 1787 causis
519 1725 594 1785 oriri
619 1741 711 1804 posse
735 1721 903 1785 concedat:

429 1826 512 1910 qttcd.
530 1829 559 1889 si
576 1826 656 1908 sorte
677 1825 753 1887 milti
773 1824 922 1907 quaedam
944 1825 1099 1888 discordia
1121 1833 1217 1887 uotam
1239 1833 1283 1886 eat

426 1930 648 2012 principiisque
670 1929 741 1990 eliis
764 1928 874 1992 credes
896 1946 1080 2012 concerpere
1102 1934 1215 2004 ventos,

429 2053 490 2095 uon
513 2033 637 2096 dulium
659 2051 752 2114 rupes
775 2031 897 2114 eloquor
915 2034 1095 2114 penitusque
1117 2050 1268 2093 coequos

425 2155 577 2218 proruere
599 2137 714 2220 iuqentt'
734 2137 834 2198 souitu
857 2153 987 2216 casuque
1006 2137 1198 2217 propinquos
1259 2135 1265 2148 '

381 2287 385 2294 .
430 2241 578 2324 diffuqere
600 2240 760 2322 inpellique
782 2239 914 2315 coimus,
940 2239 1010 2301 linc
1032 2257 1168 2302 crescere
1191 2245 1304 2300 ventos.

300 2363 449 2408 raonem
471 2345 664 2424 quicumque
688 2343 811 2425 primus
834 2343 961 2423 scripsit
982 2340 1109 2424 (legitur
1131 2351 1238 2404 autem
1262 2343 1293 2403 in
1318 2344 1499 2424 exemplari

300 2447 441 2530 Aldine),
467 2457 553 2508 recte
577 2446 690 2508 iecisse
712 2444 875 2528 putandus
897 2454 962 2525 est,
993 2464 1185 2527 quamquam
1209 2446 1304 2506 etiam
1328 2445 1503 2510 Cantabri-

302 2551 421 2632 giensis
437 2550 522 2611 liber
534 2550 701 2631 precellere
717 2549 836 2612 habere
852 2548 992 2612 videtur.
1025 2549 1083 2612 sad
1099 2551 1261 2630 egregium
1279 2559 1326 2612 cst
1342 2569 1502 2632 consessa,

301 2653 387 2735 quod
410 2652 493 2716 idem
518 2652 602 2716 iiber
623 2653 715 2715 nobis
737 2651 903 2734 praebuit:
930 2653 1028 2714 eeteri
1051 2671 1194 2730 cernere5
1226 2653 1284 2716 sed
1306 2663 1395 2717 ortus
1418 2675 1505 2720 ven-

301 2768 405 2822 torum
435 2759 555 2820 rectius
584 2756 636 2819 hic
666 2756 797 2837 quidem
819 2767 1083 2819 commemoratur
1104 2776 1200 2837 quam
1223 2755 1395 2819 dimicatio.
1445 2758 1506 2821 ad-

301 2861 423 2924 duntur
446 2862 478 2923 hi
501 2879 625 2939 versus,

430 2971 485 3027 cut
506 2983 611 3026 umore
633 2965 722 3026 ctiam
744 2962 871 3026 nebulas
894 2962 1051 3043 effundere
1072 2963 1171 3046 laroc,

429 3077 464 3130 ut
485 3069 601 3149 campis
623 3069 767 3150 pyrisque
788 3067 894 3144 soleat,
920 3084 993 3148 quos
1016 3065 1108 3128 obluit
1130 3067 1250 3129 curuis.-

431 3171 563 3234 volllbus
586 3172 731 3234 emoriens
753 3169 866 3254 ccupat
887 3169 1011 3232 nubilus
1033 3187 1109 3245 cer,·

429 3277 559 3358 {lomina
577 3293 682 3356 parva
700 3273 808 3355 suunt
829 3293 926 3336 curce
951 3274 1013 3353 (ola
1034 3275 1182 3355 prosimu
1204 3281 1290 3336 vento
1313 3275 1393 3356 est);

431 3381 547 3442 eminus
570 3379 713 3460 adspirat
731 3376 823 3459 sortes
845 3384 873 3439 el
894 3376 1038 3439 verbum
1058 3395 1157 3438 umor.
1302 3369 1306 3378 '

433 3490 522 3564 mque
543 3482 617 3545 hoec
640 3483 672 3544 in
694 3499 791 3544 vacuo
813 3483 843 3542 si
863 3487 949 3543 tonte
967 3482 1102 3562 potentio
1123 3499 1230 3542 rerum
1251 3488 1306 3559 eal,

431 3586 485 3649 loc
502 3586 600 3667 pluro
622 3585 753 3667 efficient
774 3584 859 3666 infre
881 3585 1016 3665 cluslque
1037 3601 1157 3646 necesse
1178 3591 1232 3647 est.

305 3693 337 3753 in
362 3693 464 3772 primo
479 3709 577 3752 versu
600 3708 670 3752 eum
694 3689 782 3750 nulio
804 3687 935 3750 artificio
958 3685 1040 3750 effici
1063 3705 1155 3768 posse
1171 3685 1320 3750 videatur
1342 3698 1376 3752 ut
1401 3693 1509 3774 effata-

304 3796 376 3857 dcre
399 3803 485 3856 recte
507 3793 645 3874 positum
674 3811 743 3855 esse
772 3809 975 3870 censeamus,
1007 3809 1071 3852 non
1094 3790 1278 3854 dubitamus
1306 3803 1438 3874 poetam
1464 3799 1509 3860 ita

305 3899 470 3980 scripsisse
499 3893 560 3958 Aul
581 3914 686 3957 umore
714 3898 803 3958 etiam
832 3894 959 3958 nebulas
988 3913 1020 3956 su
1049 3913 1178 3958 rmnrne
1207 3897 1312 3980 lorqc:
1344 3917 1508 3980 suspensa

264 4011 354 4068 ttost
376 4010 482 4063 autem
505 3999 603 4062 oratio
626 4017 666 4062 ex
689 4000 742 4062 illo
757 3998 843 4080 quod
858 3999 1032 4080 praecessit
1054 4018 1114 4061 nco
1129 3999 1264 4062 dubium.
1304 3987 1384 4062 mox'
1410 4001 1511 4068 obluit
1626 4045 1627 4056 κ

304 4104 428 4167 codices
444 4100 706 4167 iielmstadiensis
729 4113 760 4165 et
776 4102 1072 4218 Rehdigeranusqet
1085 4121 1160 4184 pars
1176 4105 1415 4185 inpressorum:
1444 4109 1509 4171 alia

304 4227 380 4290 pars
401 4206 511 4283 obruit,
538 4205 635 4287 idque
651 4207 808 4287 placuisse
830 4226 893 4270 non
910 4207 1026 4268 mirum
1042 4216 1106 4284 est;
1133 4225 1219 4270 nunc
1232 4215 1401 4288 postquam
1420 4211 1510 4274 Can·
1626 4239 1627 4254 ¹

304 4309 531 4390 tabrigiensem
555 4307 695 4371 codicem
718 4309 814 4373 obluit
841 4308 961 4372 habere
984 4312 1203 4392 conperimuS,
1234 4312 1340 4392 aptius
1362 4313 1508 4379 verbum

391 4531 414 4594 *i
440 4532 536 4595 [Edidit
554 4533 699 4596 llcuplius:
718 4537 745 4582 ct
763 4533 898 4584 condensa
919 4534 1066 4599 premunt]
