3240 5094
343 392 416 464 432
635 408 723 468 lanan
745 424 910 469 ascraeum
934 424 1116 502 svesamma
1134 407 1228 467 ⁴870.

342 596 484 676 intellegi
512 595 590 658 haec
619 613 695 658 sane
724 615 786 658 non
816 607 957 676 possunt.
1004 613 1077 658 nam
1099 603 1135 656 ut
1157 596 1385 677 petulantiores
1406 599 1509 659 veteris

342 698 519 762 comoediae
535 698 749 762 cavillationes
763 707 952 762 notarentur
967 716 1029 760 non
1044 699 1120 760 satis
1142 707 1210 760 erat
1232 698 1341 762 dicere
1362 695 1435 762 κατὰ
1453 696 1510 772 τοὺς

338 796 491 873 Ἀττικοὺς
512 799 661 879 ἐκείνους,
692 802 749 866 sed
775 803 861 884 loqui
884 799 1048 883 oportebat
1069 802 1170 882 magis
1191 803 1372 882 perspicue.
1416 803 1512 865 llubn-

343 907 459 969 keuins
473 905 629 968 adsensus
645 918 693 969 est
707 907 804 968 Tollio
826 899 906 969 ἄλλα
921 914 991 986 post
1006 897 1149 990 ἀνάγωγοι
1168 905 1325 968 traicienti
1342 907 1511 988 putavitque

343 1009 466 1072 laudari
497 993 635 1072 iocorum
662 1011 812 1090 antiquae
842 1006 1021 1071 comoediae
1049 1005 1229 1071 ἐπιείκειανε
1260 1027 1334 1070 nam
1358 1010 1389 1070 in
1411 1009 1512 1092 ἐπιεικῆ

344 1112 530 1176 mutandum
559 1131 628 1176 esse
659 1113 782 1176 censuit
808 1109 992 1196 ἐπικείμενα.
1046 1110 1103 1174 sed
1130 1130 1235 1193 neque
1258 1109 1404 1176 ἐπιείκεια
1425 1113 1512 1174 veteri

344 1214 522 1278 comoediae
544 1215 609 1277 ullo
632 1216 702 1277 iure
723 1215 822 1278 tribui
845 1224 949 1297 potest
971 1233 1077 1295 neque
1092 1215 1139 1276 sic
1160 1215 1259 1296 magis
1282 1225 1368 1276 recte
1391 1217 1513 1296 magisve

344 1317 483 1382 dilucide
506 1316 626 1382 dictum
649 1327 696 1382 est
717 1313 795 1384 κατὰ
815 1313 883 1390 τοὺς
901 1313 1047 1390 Ἀττικοὺς
1069 1315 1217 1392 ἐκείνους,
1246 1319 1434 1400 praesertim
1455 1338 1513 1381 eum

342 1422 467 1486 Atticus
492 1422 589 1485 luerit
617 1423 686 1502 ipse
715 1423 809 1484 etiam
833 1421 1021 1504 Hyperides.
1068 1421 1197 1484 lahnius
1223 1422 1347 1503 putavit
1369 1415 1444 1486 ἄλλο’
1463 1439 1513 1483 non

344 1527 475 1588 traiecto
490 1526 621 1588 lortesse
636 1524 841 1588 scribendum
857 1545 927 1587 esse
949 1518 1028 1588 κατὰ
1047 1519 1116 1596 τοὺς
1137 1519 1288 1608 κωμικοὺς
1311 1522 1438 1596 ἐκείνους
1460 1523 1514 1604 [hoo

346 1631 431 1692 enim
453 1629 591 1692 voluisse
613 1628 759 1708 videtur,
783 1647 974 1709 quemqnam
996 1628 1163 1692 obscurius
1185 1629 1308 1692 locutus
1329 1627 1403 1710 est),
1427 1637 1515 1690 otest

345 1732 425 1796 illud
447 1731 585 1815 proiecto
608 1733 722 1795 melius
745 1750 840 1812 quam
863 1729 948 1812 quod
969 1733 1105 1813 Kaysero
1129 1733 1161 1793 in
1184 1741 1324 1794 mentem
1346 1732 1432 1793 venit
1451 1726 1516 1793 κατὰ

344 1831 413 1907 τοὺς
431 1829 578 1908 Ἀιτικυίις
599 1829 738 1920 κώμους,
762 1836 831 1897 veri
854 1845 961 1897 tamen
983 1855 1046 1898 non
1069 1835 1199 1897 videtur
1222 1853 1292 1896 essa
1315 1835 1429 1898 simile.
1466 1853 1516 1896 ne·

346 1958 409 2020 que
431 1941 559 2002 omnino
581 1939 673 2002 valde
695 1957 774 2020 opus
803 1947 872 2002 erat
901 1949 935 2001 ιιι
961 1937 1148 2000 dicerentur
1170 1936 1342 2020 Hyperidis
1364 1938 1444 2000 seles
1463 1955 1516 1998 non

347 2042 465 2105 babere
488 2043 678 2107 comicorum
700 2045 951 2124 protervitatem.
989 2041 1111 2134 ἐπιεικῆ
1123 2042 1202 2105 illud
1218 2042 1401 2104 llnbnkenii
1422 2059 1517 2103 asen-

346 2147 444 2208 tentia
468 2146 598 2208 minime
619 2147 759 2209 alienum
776 2155 840 2226 est,
865 2144 1034 2208 dummodo
1051 2165 1091 2207 ne
1107 2138 1187 2208 ἀλλά
1202 2145 1267 2208 loco
1282 2164 1341 2206 suo
1355 2157 1514 2207 moveatur.

346 2250 508 2312 Weiskius
542 2249 633 2312 linxit
665 2246 960 2335 ἐπικεχαμιπιυμένα,
994 2249 1080 2331 quod
1112 2261 1148 2312 ut
1181 2247 1347 2331 probabile
1381 2247 1517 2311 redderet

347 2353 528 2435 exemplum
559 2351 689 2433 quidem
718 2353 881 2434 dictionis,
917 2352 1002 2433 qnod
1035 2373 1167 2435 prorsus
1199 2353 1415 2415 necessarium
1447 2362 1515 2422 erat,

346 2475 410 2518 nou
432 2457 554 2536 attulit,
585 2455 642 2518 sed
670 2466 775 2519 notam
796 2457 1072 2539 tacbygrapbicam
1095 2455 1229 2520 ridiculo
1253 2456 1421 2518 multorum
1441 2473 1517 2516 more

346 2570 541 2622 commentus
563 2568 623 2622 est.
663 2579 727 2622 non
750 2561 894 2642 ineptum
915 2569 962 2622 est
984 2559 1072 2642 quod
1085 2561 1244 2642 Kayserus
1258 2560 1394 2622 coniecit
1414 2550 1518 2642 εὐαχή-

348 2685 441 2747 μονα,
474 2661 531 2725 sed
561 2663 666 2744 specie
697 2664 879 2726 mutationis
901 2663 969 2726 veri
999 2682 1111 2744 parum
1133 2663 1249 2726 simile.
1296 2671 1404 2724 eontra
1425 2661 1449 2722 si
1470 2679 1518 2740 pro

346 2764 463 2850 ἐπιεικῆ
485 2776 617 2848 propter
639 2767 793 2829 noviciam
815 2766 1122 2848 pronuntiationem,
1155 2785 1236 2847 quae
1266 2765 1387 2846 ubique
1409 2781 1519 2826 errores

346 2871 489 2952 peperit,
515 2871 667 2950 scriptum
689 2869 858 2950 aliqnando
882 2869 941 2932 init
956 2892 1068 2944 επικει,
1095 2888 1157 2932 non
1181 2871 1298 2931 mirum
1321 2879 1370 2931 est
1390 2867 1517 2930 additum

347 2972 465 3035 deinde
495 2991 564 3035 esse
594 2972 670 3056 μένα
698 2981 733 3035 ιιι
758 2972 893 3035 verbum
915 2973 1026 3034 saltem
1057 2973 1148 3034 lieret
1170 2971 1324 3035 Graecum
1348 2969 1515 3054 ἐπικείμενα.

349 3086 475 3158 recepta
499 3077 596 3157 igitur
618 3077 676 3138 hae
693 3077 875 3138 lluhnlenii
898 3075 1136 3155 emendatione,
1162 3094 1224 3156 qua
1247 3095 1310 3138 non
1335 3075 1484 3138 videtur'
1477 3093 1518 3133 ιο

349 3180 451 3242 veniri
473 3198 566 3301 posse
589 3178 801 3260 probabilior,
831 3178 1038 3252 scribendum
1067 3178 1159 3241 nobis
1182 3197 1253 3242 esse
1276 3177 1405 3242 videtur
1425 3173 1518 3258 σκόμ-

348 3305 430 3367 ματα
451 3306 506 3346 ουκ
528 3305 647 3366 αμουαα
668 3276 773 3347 οὐδΗ
759 3277 911 3367 ανάγαγα
928 3277 1007 3346 κατὰ
1034 3305 1102 3353 τους
1125 3276 1263 3354 οἰσιικοίνς
1285 3275 1506 3359 ἐκείνους,ἆλί

348 3385 476 3470 ἐπιεικῆ.
523 3397 674 3449 ιιοιοιιιιιι·
695 3385 811 3448 urbani
834 3385 879 3446 illi
901 3388 956 3466 qni
979 3385 1130 3448 dicuntur
1152 3395 1184 3448 et
1206 3385 1332 3448 dicaces
1354 3389 1427 3467 qni.
1454 3383 1517 3446 dum

350 3491 447 3552 risum
471 3499 502 3550 et
525 3488 704 3560 lestivitatis
725 3488 854 3551 laudem
882 3497 1060 3567 sectantur,
1092 3506 1155 3550 nou
1185 3487 1349 3552 abstinent
1371 3489 1411 3551 ab
1432 3489 1518 3550 inmo-

348 3592 447 3654 destis
468 3591 750 3674 petulantibusque
774 3593 849 3654 iocis
870 3601 965 3673 atque
981 3591 1245 3654 cavillationibus.
1285 3591 1326 3654 de
1350 3587 1473 3662 ἀστικοῖς
1493 3587 1517 3650 id

350 3705 398 3758 est
420 3696 528 3758 iacetis
551 3697 685 3777 eiusque
708 3695 851 3759 vocabuli
876 3704 906 3758 et
917 3689 1054 3760 Ἀττικῶν
1076 3697 1214 3759 nominis
1235 3696 1350 3760 erebra
1373 3705 1517 3779 permuta·

349 3800 434 3861 tione
456 3799 667 3863 Ruhnkenius
689 3798 793 3880 paullo
815 3808 908 3861 antea
931 3797 1110 3862 doctissime
1133 3795 1324 3881 disputavit,
1356 3810 1392 3863 ut
1419 3800 1517 3861 mimn

349 3921 452 3984 paene
480 3905 523 3965 sit
550 3921 623 3966 enm
653 3903 705 3964 hio
732 3904 937 3964 inmemorem
967 3901 1065 3965 luisse
1090 3905 1193 3982 vocis,
1226 3914 1260 3966 ut
1290 3904 1384 3966 nobis
1406 3901 1516 3986 quidem

349 4005 493 4085 videtur,
518 4007 712 4087 aptissimae.
756 4007 814 4068 etsi
838 4006 922 4068 enim
946 3999 1065 4077 ἀατικός
1087 4007 1216 4089 proprie
1239 4006 1368 4070 laudem
1383 4008 1515 4076 continet,

352 4107 436 4170 idem
451 4118 558 4170 temen
574 4108 777 4188 vocabulum,
802 4107 858 4171 ubi
883 4111 1000 4170 recita
1020 4107 1156 4188 larebat,
1182 4111 1277 4172 etiam
1301 4111 1333 4172 in
1358 4109 1517 4192 repreben-

351 4213 438 4274 sioue
467 4211 529 4273 dici
560 4221 682 4293 poterat
710 4223 765 4274 ant
793 4213 835 4274 ita
864 4221 952 4273 ecrte
981 4223 1017 4274 ιιι
1046 4231 1108 4274 non
1137 4221 1200 4274 tam
1231 4213 1395 4294 eleganter
1421 4213 1517 4274 facetos

351 4334 446 4395 quam
469 4317 596 4378 omnino
612 4313 736 4380 dicaces
751 4313 943 4396 significaret
965 4316 1112 4378 similiter
1126 4325 1221 4396 atque
1241 4335 1259 4378 a
1274 4318 1393 4379 Latinis
1407 4331 1516 4378 scurrae

352 4437 415 4480 non
439 4436 611 4498 numquam
635 4417 785 4482 dicuntur
807 4417 935 4480 urbani.
974 4417 1203 4482 attendendum
1225 4431 1273 4483 est
1287 4431 1394 4484 antem
1415 4419 1455 4483 ad¹
1471 4415 1516 4478 ad-

353 4519 456 4582 ditum
477 4519 617 4592 ἐκείνους.
