3186 5108
368 416 457 477 lunsx
481 435 645 478 nscrronrs
669 435 849 481 ιιιειιιιιιιιι
875 418 969 478 4859.
1194 403 1265 474 153

86 606 266 682 Messeniam,
292 605 346 668 sed
361 606 515 688 Epidauri
532 613 693 670 moratum.
733 606 910 670 Macrobius
933 609 997 670 Sat.
1017 625 1050 668 ιιι
1068 606 1086 668 7
1110 605 1151 669 de
1167 609 1268 670 ariete

87 726 171 786 quem
199 709 358 789 Vergilius
387 709 446 770 eol.
473 727 519 770 ιιιι
545 712 583 772 t3
614 711 732 773 vellera
762 711 883 773 murice
914 720 947 773 et
974 711 1037 772 luto
1072 720 1268 773 mutaturum

89 831 149 874 esse
173 810 251 874 dixit
279 813 359 873 haec
386 810 566 891 adnotavit,
599 814 735 876 traditur
764 820 866 876 cuum
895 815 927 875 iu
956 814 1032 876 libro
1055 817 1267 892 Etruscorum,

89 916 112 976 si
130 914 179 976 luc
199 917 316 978 animal
345 916 464 978 irssotito
486 917 585 978 colore
610 915 707 998 fuerit
728 917 896 993 indractum,
924 918 1069 998 portendi
1093 919 1273 1000 imperatori

88 1037 181 1080 reram
201 1020 334 1080 omarum
353 1019 538 1101 felicitatem.
587 1028 746 1102 estsuper
768 1019 822 1083 lece
844 1019 921 1082 tiber
947 1023 1097 1102 Tarquitii
1118 1023 1271 1084 transcri-

81 1129 147 1202 ptus
168 1141 209 1184 eu
229 1124 395 1185 ostentario
422 1125 526 1185 Tusco.
575 1123 617 1185 ibi
636 1125 792 1205 reperitur
823 1128 990 1206 ‘purpureo
1019 1144 1151 1186 artreovc
1173 1125 1271 1188 colere

83 1227 142 1286 ocis
163 1227 282 1287 oriesue
303 1228 333 1289 si
353 1233 545 1310 asperqetur,
571 1228 709 1309 principi
729 1228 847 1290 ordinis
870 1237 898 1291 et
917 1229 1038 1310 qeneris
1061 1245 1181 1291 sumnia
1203 1247 1271 1291 cum

82 1329 216 1408 felicitate
239 1329 412 1412 larqitatem
434 1337 534 1412 auqet,
563 1349 658 1414 penus
685 1333 860 1414 propeniem
888 1339 1042 1413 propaqat
1071 1333 1102 1393 in
1130 1333 1271 1395 claritate

83 1433 286 1515 taenmemque
308 1434 421 1515 efficit)
465 1432 551 1514 apud
580 1433 717 1496 eundem
741 1432 932 1497 llaerohium
949 1452 982 1496 ιιι
999 1435 1038 1496 20
1067 1433 1098 1514 (u
1117 1435 1166 1516 to)
1193 1435 1272 1497 haec

84 1537 235 1616 leguntur,
265 1538 440 1618 Tarquitius
463 1543 562 1598 autem
588 1539 711 1600 Priscus
735 1538 766 1598 in
783 1541 947 1600 ostentario
962 1537 1125 1600 arborario
1147 1540 1191 1600 sic
1213 1539 1268 1615 ait,

86 1639 216 1702 ‘arbores
244 1659 322 1722 quae
350 1639 482 1722 inferum
505 1640 631 1702 deorum
653 1647 911 1724 avertentiumque
934 1644 965 1703 in
988 1642 1083 1704 tutelo
1104 1648 1186 1716 sunt,
1219 1661 1271 1703 eas

83 1743 209 1824 insetr'ces
239 1745 414 1819 nominant,
447 1744 631 1818 alstemum,
662 1746 852 1828 sanquinem,
883 1745 1002 1818 filicem,
1036 1747 1127 1825 ficum
1155 1752 1268 1820 atram,

83 1865 208 1929 praeque
237 1847 344 1910 bacam
372 1849 496 1929 niqram
523 1849 685 1930 niqrosque
709 1847 831 1930 suctus
850 1847 968 1930 serunt,
1002 1849 1127 1929 itemque
1156 1847 1272 1929 cereso-

83 1951 149 2012 lium
170 1949 297 2034 [pirum
319 1948 525 2034 minutianus,
550 1969 686 2026 meseum,
715 1951 837 2028 rubum,
870 1958 1036 2034 sentesque,
1067 1950 1175 2032 quibus
1194 1970 1271 2033 por-

83 2061 156 2116 tenta
186 2053 387 2136 prodiqiaque
420 2055 505 2116 malo
537 2053 674 2116 comburi
707 2054 809 2117 tubere
842 2061 975 2136 oportet:
1013 2075 1086 2116 nam
1117 2055 1271 2135 Tarquitii

83 2177 189 2219 nomen
226 2159 337 2220 Petrus
373 2157 519 2220 Pithoeus
548 2157 806 2220 adversariorum
840 2157 1082 2222 subsecivorum
1105 2176 1115 2218 ι
1138 2158 1177 2218 20
1214 2177 1271 2240 pro

83 2261 228 2323 libmrum
264 2262 422 2341 scriptura
457 2261 617 2342 Tarquinii
645 2271 731 2324 recte
761 2261 937 2325 substituit.
984 2261 1043 2325 sed
1071 2260 1157 2342 quod
1186 2260 1272 2324 idem

82 2365 221 2428 Pithoeus
245 2366 342 2426 Prisci
367 2383 539 2444 cognomen
558 2362 732 2427 delendum
755 2385 826 2427 esse
850 2367 985 2446 putavit,
1010 2364 1192 2428 Odoiredus
1214 2384 1273 2427 au-

81 2479 138 2530 tem
160 2468 333 2531 Muellerus
356 2469 561 2530 Etruscorum
584 2477 607 2530 t.
626 2484 647 2528 ιι
670 2488 703 2548 p.
722 2469 763 2529 36
788 2467 987 2531 confidenter
1014 2467 1095 2530 dixit
1125 2467 1272 2530 scriben-

81 2571 150 2634 dum
174 2591 245 2635 esse
277 2573 452 2653 Tarquitius
479 2574 604 2648 Tuscus,
637 2574 744 2635 neutri
774 2571 1020 2635 adsentiendum
1051 2581 1099 2634 est
1126 2571 1271 2654 fugitque

81 2677 272 2752 Muellerum,
306 2674 391 2757 quod
419 2673 541 2738 dadum
564 2675 748 2738 adnotatum
777 2685 864 2756 erat,
895 2676 1093 2756 Tarquitium
1116 2675 1269 2754 Priscum,

82 2781 227 2859 gentilem
260 2778 345 2842 haud
368 2777 467 2841 dubie
490 2779 667 2860 scriptoris,
692 2781 930 2842 commemorari
955 2798 972 2840 a
996 2779 1102 2841 Tacito
1125 2778 1207 2840 libro
1230 2778 1271 2840 ab

81 2903 209 2946 excessu
232 2881 366 2962 Augusti
383 2903 425 2945 ιιι
441 2883 481 2942 59
506 2891 538 2945 et
554 2901 619 2943 mm
638 2883 690 2944 to.
737 2882 886 2945 addimus
909 2883 1107 2963 Tarquitium
1131 2883 1271 2944 Priscum

82 2987 110 3047 in
133 2985 367 3067 strategematis
391 2987 564 3048 Sertoriani
588 2987 810 3048 narrationes
834 2986 982 3048 Frontino
998 3005 1019 3046 ιι
1036 2985 1054 3044 5
1071 2985 1107 3046 3⁴
1133 3004 1273 3047 comme-

82 3100 250 3153 moratum:
291 3089 332 3152 de
367 3109 430 3171 quo
459 3090 663 3152 Drumannus
697 3089 778 3151 dixit
812 3089 886 3151 hist.
913 3090 1000 3150 Rom.
1027 3099 1049 3150 t.
1076 3108 1085 3150 ι
1113 3108 1145 3169 p.
1171 3090 1212 3152 li
1242 3097 1274 3150 et

83 3203 163 3256 ι.ιιιι
187 3214 219 3277 p.
238 3195 313 3255 363.
362 3195 525 3274 pergimus
555 3191 596 3254 ad
618 3190 819 3256 Amusianum
842 3192 1070 3270 Marcellinum,
1103 3194 1159 3271 qui
1191 3190 1273 3252 libro

81 3300 165 3360 xxvi
188 3298 467 3378 Tarquitianorum
499 3295 653 3359 librorum
684 3297 878 3358 mentionem
902 3295 991 3357 iacit:
1026 3293 1180 3376 confestim
1209 3297 1273 3357 ita-

82 3419 132 3482 que
161 3402 266 3483 inquit
293 3409 363 3464 ante
393 3402 469 3464 lucis
497 3402 652 3482 primitias
675 3401 798 3462 Etrusci
827 3397 1006 3481 haruspices
1036 3399 1178 3460 accersiti
1202 3417 1274 3460 eon·

83 3505 207 3588 cultique
236 3504 310 3587 quid
339 3505 420 3566 ostri
446 3505 560 3586 species
579 3501 773 3584 portenderet
794 3521 886 3578 noua,
919 3502 1077 3564 vitandum
1107 3519 1171 3564 esse
1198 3521 1274 3564 cese-

84 3611 191 3672 tissime
225 3607 451 3691 responderunt
484 3607 596 3689 nequid
631 3613 702 3668 tunc
739 3613 949 3686 temptaretur,
988 3625 1030 3667 eac
1068 3606 1274 3686 Tarquitianis

83 3711 165 3776 libris
189 3715 220 3775 in
244 3713 330 3776 titulo
359 3711 395 3773 de
419 3709 509 3772 rebres
531 3710 645 3772 divinis
670 3709 702 3770 id
725 3709 854 3771 relatum
877 3728 942 3771 esse
972 3715 1174 3771 monstrantes
1197 3707 1275 3790 mend

80 3813 143 3892 sace
165 3820 197 3878 in
220 3815 304 3878 coelo
325 3815 395 3876 visa
410 3813 552 3876 committi
570 3813 721 3894 praelium
744 3813 792 3874 vel
814 3813 912 3876 simite
927 3814 1087 3894 quecqeeem
1109 3831 1168 3872 nore
1184 3831 1275 3893 cpcr-

82 3917 156 3981 tebit.
197 3918 317 3982 deinde
340 3919 472 3979 loannes
487 3915 592 4000 Lydus
607 3915 647 3978 de
662 3918 795 3978 ostentis
817 3935 886 3996 cap.
905 3917 924 3978 2
949 3917 981 3978 in
997 3916 1161 3996 Tageticue
1177 3913 1275 3978 disci-

83 4021 184 4100 plinae
207 4021 410 4085 enarratione
433 4039 526 4083 usum
549 4039 584 4082 se
607 4037 677 4082 esse
694 4018 783 4096 dicit,
809 4028 963 4099 quantum
987 4019 1188 4080 exoratione
1211 4038 1274 4080 non

83 4124 199 4205 integra
224 4124 431 4204 intellegitur,
456 4121 639 4187 auctoribus
661 4117 811 4207 Τάρχοντί
831 4145 864 4185 τε
878 4125 921 4208 τῷ
937 4117 1099 4208 iunoniam
1121 4118 1173 4184 nai
1188 4117 1275 4207 Tap-

83 4228 159 4313 uisqs
180 4231 224 4314 τῷ
251 4227 383 4312 (reieci-q
414 4222 466 4289 nul
489 4222 666 4310 KaJnieam
696 4225 779 4311 ἱερεῖ.
827 4245 867 4286 no
897 4226 948 4287 hic
977 4224 1110 4305 quidem
1132 4226 1274 4290 Muelleri

85 4331 284 4410 prudentiam
318 4329 449 4394 laudare
484 4349 662 4411 possumus.
710 4347 783 4390 nam
817 4347 888 4390 cum
920 4348 956 4390 ea
987 4346 1069 4408 quae
1105 4329 1136 4390 in
1167 4327 1275 4390 codice

85 4435 244 4498 Gaseolino
267 4436 328 4516 legi
352 4453 415 4496 non
438 4442 611 4514 potuerunt
635 4433 747 4496 Hosius
770 4442 824 4494 aut
845 4451 923 4495 vere
946 4441 1001 4492 aut
1023 4441 1058 4492 ut
1082 4430 1274 4512 reprehendi

86 4538 193 4601 saltem
223 4546 361 4620 nequent
390 4537 431 4598 ita
461 4537 677 4618 supplevisset
705 4545 738 4600 ut
761 4534 920 4622 scriberet
949 4525 1096 4618 Ταρκῦτῳ
1122 4537 1166 4619 τῷ
1186 4536 1275 4598 τελε-
