3268 5108
314 385 362 462 62
598 404 686 466 imm
711 419 878 466 ammom·
902 419 1085 467 armornm
1107 405 1205 466 4854,
1305 427 1309 436 ·

313 595 454 656 camnine
478 593 707 656 removendum
730 611 801 656 esse
818 603 1032 656 consuerunt:
1065 611 1257 674 quamquam
1281 611 1364 674 epae
1387 611 1442 673 pro
1463 609 1501 651 eo

312 695 506 759 summouere
528 697 699 760 voluerunt
721 696 953 760 denudentur
972 696 1152 758 nobisesse
1175 693 1392 778 adprobanda.
1429 694 1500 756 non

312 817 384 862 cum
406 799 551 862 Nicolaum
574 801 723 863 Heinsius
744 801 1001 862 emendationem
1029 799 1148 862 trustra
1177 809 1381 880 tenrptasset,
1413 799 1501 859 loan-

309 921 369 965 nes
392 902 590 966 Schraderus
612 903 821 966 sombendum
844 921 913 966 asse
943 903 1077 965 coniecit
1107 902 1253 980 Quumvu
1276 903 1335 965 Idu
1358 901 1501 984 strapas

307 1014 463 1088 portoras
480 1007 567 1070 dieti
588 1023 727 1070 mosee:
759 1006 818 1070 sad
839 1007 953 1069 inutile
976 1016 1026 1070 est
1047 1005 1181 1087 Plirygis
1202 1005 1391 1068 vocabulum
1415 1014 1503 1086 post·

311 1127 407 1190 quam
428 1111 484 1173 lda
508 1121 751 1173 corrrmemorata
781 1119 840 1173 est.
887 1111 1114 1173 Valckenarius
1142 1109 1175 1170 in
1205 1097 1503 1190 elegiarum'tialli·

309 1215 505 1278 maddarmn
527 1213 715 1295 fragmentis
735 1229 770 1294 p.
789 1213 828 1274 ta
852 1215 1019 1294 scripsisse
1041 1223 1167 1296 poetam
1189 1212 1313 1294 putarit
1332 1211 1424 1273 mum
1442 1227 1503 1292 pa·

309 1325 431 1380 surum.
476 1315 618 1380 debebat
639 1326 713 1379 ante
735 1317 841 1380 ornnia
863 1335 1022 1398 quaerere
1051 1335 1129 1380 num
1151 1316 1252 1378 Latini
1279 1315 1375 1378 mum
1398 1325 1503 1397 pasto-

309 1437 378 1482 rem
400 1437 458 1501 pro
480 1420 631 1499 bubulco,
655 1422 762 1484 ovium
784 1432 944 1502 pastorem
967 1439 1024 1502 pro
1046 1421 1196 1502 opilione,
1225 1435 1282 1500 pro
1305 1419 1449 1501 caprario
1471 1428 1503 1479 et

309 1523 442 1586 subulco
464 1535 624 1606 pastorem
642 1541 811 1607 caprarum
836 1535 868 1587 et
885 1541 983 1587 suum
999 1523 1167 1602 dixissent,
1193 1522 1277 1604 quod
1300 1521 1394 1586 nobis
1416 1522 1502 1584 nullo

307 1629 454 1710 exemplo
484 1639 618 1691 constat.
670 1628 773 1690 sensit
802 1628 884 1689 hano
910 1625 1130 1689 difficultatem
1164 1627 1259 1688 aomo
1288 1626 1500 1704 doctissimus,

305 1730 366 1792 sed
382 1730 496 1794 callide
519 1732 560 1793 ita
583 1729 734 1811 obtegere
757 1731 878 1794 studuit
901 1741 936 1794 ut
949 1731 1136 1793 adlimnaret
1152 1729 1304 1792 debuisse
1327 1731 1371 1792 ita
1385 1717 1502 1792 dicere¹

266 1835 506 1916 erimpertium
534 1836 687 1916 quoniam
717 1829 864 1897 Romanis
889 1833 1022 1898 auribus
1052 1835 1209 1914 ingratum
1239 1833 1336 1896 iuuerit
1366 1833 1501 1896 humeldi

307 1937 507 2000 vocabulum.
552 1939 646 2019 quasi
675 1940 709 2000 in
737 1938 890 2001 vocabulo
917 1939 1146 2020 potiusquam
1177 1939 1210 1999 in
1238 1957 1276 1999 re
1303 1940 1442 2018 positum
1460 1937 1505 1998 sit

306 2042 334 2101 si
358 2039 490 2103 mbulei
512 2043 841 2106 commemorationem
862 2043 979 2105 cultam
1003 2041 1156 2124 Propertii
1179 2043 1291 2122 poesin
1322 2041 1374 2102 hic
1396 2041 1503 2102 miuus

218 2202 221 2212 ,
304 2143 424 2206 dooere
447 2145 682 2226 existimamus,
713 2156 768 2209 aut
796 2147 887 2226 quasi
910 2146 1110 2226 Pmpertius,
1142 2145 1169 2206 si
1193 2144 1368 2206 bubulcum
1392 2144 1499 2221 nollet,

306 2247 478 2310 Anchisam
512 2265 576 2310 uon
605 2250 743 2331 potamit
770 2249 857 2312 nullo
893 2247 1108 2329 ambiguitatis
1141 2248 1284 2330 periculo
1312 2245 1502 2328 simpliciter

304 2350 415 2414 dicere
436 2363 607 2432 pastorem.
648 2354 833 2434 nuperrime
857 2351 1013 2415 liebertus
1028 2353 1174 2432 Vngerus
1196 2352 1230 2412 in
1253 2351 1404 2414 analectis
1427 2352 1503 2411 Pro-

307 2455 463 2534 pertianis
490 2475 523 2536 p.
550 2458 589 2517 lt
612 2455 779 2538 adsumpto
814 2475 856 2518 ex
883 2455 1081 2536 interpolatis
1114 2451 1279 2518 codicibus
1311 2455 1500 2535 pronomine

312 2557 402 2637 (salet
424 2559 509 2620 enim
532 2559 583 2620 vir
603 2558 864 2644 πολυμαθέστατος
884 2559 1079 2622 certissimas
1108 2558 1187 2620 artis
1215 2559 1344 2620 criticae
1372 2558 1502 2639 regulas

306 2679 371 2722 non
392 2677 567 2743 numquam
585 2664 689 2726 minus
712 2661 889 2745 attendere)
918 2663 960 2724 ita
983 2660 1192 2724 scribendum
1220 2679 1290 2724 esse
1312 2664 1502 2742 pronuntia·

305 2767 370 2844 rit,
403 2767 550 2842 &aava
570 2775 599 2830 re
621 2767 690 2845 Idu,
712 2785 846 2848 pareas,
876 2773 1031 2848 pastorem
1059 2765 1142 2828 diem
1160 2783 1282 2827 amasse
1303 2762 1399 2847 Atque
1420 2769 1502 2828 ider

304 2869 434 2949 pecudes
456 2869 633 2932 combustos
652 2871 753 2932 deum
800 2889 912 2932 verum
935 2868 1028 2932 uobis
1050 2867 1181 2949 quidem
1209 2869 1262 2930 illa
1284 2869 1420 2931 Veneris
1443 2887 1501 2950 ge-

306 2963 438 3034 netricis
466 2973 636 3054 adpellatic
665 2973 717 3035 iric
746 2975 876 3035 minime
905 2981 976 3054 apta
1007 2989 1077 3034 esse
1103 2971 1248 3033 videtur:
1282 2969 1368 3052 quod
1397 2975 1501 3054 siquis

305 3076 399 3138 aliter
420 3077 547 3156 sentiet,
574 3076 653 3139 illud
676 3086 799 3140 certum
822 3087 880 3156 est,
908 3077 1105 3156 Prupertium
1129 3075 1161 3136 iu
1183 3077 1339 3156 prox-imis
1354 3075 1501 3138 distichis

305 3181 528 3242 enarratione
557 3179 598 3242 ad
619 3180 832 3261 apostrophen
855 3179 988 3260 pulchre
1010 3179 1160 3257 transire,
1194 3179 1257 3240 illic
1284 3188 1393 3242 eutem
1422 3197 1500 3261 apo-

306 3283 457 3364 stropnen
480 3282 623 3363 putidam
639 3301 709 3345 esse
725 3284 964 3364 orationemque
987 3283 1116 3345 moleste
1136 3284 1385 3364 interrumpere.
1417 3301 1497 3363 quae

306 3385 347 3447 de
376 3385 510 3466 reliquis
538 3386 687 3449 versibus
709 3389 854 3468 Vngerus
882 3385 1035 3448 disseruit
1060 3396 1167 3448 tacere
1201 3394 1354 3466 praestat.
1407 3385 1499 3448 nobis

305 3507 343 3550 ea
366 3505 449 3571 quae
472 3489 557 3571 apud
580 3491 778 3571 Propertium
801 3499 954 3553 secuntur
975 3487 1166 3552 emendandi
1189 3489 1272 3551 viam
1298 3491 1425 3570 aperire
1448 3491 1497 3550 vi-

306 3589 436 3655 dentur.
481 3591 616 3675 adparet
639 3594 816 3656 enimcum
839 3592 1062 3655 modestiorem
1086 3594 1312 3670 narrationem,
1338 3593 1443 3673 qualis
1466 3593 1497 3653 in

306 3695 423 3776 hymno
446 3697 609 3759 Homerico
628 3707 696 3776 cst,
727 3698 874 3779 exemplo
897 3695 1029 3760 sonasse
1051 3697 1200 3759 molliculi
1231 3697 1365 3759 alieuius
1387 3707 1496 3778 poetae

304 3797 513 3862 Alexandrini
529 3801 572 3862 ita
589 3817 759 3863 exornasse
780 3811 817 3862 ut
837 3801 994 3882 nymphas
1016 3801 1133 3863 silenos
1154 3802 1324 3882 ipsumque
1340 3801 1496 3862 Bacrlrum

304 3905 420 3966 auroris
444 3903 530 3966 illius
551 3914 649 3967 testes
672 3903 769 3967 luisse
793 3903 939 3984 lingeret.
986 3923 1058 3966 cum
1081 3905 1139 3966 hoo
1161 3905 1292 3966 invento
1314 3923 1430 3966 versus
1452 3905 1496 3964 illi

304 4007 466 4088 aptissime
493 4018 688 4089 congruent,
726 4008 752 4068 si
779 4006 907 4070 duabus
935 4007 1051 4070 litteris
1079 4008 1207 4070 mutatis
1241 4009 1283 4069 ita
1310 4007 1495 4088 scribimus,

301 4113 454 4186 pemmo
482 4111 540 4174 Idu
568 4125 663 4173 ratas
690 4117 845 4192 pastorem
871 4111 956 4173 diem
983 4129 1105 4174 corusco
1133 4109 1227 4193 diple
1255 4112 1336 4172 inter
1366 4113 1498 4192 penades

305 4213 481 4277 mortuum
501 4213 600 4276 deam.

391 4317 545 4380 Similiter
566 4318 647 4379 alius
670 4317 819 4378 carminis
840 4315 974 4380 obscura
1005 4328 1036 4379 et
1056 4315 1230 4399 depravata
1252 4317 1351 4380 verba
1374 4319 1416 4382 ad
1440 4339 1499 4384 no·

300 4431 368 4482 tam
397 4431 429 4482 et
457 4439 540 4501 quae
570 4431 654 4483 recte
684 4439 702 4480 a
732 4422 892 4502 Propertio
920 4423 1157 4484 commemorari
1188 4407 1326 4502 potuerit
1355 4421 1499 4488 fabulam

302 4522 482 4586 revocanda
511 4541 581 4586 esse
611 4524 804 4584 censuimus.
851 4523 892 4585 de
915 4543 977 4604 qua
1001 4545 1035 4586 re
1066 4536 1098 4586 ut
1123 4525 1174 4586 hio
1196 4524 1398 4607 disputemus
1427 4549 1501 4592 ora-
