3240 5094
348 385 422 458 416
642 401 731 464 lunas
753 418 920 464 ιτοτιοιινι
943 419 1128 467 assumam
1146 402 1239 464 4869.

345 589 506 652 Parisinus
528 608 662 669 soom,
689 589 775 653 unde
798 610 867 654 eam
891 591 1022 671 protulit
1044 590 1252 654 Boissonadus
1270 589 1391 654 Anecd.
1411 589 1462 652 Gr.
1479 597 1521 651 t.r

343 711 375 772 p.
402 692 476 755 tab.
522 692 582 756 sed
612 692 734 758 dudum
758 693 843 756 edita
866 704 934 757 erat
961 713 980 756 a
1004 695 1128 776 Cupero
1151 695 1183 758 in
1207 697 1398 777 Harpocrate
1421 714 1452 776 p.
1476 693 1519 768 to,

343 795 502 877 descripta
526 815 544 858 a
560 797 719 878 Stephano
735 799 776 859 Lo
791 799 901 879 lloyne
924 817 964 860 ex
988 797 1068 860 libro
1088 817 1183 878 quern
1198 795 1356 860 Antonius
1371 796 1522 878 Eparcbus

343 897 538 980 Corcyraeos
568 901 732 963 Francisoo
761 918 771 961 ι
802 900 870 980 regi
901 899 1019 964 Galliae
1052 900 1134 964 dono
1163 899 1263 963 dedit.
1317 899 1400 963 dixit
1428 899 1467 962 de
1492 919 1521 959 eo

343 1000 442 1081 libro,
472 1021 568 1083 quem
592 1022 655 1066 non
678 1002 861 1067 dubitamus
883 1003 1022 1066 eundem
1045 1023 1116 1068 osse
1139 1021 1202 1086 quo
1223 1001 1435 1067 Boissonadus
1455 1022 1522 1066 usus

343 1114 407 1183 est,
432 1103 595 1168 Fabricius
616 1104 699 1168 sibl.
725 1107 779 1168 Gr.
805 1117 828 1169 t.
854 1126 925 1188 xp.
953 1106 1014 1170 trr
1037 1127 1081 1170 ss.
1112 1105 1144 1188 (t.
1170 1125 1199 1169 rr
1221 1127 1254 1189 p.
1280 1107 1342 1170 566
1367 1106 1477 1186 Harll.

430 1209 484 1270 llis
508 1209 604 1288 igitur
625 1208 828 1273 adminiculis
849 1210 899 1272 usi
923 1220 1072 1292 excerpta
1088 1229 1151 1273 non
1166 1212 1272 1292 magni
1288 1209 1420 1291 quidem
1437 1209 1519 1290 protii

342 1308 400 1372 sed
434 1330 497 1373 non
531 1331 662 1391 prorsus
694 1313 925 1376 contemnenda
960 1322 1113 1394 qnantum
1146 1333 1226 1395 opus
1258 1331 1329 1378 csso
1362 1312 1522 1376 videbatur

344 1415 584 1480 emendavimus
614 1426 646 1478 et
674 1416 913 1497 explicavimus.
967 1435 1040 1480 nam
1069 1427 1218 1498 excerpta
1246 1436 1315 1480 esse
1346 1435 1385 1479 ex
1416 1417 1520 1478 maiore

343 1519 449 1600 aliquo
471 1517 552 1580 libro
575 1517 739 1599 probabile
763 1527 811 1580 est
833 1529 963 1600 propter
985 1511 1030 1584 ότι
1052 1519 1133 1583 illud
1155 1519 1241 1602 quod
1265 1521 1297 1582 in
1321 1521 1412 1581 initio
1433 1517 1521 1580 codex

343 1620 596 1685 vindobonensis
625 1621 732 1684 habet.
779 1623 835 1702 qui
864 1622 948 1684 liber
976 1623 1081 1703 qualis
1106 1623 1202 1686 luerit
1225 1633 1256 1686 et
1278 1643 1297 1686 a
1320 1642 1383 1704 quo
1407 1623 1520 1684 bomine

344 1725 484 1806 scriptus
514 1725 599 1787 nulla
629 1724 764 1806 adsequi
795 1726 954 1806 potuimus
982 1727 1173 1790 coniectura.
1221 1729 1433 1790 recentiorem
1459 1745 1521 1788 eum

343 1827 441 1890 inissa
464 1829 579 1890 loanna
602 1827 686 1909 Lydo
709 1826 785 1890 inde
808 1847 870 1890 non
894 1829 1100 1909 consequitur
1122 1828 1207 1912 quod
1235 1828 1276 1892 de
1300 1830 1417 1892 Sirmio
1439 1829 1522 1908 Gepi-

344 1929 459 2011 disque
481 1940 513 1993 ot
535 1931 671 1994 Danubii
700 1933 828 1994 nomine
858 1931 969 1994 eadam
993 1931 1114 1994 eisdem
1137 1932 1245 1996 verbis
1275 1943 1399 1995 narrat:
1432 1941 1523 2014 potest

344 2035 429 2094 enirn
463 2034 521 2096 ista
554 2043 609 2096 aut
638 2033 770 2096 loannes
802 2033 844 2096 ab
878 2034 930 2096 illo
962 2045 1018 2097 aut
1051 2045 1187 2116 uterque
1221 2035 1262 2098 ab
1291 2036 1353 2099 alio
1381 2037 1521 2116 scriptore

347 2138 533 2218 sumpsisse.

421 2230 487 2302 Ὅτι
509 2230 654 2324 όἼστρος
676 2235 693 2305 ὃ
714 2234 848 2323 ποταμὸς
870 2234 1029 2324 λεηόμενος
1051 2235 1152 2304 Φισύιν
1174 2233 1256 2326 παρὰ
1277 2242 1316 2326 τῇ
1339 2238 1410 2324 θείη
1429 2237 1518 2324 ηραρη

429 2336 481 2406 καί
501 2344 554 2407 τοῦ
576 2340 760 2428 παραδείσου
783 2336 865 2415 ἐξιὼν
888 2335 986 2429 ὥσπερ
1003 2339 1054 2408 καί
1069 2343 1097 2408 οί
1113 2342 1231 2422 λοιποί,
1255 2341 1356 2430 Τίγρις
1372 2335 1519 2429 Εὐφράτης

429 2440 481 2508 καί
496 2440 600 2531 Γηιύν,
624 2441 676 2510 καί
698 2440 809 2518 ύποδύς
830 2439 898 2518 τούς
921 2441 1035 2534 μυχούς
1057 2449 1110 2532 τῆς
1132 2449 1187 2533 γῆς
1209 2443 1260 2511 καί
1281 2441 1420 2519 είςδύσιν
1435 2439 1520 2528 άπερ·

430 2542 558 2634 χόμενος
585 2549 700 2614 ἐκδιδοῖ
731 2551 783 2614 τοῦ
812 2544 980 2614 Ἀπεννίνοο
1008 2541 1095 2638 όρους
1124 2553 1178 2615 τοῦ
1208 2544 1363 2636 διήκοντος
1392 2543 1447 2615 άπὸ
1475 2548 1520 2630 τῆς

367 2653 385 2712 5
431 2651 589 2738 Σικελικῆς
618 2645 775 2738 θαλάσσης
803 2653 861 2726 ἕως
889 2658 945 2717 τῶν
975 2651 1134 2740 Γερμανῶν
1164 2656 1220 2719 τῶν
1248 2649 1322 2741 πρὸς
1351 2655 1394 2740 τῷ
1424 2648 1519 2738 βορείρ

428 2750 562 2841 Ὠκεανῷ
576 2750 717 2848 κάκεῖθεν
734 2750 855 2842 σύρεται
870 2751 942 2842 πρὸς
959 2750 1106 2843 ἀνατολὴν
1122 2753 1173 2824 καί
1189 2758 1257 2846 χίει
1272 2757 1315 2830 είς
1330 2751 1380 2822 τὸν
1396 2745 1519 2826 Εὔξεινον

431 2852 537 2924 πόντον
560 2855 611 2924 διὰ
629 2854 653 2924 ε’
670 2855 836 2944 στομάτων.
877 2851 962 2932 οὗτος
984 2860 1016 2924 ἐν
1038 2863 1075 2946 τῇ
1099 2855 1231 2948 ἀνατολῇ
1253 2854 1434 2945 ὀνομάζεται
1448 2851 1518 2940 Γόη-

430 2987 503 3049 ηης,
528 2957 674 3028 ἀλλάσσει
695 2961 729 3028 δὲ
750 2958 784 3028 τὸ
806 2954 902 3049 ὄνομα
924 2963 956 3027 ἐν
975 2987 1012 3050 τη
1036 2958 1137 3042 δύσει,
1154 2955 1267 3050 Ἴστρος
1281 2956 1519 3049 προσαγορευθείς

432 3061 483 3130 καί
511 3059 904 3153 indemonstrabilem
932 3061 1022 3131 πάλιν
1050 3062 1245 3152 καλούμενος.
1292 3065 1346 3132 καί
1374 3059 1456 3137 οὗτος
1475 3059 1518 3146 μὲν

348 3170 386 3229 to
432 3163 569 3254 μέγιστός
584 3169 646 3234 ἐστι
660 3173 820 3255 ποταμῶν,
846 3165 925 3236 ἀλλὰ
939 3165 1011 3236 καθ’
1037 3166 1143 3236 ἑαυτὸν
1159 3168 1212 3255 μὲν
1231 3163 1327 3256 ἥττων
1341 3172 1394 3236 ποῦ
1410 3165 1515 3238 Νείλου,

432 3267 653 3360 ύποδεχόμενος
676 3272 710 3338 δὲ
731 3268 799 3346 τούς
821 3273 990 3359 είσρίοντας
1013 3273 1044 3338 ἐν
1065 3268 1147 3360 αύτῷ
1162 3270 1213 3338 καί
1227 3276 1280 3339 τοῦ
1297 3270 1410 3338 Νείλου
1425 3269 1515 3356 μείζων

431 3374 556 3460 γίνεται.
599 3371 636 3448 ιζ’
659 3372 716 3464 γὰρ
738 3373 867 3462 ποταμοί
889 3370 1098 3464 είσβάλλαυσιν
1120 3377 1153 3441 lu
1169 3372 1262 3464 αύτῷ.
1303 3373 1362 3442 εἰσί
1385 3374 1417 3440 δὲ
1438 3366 1513 3438 οὗτοι.

433 3477 467 3542 ἐκ
490 3476 543 3564 μὲν
566 3478 698 3552 Σκυθίας
721 3474 765 3558 ε’,
800 3475 939 3566 Ποράτας
962 3475 978 3545 δ
1000 3478 1052 3545 καί
1076 3475 1206 3566 Πυρετός
1228 3476 1395 3565 Τιαραντός
1414 3467 1515 3564 Ἄραρός

434 3575 573 3668 Νάπαρις
592 3577 769 3668 Ὀρδησσός,
794 3584 829 3648 ἐκ
851 3581 885 3648 δὲ
904 3577 1094 3670 Ἀγαθύρσων
1111 3579 1232 3669 Μάρις,
1255 3583 1289 3646 ἐκ
1312 3581 1347 3647 δὲ
1368 3585 1421 3648 τοῦ
1435 3577 1515 3664 Αἵμου

350 3685 389 3744 ί5
433 3685 527 3769 τρεῖς,
556 3677 662 3759 Ἄτλας
690 3677 793 3772 θύρας
821 3684 954 3773 Τίβισις,
990 3687 1025 3751 ἐκ
1058 3684 1091 3752 δὲ
1119 3684 1242 3771 Θρακῶν
1274 3687 1331 3750 τῶν
1361 3678 1514 3771 ίίροιβύῖων

433 3789 529 3874 τρεῖς,
555 3780 661 3876 Ἄθρυς
692 3785 774 3874 Νόης
804 3787 855 3854 καί
879 3785 1039 3875 Ἀρτάνης,
1073 3790 1109 3854 ἐκ
1137 3787 1171 3853 δὲ
1200 3784 1341 3854 Παιάνιον
1372 3785 1421 3854 καί
1446 3779 1515 3870 ipen:

323 3909 338 3953 ο
429 3885 576 3978 Ῥοδόπης
600 3883 697 3965 ΣιιίοςΙ
720 3889 852 3980 ποταμὸς
875 3894 965 3979 μίτον
989 3893 1101 3981 σχίζων
1123 3887 1173 3958 τὸν
1188 3889 1302 3977 Αἷμον,
1326 3891 1362 3956 ἐκ
1385 3885 1514 3956 δὲ’ίλλο·

417 4099 436 4150 l.
455 4097 522 4149 libor
535 4099 742 4163 massalianos,
763 4101 784 4152 V
798 4099 1021 4152 vindobonensis.
1093 4103 1117 4152 t.
1133 4089 1191 4155 Ὅτι
1202 4113 1246 4151 σοι
1260 4099 1288 4152 l..
1360 4103 1386 4152 t.
1404 4093 1513 4167 πίηρηςί·

347 4189 426 4254 ηαιὼν
451 4184 479 4235 V.
559 4188 582 4234 ί.
611 4181 728 4238 ἀπεννίου
753 4187 782 4239 V.
861 4191 886 4238 a.
913 4183 991 4256 βορίαι
1015 4185 1045 4249 V,
1073 4182 1180 4258 βορριίιρ
1204 4185 1232 4236 L.
1313 4189 1337 4238 'l.
1362 4181 1454 4256 γιίλληι
1474 4179 1512 4230 [λ’-

348 4275 373 4321 8.
393 4284 463 4336 quoe
482 4275 611 4322 secuntur
627 4285 715 4336 usqua
733 4271 768 4322 ad
786 4286 811 4322 ν.
826 4275 854 4322 at
878 4275 984 4338 sumpta
1003 4271 1118 4322 suntab
1139 4271 1274 4322 Herodoto
1293 4285 1319 4321 ιν
1338 4275 1370 4322 ts
1383 4284 1418 4322 ss.
1480 4270 1511 4314 tt.

347 4351 425 4408 αὑτὸν
445 4357 472 4406 L.
509 4353 586 4424 ἧττον
606 4357 633 4408 λί.
707 4361 748 4407 ts.
769 4357 884 4426 παράτας
903 4357 952 4408 Lv.
1026 4360 1067 4409 tt.
1088 4353 1181 4408 ίκτοῦ
1200 4353 1278 4424 alpos
1299 4357 1329 4418 V,
1349 4349 1509 4408 corentini.

349 4443 591 4506 inutilutopouiuo.
667 4433 820 4513 ίθἋθρος]
841 4443 916 4500 o'iroo:
935 4444 964 4506 V,
985 4441 1046 4502 ἅπαξ
1065 4443 1091 4492 L.
1167 4433 1509 4509 17.κίος[ι’.μείἀι57,ί·

349 4525 432 4586 (ouras
451 4528 478 4576 L.
