3184 5108
303 387 378 459 210
595 401 686 464 laon
706 415 873 463 merrom
895 417 1080 464 annnam
1105 403 1199 464 lm.

302 588 389 670 quod
411 591 465 650 lon
488 590 628 650 carmine
650 590 785 650 ornarit.
833 593 943 652 statuit
966 591 1033 669 hoo,
1059 599 1226 672 postquam
1248 591 1303 652 alii
1326 589 1488 653 dubitare-

302 703 393 770 rum,
425 693 494 754 sine
525 691 725 754 dubitatione
746 690 945 754 Godolredus
968 694 1168 756 Hermannus
1191 694 1223 754 in
1247 693 1487 756 zimmernranni

300 795 470 858 annalibus
492 795 577 858 stud.
603 806 668 856 ant.
694 811 722 855 a.
741 813 938 857 nnocexxxrrr
960 813 992 876 p.
1012 796 1087 858 325.
1142 789 1146 796 ’

389 900 475 972 Quae
499 917 570 960 oum
595 900 636 959 ita
660 899 734 976 sint,
760 917 822 959 non
839 898 1067 962 haesitabimus
1088 899 1225 979 amplius
1248 899 1408 979 inprime
1424 915 1490 960 oar-

301 1003 397 1063 minis
419 1001 577 1062 versiculo
600 1019 705 1081 neque
729 999 948 1064 dubitabimus
970 1004 1042 1082 quia
1070 1002 1125 1062 illa
1147 1003 1189 1063 sit
1210 1001 1265 1081 qui
1289 1019 1306 1062 a
1330 1011 1421 1081 poeta
1443 1001 1490 1062 dl·

299 1107 382 1166 citur
410 1098 553 1188 ἡμέτερος
584 1099 743 1187 βασιλεύς,
775 1098 876 1188 σωτήρ
904 1127 936 1167 τε
963 1095 1063 1188 πατήρ
1090 1123 1133 1166 τε.
1181 1103 1419 1183 intellegendus
1447 1115 1491 1165 eat

299 1209 385 1268 enirn
409 1225 466 1268 rex
491 1204 767 1268 Lacedaemonius.
814 1207 891 1268 aliea
921 1208 994 1268 olim
1019 1209 1163 1269 homines
1184 1205 1267 1267 dooti
1290 1217 1390 1286 atque
1413 1208 1491 1268 inter

298 1329 332 1372 se
362 1310 508 1372 diversas
537 1310 739 1390 protulerunt
767 1311 944 1390 opiniones.
991 1310 1140 1372 Osannus
1167 1311 1254 1370 enim
1280 1311 1313 1370 in
1341 1309 1492 1390 symbolis

297 1414 338 1476 ad
362 1414 523 1474 historiam
547 1413 725 1474 litterarum
750 1413 939 1474 Graeoarum
964 1423 996 1474 at
1019 1415 1199 1474 Latinarum
1224 1421 1277 1472 t.1
1302 1431 1335 1493 p.
1354 1413 1409 1492 75,
1435 1414 1490 1473 etsi

298 1537 335 1578 eo
357 1535 390 1578 se
407 1517 573 1577 inelinavit
596 1525 631 1577 ut
647 1515 879 1578 Lacedaemone
901 1516 1080 1576 oonvivium
1098 1513 1209 1576 baberi
1225 1514 1386 1594 erederet,
1410 1515 1492 1578 idem

297 1629 401 1682 tamen
426 1618 565 1680 laoobsio
586 1619 742 1705 adsensus
765 1629 813 1679 eat
835 1615 891 1679 nte
914 1621 1035 1702 συηῆρα
1060 1621 1200 1679 invooari
1229 1619 1386 1698 opinanti.
1434 1605 1489 1680 aad

297 1721 483 1784 libationum
515 1721 731 1784 faciendarum
762 1731 869 1801 postea
892 1720 1022 1782 dunum
1052 1721 1170 1783 nuntio
1193 1721 1242 1800 lit,
1275 1739 1384 1801 nequa
1410 1721 1491 1803 qnod

297 1825 342 1886 ibi
365 1824 484 1886 dieitur
511 1825 546 1886 ἐκ
568 1819 638 1894 Διὸς
661 1819 824 1909 ἀρχόμενοι
852 1823 893 1886 ad
916 1823 1064 1904 poculum
1085 1819 1155 1894 Διὸς
1177 1826 1312 1908 σωτῆρος
1337 1825 1490 1903 pertinet,

296 1929 353 1990 sed
376 1947 392 1989 a
411 1927 549 1988 Persidis
571 1938 660 2008 poeta
684 1925 726 1988 ad
748 1929 854 1989 lovem
869 1928 975 1988 Persei
998 1936 1122 2007 patrem
1144 1926 1311 1988 adsoendit
1332 1925 1376 1986 ab
1393 1945 1494 2007 eoque

297 2033 377 2112 regii
393 2030 711 2092 Lacedaemoniorum
728 2031 855 2110 generis
870 2030 1005 2109 gloriam
1018 2028 1161 2092 dednoit:
1178 2038 1344 2109 praeterea
1359 2029 1493 2115 χαιρέτω

294 2127 438 2218 ἡμᾶτερος
467 2128 607 2218 βασιλεύς
636 2135 767 2195 minime
795 2143 867 2214 apta
897 2141 945 2193 est
974 2134 1054 2193 loris
1082 2132 1249 2194 invocatio.
1302 2131 1355 2193 alii
1387 2151 1492 2213 regem

160 2303 169 2316 ,
298 2236 360 2298 diei
384 2248 538 2317 putarunt
561 2237 728 2315 Bacchum,
754 2237 966 2316 similiterque
982 2236 1170 2297 Welolterua
1193 2237 1316 2297 vinum.
1355 2237 1416 2316 qui
1437 2235 1495 2298 de-

295 2340 415 2401 bebant
444 2350 530 2400 oerte
559 2339 752 2400 sententiam
783 2357 872 2402 suam
903 2341 944 2402 ita
973 2339 1130 2400 adornare
1159 2349 1195 2400 ut
1223 2337 1371 2400 dicerem
1398 2335 1494 2420 prae-

294 2444 429 2504 cessisse
453 2442 556 2504 videri
579 2443 659 2504 alios
681 2460 793 2504 vorsus
822 2462 861 2503 ex
884 2441 1005 2522 quibua
1023 2441 1210 2522 adposuerit
1232 2441 1306 2521 quia
1329 2441 1385 2504 ille
1409 2452 1494 2505 esset

294 2541 446 2630 βασιλεύς,
472 2539 571 2630 wip
594 2569 626 2608 ra
648 2539 747 2630 πατήρ
767 2567 809 2608 re
852 2564 909 2608 nos
933 2544 1018 2624 quod
1041 2564 1081 2606 en
1104 2545 1183 2625 ipaia
1205 2561 1286 2624 quos
1306 2545 1494 2607 Athenaeus
1544 2547 1546 2552 '

293 2649 397 2710 attulit
431 2648 580 2710 versibus
613 2646 865 2709 oommadissime
898 2648 1039 2727 intellegi
1072 2657 1176 2726 potest
1209 2665 1272 2709 uon
1309 2658 1495 2727 repetamus

292 2751 423 2814 aliunde
451 2770 555 2831 neque
584 2751 721 2832 simplioi
751 2761 782 2812 et
810 2753 886 2812 satis
913 2759 1018 2811 certae
1046 2750 1300 2830 interpretationi
1323 2751 1494 2830 praelere-

293 2873 363 2916 mua
380 2855 533 2915 incertam
556 2863 652 2934 atque
674 2853 878 2934 opinabilem.
918 2853 990 2914 aliie
1005 2852 1148 2932 denique
1164 2847 1305 2936 βασιλιὸς
1320 2852 1387 2914 dioi
1404 2856 1494 2916 viam

293 2967 341 3020 est
363 2958 515 3036 magister
543 2959 692 3019 oonvirli.
739 2957 867 3038 negavit
896 2956 1096 3018 Hermannua
1125 2954 1226 3018 verba
1256 2955 1327 3035 illa,
1355 2956 1494 3043 χιιρότι

290 3055 436 3146 ἡμέτερος
458 3055 610 3144 βασιλεύς,
635 3055 735 3145 σωτήρ
756 3083 789 3124 τε
809 3054 909 3144 πατήρ
929 3081 974 3134 τε,
999 3061 1032 3121 in
1055 3077 1130 3121 eum
1147 3057 1307 3140 quadrare
1331 3063 1389 3140 qtai
1412 3061 1492 3124 al'm

291 3155 435 3249 ὃᾶρχων
457 3167 509 3225 τοῦ
532 3161 698 3245 apameiae
718 3163 847 3226 dieitur.
894 3165 920 3224 si
945 3163 1003 3226 hae
1023 3163 1139 3242 voluit,
1169 3154 1313 3246 oura‘pna
1336 3173 1369 3225 et
1392 3162 1492 3228 κατέ·-

292 3289 351 3352 poro
374 3268 502 3328 nomina
525 3285 542 3326 a
566 3265 707 3345 regibus,
733 3265 851 3347 quibus
874 3285 970 3347 saepe
989 3265 1142 3329 attributa
1157 3275 1244 3344 sunt,
1268 3283 1335 3328 nen
1349 3267 1494 3347 potuiaaa

292 3367 458 3430 transferri
483 3367 524 3430 ad
547 3363 790 3454 oopuootdpxoae
812 3371 864 3431 vel
886 3363 1101 3452 ᾰπιοτάθμους,
1125 3387 1189 3432 aon
1212 3378 1365 3449 putamus
1388 3371 1493 3434 teria-

291 3473 370 3534 aimo
392 3489 484 3534 usum
508 3491 578 3533 ease
601 3481 800 3552 argumento.
840 3473 941 3553 siquis
956 3473 1042 3534 enirn
1065 3471 1244 3535 ostenderit
1261 3469 1493 3558 ωμπωίηχον

291 3575 461 3638 aGmeois
491 3572 610 3636 diotum
640 3575 734 3636 etiarn
764 3593 835 3638 osse
858 3573 1005 3660 βωιλέα,
1035 3573 1126 3638 laeile
1155 3573 1324 3638 credemus
1347 3577 1494 3655 patuisse

267 3679 327 3739 tin
344 3696 419 3740 enm
434 3678 536 3738 ioooaa
551 3665 728 3739 translerri¹
744 3679 909 3758 magnilioa
925 3697 1035 3758 regum
1051 3680 1250 3758 eognomina.
1282 3678 1373 3758 atqui
1390 3680 1493 3757 nulle,

291 3772 445 3862 quantu'rn
469 3781 690 3858 meminimus,
723 3782 902 3843 testimonio
930 3791 1052 3844 onustat
1080 3773 1208 3866 βωιλέα
1235 3779 1412 3846 aGraeoia
1434 3782 1494 3846 ad·

291 3884 442 3964 pellatam
470 3901 540 3944 esse
572 3884 627 3963 qui
656 3885 800 3946 convivio
828 3895 1001 3964 praeesset.
1054 3903 1128 3948 narn
1158 3883 1243 3965 quod
1273 3884 1308 3946 iu
1337 3888 1492 3948 eonviva-

290 3985 376 4048 libns
398 3986 613 4048 Saturnalium
636 3985 721 4048 lodis
743 3981 882 4070 βασιλεὺς
904 3998 1169 4050 commemoratur
1189 3986 1232 4050 ab
1246 3985 1384 4052 Arriano
1402 3989 1490 4071 diap-

293 4089 395 4170 Epiet.
415 4108 424 4149 r
448 4087 488 4148 25
512 4099 545 4150 ot
567 4109 585 4151 a
605 4089 742 4152 Lucium
763 4091 891 4150 Satura.
916 4109 985 4170 aap.
1005 4093 1037 4169 l,
1061 4101 1098 4152 ut
1119 4091 1301 4160 omittamus
1323 4093 1490 4156 moulan

293 4211 355 4271 quo
379 4193 432 4253 illa
454 4193 574 4272 scripta
595 4203 670 4254 sunt
698 4202 731 4252 et
751 4191 1016 4255 consuetudinem
1037 4193 1171 4256 lertasse
1192 4195 1362 4258 Romanam
1389 4197 1491 4276 magia

293 4313 387 4373 quam
410 4293 579 4372 Graecam,
603 4303 690 4356 oerta
714 4294 852 4374 pertinet
875 4313 913 4356 aa
935 4315 987 4358 res
1009 4314 1071 4358 non
1095 4296 1286 4377 simplieiter
1306 4296 1348 4358 ad
1371 4321 1491 4382 aopsto-

294 4394 439 4482 σίιφχον,
470 4395 528 4458 aad
549 4395 591 4458 ad
613 4396 725 4458 ludum
747 4417 843 4477 quem
866 4398 974 4460 Pollux
996 4397 1150 4462 describit
1173 4419 1202 4460 aa
1226 4399 1301 4477 tte,
1328 4398 1491 4484 βασιλῆι

295 4497 348 4582 ptr
371 4490 424 4563 οὖν
438 4495 518 4562 dorla
532 4491 603 4562 droa
620 4493 878 4584 dtaalnpmda'arae
899 4493 917 4562 ‘o
940 4497 994 4582 pta
1009 4496 1149 4585 βασιλεὺς
1163 4496 1255 4586 τάττῃ
1277 4496 1488 4586 aimardus,
