3184 5108
367 369 454 430 lanea
477 388 643 430 aecrrouro
666 389 849 431 triennarum
869 371 961 430 1865.
1183 358 1257 428 299

86 557 170 636 possit
191 558 296 636 gravis
318 577 413 636 quani
437 559 581 620 nuntiata
603 559 734 620 Orestae
759 577 842 620 mors
864 560 968 621 attulit
992 561 1166 636 calamitas3
1200 580 1257 620 nc-

85 677 138 738 que
153 660 233 720 enim
256 659 297 720 ab
322 658 433 724 inieris
455 680 488 722 se
506 681 577 722 eum
601 681 693 740 posse
718 661 882 722 reducere.
931 663 1037 743 itaque
1060 663 1123 724 illie
1147 665 1259 724 rectis-

83 763 151 823 sime
172 783 204 824 se
226 761 323 825 habet
346 765 551 844 interrogatio
574 765 637 842 illa,
663 754 682 846 ἧ
704 759 773 834 τοὺς
792 759 938 836 θανόντας
954 759 1145 848 ἐξαναστήσω
1166 763 1253 840 ποτές

82 865 253 928 discussisse
277 865 426 929 videntur
448 868 578 928 Nauekii
601 879 788 928 commenta.
836 878 868 930 et
892 857 1002 929 tamenl
1027 870 1058 929 ia
1084 885 1280 948 argentea-t

81 969 184 1029 tatione
208 971 278 1032 eius
300 969 422 1050 aliquid
446 973 529 1032 inest
552 973 637 1031 veri:
672 989 864 1050 quamquam
887 990 928 1032 ne
951 971 1030 1034 illud
1053 970 1182 1050 quidem
1206 991 1258 1034 sa-

83 1073 117 1132 tis
143 1072 300 1152 explorate
330 1075 484 1153 percepit.
538 1075 688 1135 nimirum
719 1068 774 1137 οιίκ
803 1069 870 1137 ἔσθ’
898 1066 914 1137 ‘e'
938 1069 966 1158 γ’
995 1071 1077 1138 εἶπον
1108 1093 1169 1136 nan
1200 1073 1257 1136 oh-

80 1195 193 1238 scurum
211 1186 270 1253 est,
296 1175 353 1238 sed
376 1177 470 1256 plane
494 1179 648 1257 ineptum,
675 1196 745 1238 eum
764 1175 840 1240 lalsa
864 1197 897 1239 se
918 1188 973 1240 aut
996 1179 1100 1239 inania
1123 1178 1256 1240 locutam

81 1298 142 1340 csse
173 1281 296 1342 Electra
331 1299 393 1342 non
428 1281 526 1360 possit
560 1279 684 1358 dicere,
723 1279 807 1360 quad
841 1292 947 1342 autern
981 1281 1089 1342 dicere
1125 1277 1256 1342 lactasse

81 1393 180 1460 potest,
206 1376 261 1444 οιίκ
284 1379 347 1444 ἔστι
368 1377 451 1446 τοῦθ’
478 1373 495 1444 ὅ
518 1377 548 1466 γ’
576 1379 671 1458 εἷπον,
697 1383 749 1444 illa
773 1385 893 1446 ratione
916 1384 1085 1463 significari
1105 1395 1255 1464 nequeat.

79 1486 159 1564 atqui
180 1485 212 1546 in
237 1484 318 1546 libro
338 1487 547 1548 Laurentiano
570 1505 631 1546 non
655 1488 809 1566 scripturn
833 1497 881 1548 est
904 1480 958 1550 οὖν
981 1477 1042 1548 ἔσθ’
1069 1478 1084 1548 δ’
1107 1481 1136 1569 γ’
1161 1481 1254 1563 εἶπον,

80 1587 155 1666 quod
184 1589 366 1669 apographa
394 1588 522 1667 habent,
556 1609 667 1650 verunt
696 1583 750 1653 οὐκ
779 1584 846 1652 ἔσθ’
880 1581 928 1652 δ’δ’
962 1587 1055 1653 εἷπον.
1104 1600 1151 1651 est
1181 1609 1258 1651 sane

79 1691 113 1751 ad
140 1691 156 1752 δ
184 1692 324 1754 litteram
352 1691 393 1752 ab
429 1693 558 1771 antiqua
588 1712 682 1754 manu
720 1713 815 1774 supra
846 1693 1040 1772 adscriptum
1069 1716 1099 1775 γ,
1136 1692 1192 1754 sed
1221 1712 1258 1753 ea

80 1797 185 1874 littera,
211 1805 245 1856 ut
267 1796 459 1876 aliquotiens
482 1797 515 1856 in
539 1795 591 1858 illo
614 1795 696 1856 libre
719 1795 835 1858 lactum
859 1807 918 1875 est,
944 1815 1033 1858 error
1056 1815 1164 1858 errore
1189 1815 1259 1858 mu-

80 1909 154 1960 tatus
177 1908 235 1960 est.
283 1918 340 1961 nas
363 1897 448 1978 quod
478 1918 549 1960 curn
572 1900 729 1960 sententia
752 1900 845 1979 plane
869 1899 1004 1979 quadrat
1026 1899 1106 1960 alius
1133 1901 1259 1961 litteru-

80 1999 121 2060 lae
142 2001 361 2064 emendatione
386 2003 618 2082 reciperemus:
650 2021 756 2083 neque
778 2005 861 2065 enim
878 2002 1061 2066 dubitamus
1077 2003 1155 2082 quin
1179 2003 1259 2063 seri-

79 2103 210 2168 bendum
233 2106 275 2166 sit

134 2201 188 2271 οὔκ
209 2207 240 2280 ἐς
262 2201 325 2270 τόδ’
353 2203 453 2271 εἶπον·
487 2201 522 2271 οδ
544 2202 601 2290 γὰρ
625 2199 683 2268 ὧδ’
710 2198 813 2293 ἄφρων
836 2205 922 2294 ἔφυν,

77 2313 148 2391 quad
170 2311 359 2374 adhortabar
388 2319 414 2372 te
436 2318 469 2372 at
491 2311 674 2374 adsimilatis
703 2331 779 2374 eritis
809 2313 953 2388 solveres,
985 2332 1043 2374 πον
1073 2312 1144 2373 dr'oet'
1171 2313 1261 2393 poesi

80 2415 176 2476 cellam
204 2423 231 2476 te
261 2423 392 2476 niortoos
422 2413 460 2474 ab
488 2412 597 2495 inferis
633 2417 801 2478 suscitare:
840 2435 900 2476 nort
929 2417 1007 2476 ertias
1046 2423 1107 2476 tara
1139 2416 1260 2477 dentem

78 2537 149 2578 sirm.
213 2517 298 2580 haud
336 2516 534 2582 dissimiliter
568 2519 738 2600 Sophocles
775 2520 897 2580 locutus
931 2528 978 2580 est
1016 2521 1048 2579 in
1082 2520 1260 2580 Trachiniis

80 2640 105 2679 ν.
124 2622 195 2697 t03,
222 2615 257 2682 οδ
281 2615 309 2682 δ’
337 2619 368 2693 ἐς
390 2621 418 2686 τί
440 2617 477 2706 δή
503 2647 539 2706 με
567 2617 640 2686 τοῦτ’
668 2614 821 2707 ἐρωτήσας
844 2618 941 2705 ἔχεις;
975 2631 1083 2683 auctor
1109 2623 1259 2684 carminis

80 2725 155 2792 inter
177 2725 361 2786 Theocritea
384 2745 460 2786 mvn
485 2727 524 2786 55
556 2729 613 2810 φεῦ
636 2728 705 2810 peis,
730 2719 781 2787 aad
802 2718 855 2786 τάν
880 2721 981 2807 μίτραν
1006 2717 1189 2808 ἀπέσχισας·
1229 2724 1260 2795 ἐς

78 2821 148 2888 τίδ’
175 2824 303 2902 ἔλοσας;
337 2829 392 2891 nto
413 2832 472 2890 xe
503 2828 533 2900 ἐς
555 2828 584 2891 τί
614 2827 646 2892 δέ
672 2851 717 2890 νιν
746 2821 854 2890 πτανὸν
884 2821 934 2888 καὶ
960 2821 1106 2910 ἑκαβόλον
1136 2817 1259 2899 ὤπασας

78 2919 146 3010 ἦμεν
162 2923 215 3000 Ὡς
238 2925 279 3014 μὴ
302 2926 407 3014 πικρὸν
430 2925 518 2995 ἐόντα
542 2929 708 3014 δυναίμεθα
729 2935 816 3014 τῆνον
833 2925 955 3006 ἆλόξαις
983 2931 1145 3009 Philippus
1160 2928 1257 2991 Anah.

79 3033 156 3096 l‘lan.
176 3052 204 3094 ιν
232 3033 289 3094 t77
325 3033 356 3105 ἐς
384 3031 413 3096 τί
443 3031 477 3098 δὲ
505 3029 588 3098 ταῦτ’
616 3033 717 3104 ἐνέδος
741 3028 940 3118 ανδροκτόνα;
974 3033 1125 3094 lllaxinlus
1147 3034 1261 3113 Tyrius

79 3157 166 3198 ιιινιι
191 3141 222 3208 6,
262 3147 522 3200 commemoratus
556 3139 608 3198 ille
639 3157 709 3200 cunr
739 3139 808 3199 aliis
837 3158 853 3198 a
877 3136 1082 3198 l'alekenario
1109 3134 1184 3196 aida.
1220 3136 1261 3196 ad

79 3241 301 3317 l2ueaex129‚
332 3235 370 3302 τὰ
393 3237 426 3302 δὲ
448 3236 558 3303 τούτων
587 3233 771 3324 ἀρχαιότερα
801 3239 843 3310 εἰς
869 3237 896 3302 τί
917 3233 977 3323 χρὴ
1001 3237 1114 3322 λέγειν;
1149 3257 1261 3318 possu-

80 3362 143 3404 mus
164 3344 227 3404 alia
249 3341 380 3420 addere,
411 3343 467 3405 sed
499 3363 562 3404 non
585 3362 664 3423 opus
687 3352 735 3404 est
763 3343 796 3403 ia
823 3362 857 3404 re
881 3352 990 3422 aperta
1020 3352 1054 3403 ut
1079 3342 1175 3402 multa
1205 3361 1261 3402 eu-

79 3447 244 3508 titulentur.

159 3548 312 3610 Videmur
335 3549 426 3610 nobis
448 3549 626 3612 ostendisse
650 3551 682 3612 iu
707 3551 756 3610 his
779 3550 920 3610 Electrae
945 3547 1135 3627 Sophocleae
1157 3547 1262 3608 versi-

82 3651 136 3714 bus
164 3672 227 3713 aon
257 3653 354 3714 multa
384 3672 453 3714 esse
482 3651 657 3728 molienda,
691 3649 809 3712 nedum
841 3651 964 3732 inepta,
1002 3649 1058 3712 sed
1089 3651 1261 3712 mutatione

80 3755 187 3836 exigua
222 3753 378 3818 attendam
413 3775 494 3817 esse.
556 3755 632 3816 alias
667 3753 809 3817 eiusdem
844 3753 1023 3834 tragoediae
1059 3771 1186 3830 versus,
1229 3753 1260 3812 in

79 3857 191 3936 quibus
210 3857 420 3920 emendandis
438 3859 581 3920 homines
597 3858 680 3920 docti
703 3858 838 3920 multum
856 3855 1040 3918 laborarunt
1062 3857 1147 3918 nulla
1167 3855 1261 3934 plane

80 3961 296 4022 emendatione
320 3961 465 4042 indigere
482 3959 677 4022 docebimus
720 3961 852 4039 legimus
872 3959 946 4022 inde
965 3979 981 4020 a
1006 3978 1036 4018 ν.
1050 3956 1129 4018 toll
1153 3957 1259 4034 haece,

448 4057 590 4147 πρόδοτος
614 4061 647 4126 δὲ
671 4059 748 4146 μόνα
767 4055 888 4126 σαλεύει

134 4156 297 4250 Ἠλέκτρα,
326 4161 377 4229 τὸν
401 4161 449 4229 del
470 4160 580 4249 πατρὸς
605 4163 723 4230 δειλαία
745 4158 921 4250 στενάχοοσ’
949 4157 1029 4235 ὅπως
1058 4155 1263 4246 ἁπάνδορπος

224 4263 342 4353 ἀηδών,

139 4364 208 4436 οὔτε
229 4395 260 4434 τι
280 4373 332 4435 τοῦ
355 4371 457 4434 θανεῖν
486 4367 644 4456 προμηθὴς
666 4365 699 4434 τό
722 4395 753 4434 τε
777 4366 817 4454 μὴ
849 4370 966 4455 βλέπειν
990 4368 1105 4452 ἑτοίμα,
1136 4362 1261 4451 διδύμαν

225 4469 327 4538 ἑλοῦσ’
352 4468 480 4559 Ἐρινύν.
526 4471 569 4545 τίς
593 4465 628 4536 ἂν
651 4464 791 4559 εὔπατρις
814 4465 874 4537 ὧδε
896 4466 1034 4560 βλάστοις
