3186 5108
376 391 464 453 irnrx
487 409 652 454 merrom
676 407 860 453 ιιιιιιιιιιιιι
882 389 975 451 teos.
1201 373 1272 445 119

95 579 205 644 divulsa
221 579 393 644 videbatur
413 597 432 642 e
456 597 567 662 magno
584 577 720 663 quodem
737 580 896 642 volumine
919 579 1073 660 particula
1097 588 1130 640 et
1152 577 1276 642 indices

95 681 172 764 plura
195 683 441 765 promittebant,
467 684 547 746 nihil
570 681 757 746 dubitabam
779 683 858 763 quin
882 681 974 764 plura
996 680 1114 744 alicubi
1138 683 1171 744 in
1194 681 1276 744 Ger-

94 788 184 850 nunie
207 797 425 869 superessent.
464 797 560 868 etque
576 789 655 850 haec
669 785 800 868 quidem
824 795 916 848 crant
931 801 989 848 cur
1003 802 1061 866 ego
1075 785 1166 864 mihi,
1188 786 1278 848 velut

93 892 119 952 in
134 892 301 954 immensos
315 889 469 972 quasdam
492 905 569 972 opes
592 890 787 968 incidissem,
813 890 1061 970 congratularer.
1094 897 1275 952 contestan-

93 993 143 1056 dsc
162 994 262 1074 igitur
282 992 488 1074 gratitudinis
510 1010 599 1060 meae
622 1011 699 1075 erge
725 1003 757 1056 te
780 991 943 1073 bonasque
966 993 1089 1055 litteras
1111 993 1276 1054 occasione

92 1095 153 1159 deta
175 1097 261 1161 illico
284 1097 406 1161 Livium
429 1115 446 1159 a
470 1097 741 1178 praestantissimo
769 1094 940 1178 bibliopola
963 1093 1154 1158 nitidissime
1178 1111 1276 1157 excu-
1334 1121 1339 1134 ·

92 1217 168 1278 sum,
201 1200 300 1264 veluti
322 1209 407 1264 tetus
429 1209 553 1263 exteret
575 1201 738 1284 velutique
761 1201 823 1262 iarn
846 1209 931 1262 totus
952 1207 1061 1262 noster
1083 1207 1184 1276 esset,
1216 1197 1274 1260 tibi

91 1303 213 1382 oderre,
246 1304 372 1367 muneri
395 1302 490 1383 dare,
515 1303 573 1366 tibi
597 1315 629 1367 et
652 1305 698 1366 rei
723 1301 869 1385 publicae
892 1301 1066 1366 litterariae
1089 1317 1276 1364 consecrare

92 1406 178 1470 suini.
219 1421 325 1488 neque
340 1406 452 1470 dubito
467 1408 546 1488 quin
562 1413 597 1470 ut
612 1407 671 1469 hec
687 1423 832 1487 munere,
850 1407 941 1471 cuius
956 1415 991 1468 tu
1007 1405 1146 1488 pretium
1164 1405 1276 1466 rectis-

90 1512 160 1573 sime
181 1509 386 1592 perpendere
409 1521 441 1573 et
463 1512 600 1575 virtutes
628 1527 724 1592 quem
754 1511 891 1572 maxims
919 1507 1070 1572 admirari
1094 1509 1205 1571 soiitos
1228 1525 1273 1587 es,

90 1614 204 1677 nniinm
227 1631 367 1694 unquam
398 1613 571 1678 iucundius
600 1611 706 1676 offerri
730 1616 902 1695 potuisset,
934 1613 982 1674 sic
1003 1610 1044 1674 ab
1067 1629 1104 1674 eo
1126 1612 1218 1674 euius
1241 1621 1275 1675 tu

90 1717 179 1779 ritum
201 1719 326 1798 primns
347 1717 388 1778 ed
411 1717 538 1796 Ιιοιιιιιιι,
562 1727 599 1780 ιιι
620 1735 725 1798 spero,
752 1716 876 1796 frugem
901 1715 1055 1778 reduxisti
1079 1725 1111 1776 te
1128 1715 1275 1777 honorari

90 1821 273 1901 aequissime
296 1819 390 1882 ieras.
438 1837 544 1902 neque
567 1837 625 1900 ego
653 1820 738 1882 enim
761 1819 803 1882 ab
829 1817 881 1881 iile
905 1818 1013 1881 divine
1037 1819 1276 1882 conversatione

89 1933 135 1984 tua
156 1923 328 2004 quicquam
351 1923 403 1986 hic
425 1924 503 1986 mihi
524 1924 575 1986 vei
599 1924 737 1986 nominis
759 1923 811 1984 vei
832 1922 1010 1984 autoritatis
1031 1922 1183 2002 aucupari
1207 1930 1276 1984 stu-

89 2024 175 2104 debo,
200 2043 335 2107 quorum
352 2035 459 2088 temen
482 2036 658 2108 utrunque,
683 2023 791 2108 siquid
813 2026 941 2086 omnino
964 2034 1024 2103 est,
1050 2022 1109 2087 tibi
1124 2023 1273 2087 debetur.

89 2145 140 2191 cur
160 2131 261 2208 enim,
287 2145 422 2211 quaese,
448 2127 568 2192 nomini
590 2139 644 2192 tue
666 2129 799 2211 inclyto,
826 2129 987 2210 Phiiippo,
1020 2145 1109 2190 meae
1131 2127 1277 2191 obscuri-

90 2233 156 2295 tatis
177 2234 334 2298 consortio
355 2232 514 2298 nubecma
536 2234 601 2296 ulia
623 2229 766 2311 accedet,
791 2241 847 2294 eut
869 2251 886 2293 c
904 2275 1140 2292 .........
1162 2247 1277 2294 verear

89 2345 136 2398 tua
159 2339 191 2398 in
214 2356 265 2399 me
287 2337 340 2419 pie
361 2334 481 2417 officia,
515 2355 597 2418 quac
628 2345 715 2398 tauta
745 2344 873 2415 tamque
904 2334 1074 2415 conspicua
1103 2343 1178 2397 sunt
1201 2351 1275 2414 erga

88 2443 213 2503 omnes?
242 2439 299 2502 sed
328 2440 387 2504 hoc
415 2440 503 2502 setis.
551 2441 612 2501 iem
641 2455 735 2517 vero,
767 2435 853 2519 quod
882 2435 1111 2519 propemodum
1141 2439 1174 2500 iu
1201 2457 1277 2499 con-

89 2543 252 2606 suetudine
275 2554 335 2624 est,
361 2559 543 2624 quanquam
566 2544 766 2606 convenisset
788 2551 824 2604 ut
839 2542 929 2620 Livii,
955 2543 1046 2604 cuius
1061 2559 1112 2604 me
1133 2557 1203 2604 sors
1226 2542 1277 2602 in-

89 2645 186 2708 dicem
215 2657 247 2710 et
274 2647 450 2729 requisitae
478 2645 635 2710 libertatis
667 2645 758 2710 velut
785 2653 927 2708 autorem
959 2642 1094 2724 iecerat,
1131 2641 1277 2706 eiusdem

89 2765 196 2830 praeco
226 2767 330 2814 essem
358 2759 390 2813 et
418 2743 646 2834 ἐγκωμιαστής,
677 2759 712 2812 ut
741 2748 893 2830 quantulo
924 2750 952 2809 is
980 2763 1050 2812 sese
1081 2746 1173 2810 nobis
1196 2747 1277 2810 iorto

89 2853 208 2917 tortum
230 2854 385 2936 particule
407 2853 576 2932 obtulerat,
603 2859 711 2916 tentus
733 2851 889 2915 industrie
913 2859 944 2912 et
966 2850 1147 2932 eloquentie
1171 2859 1278 2914 nemra

90 2957 179 3021 buius
208 2957 368 3039 igniendus
395 2975 548 3038 emorque
583 2957 615 3019 in
644 2956 760 3046 animis
789 2953 1003 3018 studiosorum
1033 2953 1274 3033 accenderetur,

89 3079 149 3141 quo
176 3064 296 3143 gratius
325 3061 580 3142 mmutetiusque
608 3058 801 3125 beneficium
830 3067 915 3120 esset
944 3066 976 3119 et
1003 3057 1065 3118 iem
1087 3074 1151 3120 nou
1174 3057 1276 3120 solum

90 3164 227 3228 iortunae
256 3164 433 3228 sedetiam
462 3163 555 3227 nobis
582 3159 705 3244 aliquid
734 3181 751 3223 u
774 3159 925 3225 studiosis
946 3159 1139 3239 deberetur,
1171 3171 1277 3223 temen

89 3269 162 3348 quia
181 3269 241 3333 sub
256 3279 311 3334 tuo
333 3269 508 3350 patrocinio
524 3269 586 3330 iem
602 3264 702 3348 degit,
726 3283 789 3328 uon
812 3266 884 3327 eliis
906 3273 993 3325 certe
1016 3263 1167 3345 auspiciis
1182 3281 1277 3345 quem

90 3373 302 3452 gratiosissimi
325 3372 462 3434 nominis
484 3371 530 3435 tui
552 3368 724 3453 splendore
739 3365 892 3450 prodibit,
917 3368 1107 3449 praesertim
1129 3387 1201 3431 cum
1218 3369 1278 3429 im-

91 3475 211 3556 pudens
232 3475 382 3539 videatur
411 3493 481 3538 esse
504 3483 557 3538 tuo
586 3475 618 3535 iu
642 3482 816 3554 conspectu
843 3471 1005 3552 loquacius
1033 3489 1128 3551 agore
1152 3489 1277 3534 causam

89 3581 203 3642 autoris
225 3580 295 3642 eins
319 3579 373 3660 qui
403 3580 464 3640 nisi
488 3597 550 3659 que
580 3577 709 3657 scripsit
731 3575 911 3656 eloquentia
940 3592 997 3654 pro
1021 3574 1133 3636 merito
1155 3573 1278 3638 laudari

91 3700 152 3743 non
172 3693 284 3764 potest.
326 3691 357 3744 et
380 3701 438 3763 ego
454 3683 509 3744 vix
530 3679 606 3743 dum
631 3680 758 3742 reiectis
781 3688 812 3741 te
835 3678 916 3742 duee
940 3675 1149 3739 barbarorum
1173 3678 1275 3756 libris,

91 3787 121 3847 in
139 3786 251 3866 quibus
267 3785 421 3850 educatus
436 3784 568 3864 ineram,
591 3794 682 3866 perte
697 3784 809 3846 aetatis
824 3781 1026 3844 floridissime
1042 3790 1168 3863 peracte
1185 3781 1279 3843 hosce

92 3901 212 3954 autores
233 3899 289 3954 aut
311 3889 479 3972 percipere
504 3889 564 3951 iam
594 3889 733 3970 primum
756 3896 811 3948 eut
833 3885 912 3947 nihil
945 3885 1068 3948 iliorum
1093 3893 1278 3966 perceptum

92 4013 108 4054 a
132 4013 178 4058 me
199 3996 353 4058 hactenus
376 4013 446 4058 esse
466 3992 644 4073 intelligere
667 3991 771 4072 coepi;
799 4009 882 4070 quae
898 3988 1029 4069 quidem
1053 3988 1276 4051 etiamsinon

92 4095 257 4176 obstarent,
284 4107 388 4160 temen
414 4094 500 4158 haud
522 4096 586 4158 scio
608 4113 648 4156 an
672 4095 741 4157 sinc
764 4092 879 4156 acerba
901 4092 1019 4154 sacculi
1043 4091 1142 4153 nostri
1167 4111 1279 4173 repro-

94 4200 237 4264 hensione
267 4199 466 4282 possitLivii
491 4197 682 4261 causedici.
730 4216 793 4279 quo
817 4197 920 4274 euim,
953 4213 1088 4276 quaeso,
1121 4197 1279 4277 pertineat

96 4313 230 4370 veterum
253 4311 456 4367 monumenta
479 4301 628 4365 laudibus
650 4303 785 4378 vehere,
815 4316 949 4380 quorum
973 4298 1117 4379 exempla
1141 4309 1204 4362 tarn
1228 4319 1280 4362 so-

95 4405 178 4486 brie,
208 4418 269 4470 tanr
299 4407 481 4486 enucleate,
514 4415 577 4468 tem
607 4406 835 4486 circumspecte
858 4401 962 4464 omnia
991 4400 1153 4464 scribendi
1177 4421 1278 4484 usque

95 4509 171 4571 adeo
201 4512 403 4594 negliguntur
437 4508 743 4592 despiciunturque,
783 4525 926 4588 quosque
961 4505 993 4566 in
1029 4504 1175 4568 manibus
1207 4525 1278 4567 curu
