3268 5108
384 389 473 449 lunnx
496 404 660 448 enarrarre
684 403 867 448 arcanarum
886 386 979 448 tati.
1233 371 1279 444 53

92 575 170 656 quod
196 580 315 639 rectius
337 598 432 658 quam
463 578 495 639 in
525 576 589 638 illis
619 577 773 655 scriptum
803 576 845 638 sit
868 578 965 656 quin,
998 587 1033 640 ut
1057 577 1158 638 Caroli
1182 577 1282 638 Lach-

92 683 193 742 manni
216 681 327 744 verbis
349 692 487 759 utamur,
520 700 561 742 ne
584 677 776 740 mediocrem
800 678 930 760 quidem
954 681 1163 741 coniectorem
1188 679 1281 741 ieiel-

93 785 184 845 iisset.
233 785 266 846 in
290 784 397 847 codiee
421 794 527 847 autem
550 781 741 844 Bernerdini
764 782 882 861 Veliae,
909 803 972 864 quo
994 784 1178 846 Franciscus
1201 785 1281 847 Puc-

92 888 153 950 oius
181 907 261 952 usus
292 897 351 968 est,
384 888 469 951 baud
498 905 598 969 pauca
627 904 709 966 quae
739 886 771 947 in
794 886 997 968 Neapolitano
1025 896 1056 948 ct
1078 885 1280 968 (ironingano

92 991 196 1054 titiosa
218 1001 294 1055 sunt
317 1002 405 1054 recte
427 991 595 1054 emendata
611 998 714 1068 erant,
739 987 797 1050 sed
819 999 854 1052 ut
876 989 963 1052 nulla
985 991 1028 1051 sit
1044 1007 1154 1052 eorum
1171 999 1280 1053 auoto-

93 1095 163 1156 ritas
184 1095 246 1158 uisi
271 1114 367 1177 quam
397 1095 494 1159 hebet
521 1095 641 1158 veritas
671 1091 856 1155 conicienda
886 1095 1027 1156 inventa.
1074 1111 1147 1156 uam
1178 1094 1280 1157 inter-

91 1199 222 1276 polatum
247 1197 345 1261 inisse
368 1199 453 1261 hunc
468 1198 608 1261 codicem
631 1195 754 1278 liquido
772 1195 959 1258 confirmare
981 1215 1166 1277 possumus:
1193 1197 1280 1260 unde

92 1320 150 1362 non
172 1302 251 1364 levis
280 1303 418 1384 suspicio
448 1303 549 1366 oritur
576 1319 639 1363 non
669 1298 768 1362 luisse
797 1301 1072 1382 antiquissimum,
1113 1320 1208 1382 quem
1238 1301 1279 1363 ad

94 1404 212 1467 modum
229 1407 361 1469 Paccius
384 1406 472 1486 dicit,
498 1404 633 1469 sedant
657 1402 809 1468 fefellisse
833 1405 939 1484 specie
955 1405 1123 1467 vetustatis
1151 1403 1193 1486 (et
1216 1405 1279 1466 sci-

94 1528 157 1570 mus
178 1510 303 1572 saeculo
325 1511 438 1592 quinto
461 1509 585 1572 decimo
608 1506 762 1589 quosdam
784 1505 933 1570 librarios
952 1509 1169 1588 antiquiorum
1191 1509 1278 1570 litte-

93 1632 191 1674 rerum
214 1614 330 1676 formas
360 1615 496 1676 imitatos
519 1599 610 1695 esse)¹
639 1619 694 1674 aut
715 1611 864 1673 Pnacium
893 1630 950 1673 nos
980 1609 1091 1673 fellere
1119 1629 1184 1674 nou
1208 1623 1301 1674 rarat

95 1716 150 1777 illis
171 1715 367 1799 temporibus
396 1718 429 1778 in
452 1714 649 1779 aestimanda
672 1712 826 1777 librorum
849 1723 1005 1776 vetustate
1036 1714 1279 1795 magniloquen-
1329 1763 1331 1766 .

96 1821 142 1880 tia.
186 1840 225 1882 ex
253 1820 408 1883 librorum
439 1821 536 1902 igitur
558 1818 754 1900 Neapolitani
778 1827 809 1880 et
831 1817 1026 1898 Groningani
1056 1819 1278 1900 conparatione

97 1941 126 1982 oa
149 1943 227 2004 qnae
258 1923 300 1986 de
328 1921 525 1987 carminibus
553 1941 617 1985 non
640 1922 737 1985 nullis
759 1921 914 2004 Propertii
944 1921 1137 2003 disputaturi
1167 1941 1278 1985 moruus

97 2025 282 2108 pendebunt,
313 2037 472 2110 quatenus
502 2026 581 2108 quid
604 2028 637 2088 in
659 2025 847 2107 archetypo,
879 2035 914 2089 ut
942 2023 1069 2106 dicuni,
1103 2027 1277 2107 exemplari

98 2129 199 2191 lectum
222 2131 319 2210 iucrit
342 2131 590 2213 explorabimus.
638 2139 766 2192 utemur
795 2137 901 2192 autem
932 2131 964 2192 in
994 2129 1278 2192 commemorandis

98 2233 276 2297 carminibus
306 2236 354 2298 eis
380 2235 535 2298 librorum
560 2234 799 2314 elegiammque
828 2235 972 2296 numeris
1002 2253 1081 2315 quos
1103 2234 1277 2295 Lachman-

99 2353 149 2397 nus
169 2338 403 2420 exemplaribus
432 2357 514 2401 anno
538 2355 738 2399 uocoouxrrm
761 2357 778 2398 a
801 2355 837 2398 se
860 2335 955 2399 editis
982 2336 1167 2418 adscripsit:
1203 2355 1276 2398 nam

99 2458 235 2502 summum
259 2461 370 2505 eorum
392 2461 474 2523 quae
497 2459 580 2504 enno
602 2459 737 2501 nneccxr
761 2440 802 2503 de
824 2439 979 2504 librorum
999 2441 1275 2522 Propertianorum

100 2560 215 2606 numero
244 2555 275 2607 ct
297 2545 454 2608 divisione
479 2545 663 2626 disputavit,
697 2543 757 2606 etsi
788 2544 821 2605 in
845 2543 1037 2624 quibusdam
1068 2541 1165 2606 rebus
1194 2562 1276 2624 quae

101 2645 205 2708 nullum
239 2658 432 2712 momentum
466 2647 586 2710 habent
615 2647 746 2726 erravit,
778 2647 864 2710 nulla
901 2666 1007 2728 neque
1037 2656 1157 2709 temere
1187 2645 1276 2708 oblo-

101 2750 203 2827 quendi
219 2773 323 2834 neque
340 2761 498 2814 contortas
514 2752 707 2814 ratiunculas
724 2750 934 2814 concludendi
955 2751 1165 2832 perversitate
1186 2749 1276 2812 labe-

102 2849 226 2916 factatam
249 2875 320 2918 esse
344 2857 573 2922 existimamus.
642 2940 644 2942 Ι

171 2959 275 3041 ltaque
291 2961 324 3021 in
342 2961 445 3040 quarti
465 2958 540 3021 libri
556 2959 696 3021 carmine
711 2958 814 3038 primo
830 2958 909 3019 baec
923 2958 1074 3038 leguntur
1090 2955 1182 3040 (ν.,23
1200 2956 1272 3038 ss),

210 3065 311 3126 omaso
329 3070 399 3146 post
419 3061 530 3124 obitum
549 3063 636 3146 etrapit
658 3062 778 3123 maiora
799 3068 955 3124 vetustos:

286 3167 388 3230 maias
411 3166 448 3228 ob
471 3168 610 3248 exequiis
632 3185 739 3228 comeo
763 3165 794 3226 ia
816 3185 873 3227 oro
895 3165 986 3227 venit.

212 3290 281 3332 nom
303 3273 371 3353 qais
394 3288 467 3352 equo
486 3270 597 3352 pulsas
619 3269 743 3352 abiepoo
765 3276 901 3332 nosceret
922 3287 1022 3344 orces,

283 3374 471 3456 flumineque
493 3375 658 3436 Haemonio
681 3375 847 3435 cornminus
869 3373 929 3435 isse
950 3373 1028 3450 viro,

212 3477 335 3541 Idaeam
358 3477 513 3540 Simoenta
535 3477 617 3540 Ioves
640 3476 795 3540 manbota
813 3476 918 3558 porei,

285 3583 416 3644 Hectora
435 3599 493 3663 per
515 3598 636 3662 compos
659 3587 705 3642 ter
726 3579 899 3642 maculasse
920 3583 1027 3642 rotas?

213 3684 449 3768 Deiphobumque
463 3684 665 3766 Helenumque
681 3697 708 3746 et
724 3683 943 3765 Polydamanta
960 3690 987 3744 et
1007 3684 1038 3744 io
1054 3686 1150 3744 ermis

285 3790 531 3872 qtmlemeamque
553 3789 649 3850 Paria
672 3788 729 3849 vtae
751 3806 815 3850 sacr
832 3793 931 3849 nosset
952 3785 1073 3848 bamus.

214 3893 320 3977 eaiptto
343 3911 480 3956 sermone
498 3891 583 3974 sores
605 3909 697 3967 eoae,
725 3891 804 3953 Ib'oo
826 3897 853 3952 et
876 3897 908 3953 ta

289 3999 380 4059 Troia
401 3995 447 4059 tte
471 3995 576 4059 Oetaei
595 3997 718 4056 nomine
743 4001 833 4075 copta
855 3993 914 4056 dei.

215 4118 264 4162 aec
284 4119 343 4162 ooo
367 4100 418 4162 ille
440 4100 486 4162 tui
507 4115 597 4162 casus
620 4105 802 4160 meatorator
824 4099 973 4160 Homerus

282 4205 458 4286 posteritate
479 4221 569 4265 atam
591 4219 727 4264 crescere
748 4201 842 4266 sensit
863 4219 949 4283 opes.

112 4301 245 4368 praeclara
273 4307 376 4368 omnia
391 4315 478 4368 'sunt
498 4314 628 4387 praeter
650 4306 713 4384 illa,
747 4305 872 4367 Idaeum
895 4305 1047 4366 Simoenta
1070 4306 1151 4365 iovis
1173 4323 1270 4365 eoae»

114 4391 277 4483 talepore.
322 4431 419 4492 quem
442 4428 570 4474 versum
594 4409 812 4471 Lachmannus
835 4428 918 4470 anno
940 4427 1087 4485 ancocxr,
1120 4426 1192 4470 cum
1219 4407 1269 4468 in-

116 4509 200 4576 elituu
226 4529 289 4575 esse
320 4515 529 4577 intellexisset
558 4513 756 4594 vidissetque
791 4521 948 4595 postrema
977 4510 1040 4574 duo
1074 4511 1143 4574 eius
1171 4509 1269 4574 verite
