3204 5104
152 1201 322 1299 unni
354 1199 671 1298 sacricium
701 1198 1068 1298 inserviam
1104 1210 1229 1302 occ.

102 1453 188 1564 Cum
212 1504 421 1581 cogitaremus
437 1520 531 1582 quam
548 1500 794 1582 disputationem
810 1503 987 1566 scholarum
1004 1505 1146 1583 proxima
1163 1515 1281 1567 aestate

101 1603 310 1666 habendarum
329 1606 561 1667 enumerationi
577 1604 786 1683 adderemus,
814 1617 958 1686 repetere
974 1607 1076 1668 visum
1100 1617 1146 1670 est
1164 1610 1196 1668 L.
1214 1606 1282 1670 An-

100 1726 208 1770 naeum
225 1709 393 1786 Senecam,
420 1709 451 1768 in
475 1709 566 1770 cuius
589 1707 679 1770 libris
701 1719 774 1770 ante
797 1709 854 1771 hos
871 1729 996 1772 meuses
1011 1708 1182 1772 octodecim
1206 1731 1281 1772 eon-

99 1808 184 1889 plura
214 1810 455 1872 emendavimus
483 1821 519 1873 ut
547 1813 709 1892 specimen
739 1811 888 1874 daremus
917 1831 1033 1893 operae
1064 1814 1094 1875 in
1126 1815 1279 1894 ingeniosi

101 1913 228 1976 hominis
258 1915 387 1994 scriptis
416 1933 478 1976 non
509 1914 683 1992 inutiliter,
716 1925 803 1977 certe
833 1935 895 1978 non
925 1917 995 1977 siue
1025 1915 1181 1978 industria
1205 1935 1280 1978 con-

99 2015 221 2078 locatae.
269 2017 363 2079 aliam
387 2017 483 2096 igitur
505 2028 627 2098 partem
652 2017 838 2081 mendorum
862 2017 980 2099 quibus
1002 2018 1101 2082 obsita
1125 2029 1199 2082 sunt
1221 2021 1281 2081 tol-

98 2119 160 2181 lere
184 2137 266 2182 nune
290 2119 502 2182 studebimus.
550 2120 634 2200 quod
659 2123 698 2182 ita
721 2122 835 2184 lecturi
857 2141 967 2184 sumus
989 2131 1024 2184 ut
1046 2141 1152 2202 neque
1168 2141 1280 2204 opero-

97 2223 175 2286 siore
203 2243 298 2304 quam
327 2241 389 2303 qua
419 2232 485 2286 tum
515 2225 563 2286 usi
591 2243 700 2288 sumus
729 2236 856 2288 utamur
877 2227 1151 2304 argumentatione
1174 2244 1279 2306 neque

98 2325 331 2406 locupletiorem
348 2325 536 2389 eruditionis
551 2325 736 2407 adparatum
754 2329 989 2408 conquiramus.
1029 2346 1101 2389 nam
1121 2329 1148 2390 si
1166 2331 1281 2390 mentis

96 2429 191 2490 aciem
213 2428 392 2492 intenderis
415 2439 445 2492 et
469 2429 615 2492 idoneam
638 2432 736 2494 Latini
760 2431 915 2492 sermonis
937 2431 1147 2510 cognitionem
1169 2451 1281 2494 usum-

98 2548 156 2608 que
178 2533 324 2595 attuleris
347 2532 416 2594 eius
436 2531 564 2595 dicendi
586 2532 825 2596 consuetudinis
848 2553 910 2614 qua
925 2531 1075 2596 annaeus
1098 2553 1179 2614 quac
1202 2533 1280 2597 sub-

97 2633 190 2696 tiliter
210 2637 360 2716 cogitavit
381 2637 525 2716 argutius
540 2655 652 2719 saepe,
677 2636 735 2699 sed
750 2639 903 2699 concinne
926 2655 1031 2717 neque
1056 2636 1122 2698 iere
1145 2635 1281 2701 obscure

98 2735 198 2816 eloqui
220 2738 317 2817 solet,
343 2738 422 2798 nihil
447 2757 636 2820 magnopere
660 2741 837 2820 requiritur
857 2751 891 2802 ut
908 2758 988 2820 quae
1006 2743 1038 2800 in
1054 2741 1194 2801 oratione
1210 2742 1281 2802 eius

97 2837 295 2902 librariorum
326 2851 358 2902 et
387 2839 548 2904 doctorum
578 2845 672 2905 etiam
704 2844 865 2905 hominum
889 2843 980 2921 eulpa
1008 2841 1179 2923 depravata
1206 2854 1280 2906 sunt

97 2943 229 3024 corrigas
252 2953 307 3006 aut
330 2943 495 3025 intellegas
516 2945 629 3006 saltem
651 2965 720 3009 esse
744 2944 928 3026 depravata.

177 3048 305 3110 lnitium
328 3045 491 3110 scribendi
514 3049 668 3110 sumimus
690 3047 730 3110 ab
754 3050 882 3110 invento
906 3048 1041 3128 quodam
1066 3058 1171 3111 nostro
1194 3051 1279 3130 quod

98 3151 212 3211 meliori
242 3148 359 3212 cedere
388 3149 534 3212 facillime
564 3151 733 3231 patiemur.
782 3153 814 3214 in
838 3151 960 3232 dialogo
983 3171 1016 3213 m
1046 3153 1113 3214 sive
1136 3151 1177 3215 de
1202 3153 1279 3215 irai

100 3251 110 3309 l
137 3255 153 3314 l
184 3253 359 3315 irascentes
388 3251 625 3316 describuntur.
670 3255 808 3338 doment
837 3275 873 3318 oe
902 3257 1013 3318 micent
1041 3255 1136 3334 oculi,
1169 3257 1281 3318 multus

98 3373 145 3416 ore
173 3364 230 3420 toto
262 3355 356 3418 acor
384 3363 584 3419 eaeuestuonte
614 3356 652 3420 ac
682 3359 749 3420 imis
775 3357 967 3438 praecordiis
995 3359 1160 3441 sangiune,
1191 3357 1282 3422 lubre

97 3459 288 3538 quatiuntur,
320 3458 422 3521 dentes
451 3462 701 3540 conprimuntur,
734 3462 858 3522 lrorrent
881 3481 917 3522 oe
939 3459 1141 3544 subriperetur
1163 3462 1277 3542 capilli,

95 3562 216 3641 spiritus
232 3570 353 3624 coactus
373 3581 409 3623 oe
424 3563 573 3639 streilens,
599 3565 798 3626 articulorum
815 3565 942 3644 seipsos
959 3565 1158 3645 torquentium
1174 3581 1278 3642 sonus,

94 3665 215 3744 penitus
239 3666 428 3748 crepitusque
449 3672 478 3726 et
495 3685 610 3746 parum
632 3667 809 3748 emplonotis
832 3665 952 3730 roribus
975 3685 1073 3764 serpw
1093 3673 1281 3748 praeruptus

96 3774 119 3828 n
140 3770 299 3850 conplosae
314 3769 437 3849 saepem
453 3787 562 3830 neonus
581 3777 609 3831 et
626 3771 753 3850 pulsato
775 3769 883 3832 humus
903 3769 1031 3852 pedibus
1054 3779 1081 3832 et
1103 3777 1194 3832 totum
1210 3789 1282 3832 con-

96 3871 181 3932 citum
202 3889 314 3951 eorpus
337 3889 522 3954 mepucsquo
544 3872 611 3934 irae
625 3874 726 3935 minos
741 3891 851 3954 opens,
873 3873 965 3955 foedo
987 3875 1056 3936 sisu
1079 3880 1106 3935 et
1127 3871 1282 3934 torrendo

93 3971 183 4050 sucus
211 3974 448 4055 depravantium
478 3991 510 4036 se
533 3981 620 4056 ntqtre
646 3977 914 4038 intumescentium.
963 3977 1106 4056 ineptum
1130 3985 1179 4036 est
1202 3975 1280 4037 illud

95 4095 203 4158 eorpus
227 4095 357 4157 magnas
376 4078 441 4139 irae
457 4077 559 4140 minas
574 4096 682 4159 egens.
722 4089 927 4159 praepostere
950 4079 1035 4142 enim
1060 4080 1091 4140 in
1116 4079 1281 4140 irascentis

95 4177 306 4263 descriptione
336 4183 683 4260 commemoraturus,
717 4199 823 4260 neque
848 4182 950 4244 minae
973 4183 1096 4262 corpori
1121 4190 1206 4244 reete
1228 4182 1280 4244 rel

95 4286 260 4364 perspicue
283 4283 518 4364 attribuuntur,
552 4283 692 4365 denique
715 4286 814 4346 minus
837 4301 930 4367 operis
953 4283 1126 4346 insolenter
1147 4284 1277 4348 dicitur.

96 4383 153 4446 leni
177 4387 351 4450 mutatione
376 4386 454 4449 haec
476 4405 538 4448 non
560 4405 728 4468 possumus
759 4385 948 4465 emendare,
981 4385 1039 4449 sed
1061 4386 1210 4449 videmur
1232 4397 1282 4449 tu-

98 4507 166 4552 men
188 4489 282 4552 nobis
304 4507 368 4551 non
392 4489 472 4552 male
496 4500 608 4572 putare
625 4491 776 4553 Senecam
800 4492 845 4552 sie
861 4489 928 4554 sere
944 4491 1121 4571 scripsisse,
1146 4497 1174 4552 et
1189 4497 1280 4552 totum
