3184 5108
357 415 445 476 hmsx
469 433 634 475 ιευτιυιινκ
657 432 841 476 ursmarus
862 415 956 474 tuos.
1179 398 1249 472 301

79 625 146 686 χοιο.
192 621 227 664 κν
249 605 288 666 ht
312 599 367 684 ἐμὲ
390 597 417 662 δ’
445 596 511 666 οὐδ’
540 593 580 675 ὧς
603 596 699 686 θυμόν
722 597 799 664 ἀνίει
820 594 948 686 Ἀίηχὴς
971 593 1063 684 όδόνη
1081 594 1254 686 Ἡρακλῆος

81 703 172 768 θείοιο.
218 706 278 768 Οιί.
297 706 374 768 κεῖ
403 702 586 792 Τηλέμαχον
615 700 643 768 δ’
671 700 729 792 οὐχ
759 697 848 776 όπνος
878 702 931 791 ἔχε
953 697 1080 788 γλυκύς,
1120 698 1183 767 ἀλλ’
1210 700 1255 766 ἐνί

80 809 156 895 θυμῷ
176 803 280 873 Νόκτα
302 804 343 872 δι’
369 805 535 894 ἀμβροσίην
559 801 752 892 μελεδήματα
773 801 884 894 πατρὸς
912 804 1036 892 ἔγειρεν.
1085 807 1256 888 Sophocles

80 915 178 974 Trach.
204 914 237 973 st
272 909 350 996 πλὴν
377 909 446 995 ἐμοί
473 907 581 996 πικράς
607 907 725 984 Ὠδῖνος
754 905 845 975 αδτοῖι
873 905 1052 996 προσβαλεῖν
1083 903 1252 996 ἀποίχεται.

80 1016 148 1076 Phil.
166 1015 220 1076 75⁴
254 1013 283 1079 τί
312 1011 340 1078 δ’
367 1014 446 1080 ἔστιν
475 1006 554 1082 οότω
583 1010 711 1101 νεοχμὸν
739 1013 879 1099 ἐξαίφνης
909 1005 979 1078 ότυυ
1005 1008 1135 1097 Τοσήνδ’
1171 1007 1256 1097 ίυγήν

78 1113 122 1180 καί
141 1119 240 1186 στόνον
271 1123 380 1182 σαυτοῦ
402 1119 513 1196 ποιεῖς;
547 1119 718 1199 Euripides
741 1119 808 1181 Hel.
830 1118 910 1178 ⁴335
942 1109 1041 1202 πηγάς
1069 1111 1098 1180 τ’
1125 1111 1257 1201 ἀμπαόει

79 1218 209 1308 δροσερὰς
236 1226 351 1286 λευκῶν
389 1217 546 1308 ἐκβάλλειν
575 1216 691 1287 ὑδάτων
726 1220 831 1284 πένθει
864 1216 971 1293 παιδὸς
1006 1213 1139 1306 ἀλάστιρ.
1194 1239 1256 1282 non

80 1326 168 1406 magis
189 1345 205 1389 a
229 1327 419 1389 Graecorum
444 1325 572 1389 dicendi
595 1324 826 1388 consuetudine
845 1323 996 1387 abhorret
1018 1322 1104 1405 quod
1127 1343 1167 1386 ex
1189 1346 1257 1386 στε-

78 1423 203 1513 νάχουσα
229 1430 329 1492 νοτίου
365 1428 574 1510 repetendum
606 1449 675 1491 esse
710 1447 877 1492 censemus
913 1419 1090 1510 στεναγμόν.
1144 1429 1187 1490 ita
1216 1447 1257 1488 ex

79 1526 162 1602 ῖεόξω
185 1533 396 1614 repetendum
418 1542 466 1594 est
489 1525 628 1615 ίεόγλαις
650 1533 683 1593 in
705 1531 852 1613 Aeschyli
870 1530 1105 1613 Agamemnone
1125 1551 1156 1592 v.
1174 1531 1256 1591 tace

80 1635 125 1712 ih,
153 1631 201 1698 τὸν
224 1633 258 1698 δέ
281 1631 322 1721 μή
345 1629 513 1720 πειθάνορα
535 1627 636 1705 Ζεόξω
663 1632 798 1720 βαρείαις
824 1625 889 1698 oiim
912 1630 953 1719 μὴ
976 1628 1155 1719 σειραφόρον
1180 1627 1257 1718 Κρι-

80 1735 171 1801 θῶντα
198 1743 309 1803 πῶλον.
364 1739 548 1820 conparavit
575 1736 619 1799 ibi
644 1741 843 1801 Hermannus
871 1737 955 1818 quod
977 1736 1151 1800 Aeschines
1180 1736 1258 1800 dicit

79 1859 119 1900 or.
144 1843 175 1902 in
199 1843 339 1923 Ctesiph.
366 1841 438 1925 §43
469 1835 538 1914 τυθς
561 1839 594 1904 δέ
617 1836 910 1927 ἀνακηρυττομένους
932 1841 963 1904 ἐν
985 1844 1029 1926 τῷ
1051 1833 1170 1925 θεάτρῳ
1192 1837 1258 1923 μεί-

79 1943 137 2010 ίοει
157 1945 302 2028 τιμᾶσθαι
322 1949 382 2008 τῶν
405 1939 461 2008 hard
483 1948 535 2009 τοῦ
558 1939 654 2028 δήμου
677 1943 937 2030 στεφανουμένων,
969 1944 1025 2006 ubi
1056 1946 1087 2006 in
1111 1963 1173 2006 uno
1198 1943 1258 2005 aii-

80 2065 135 2126 quo
158 2047 238 2110 libro
260 2049 360 2132 τιμαῖς
390 2059 460 2129 post
483 2045 598 2131 μείζοσι
626 2047 785 2111 adiectum
810 2059 869 2110 est.
914 2058 1037 2130 poterat
1060 2048 1151 2129 plura
1174 2067 1260 2108 oom-

80 2169 246 2214 memorare
270 2163 302 2214 et
325 2153 476 2215 certiora:
511 2170 584 2214 nam
614 2153 715 2232 siquis
745 2149 861 2233 μείζοσι
888 2161 1037 2214 neutrum
1065 2170 1134 2214 esse
1156 2159 1257 2232 putet,

78 2271 134 2314 non
156 2256 247 2318 facile
276 2257 392 2336 poterit
421 2253 581 2334 redargui.
635 2255 692 2318 sed
715 2254 886 2336 Euripides
915 2274 987 2318 cum
1015 2254 1094 2317 dicit
1123 2257 1156 2316 in
1180 2255 1260 2316 Her-

78 2358 141 2417 cute
165 2356 290 2421 iurante
313 2379 344 2420 ν.
365 2359 425 2419 tto
452 2351 502 2420 τὸν
523 2355 694 2421 καλλίνικον
719 2351 793 2440 μετὰ
816 2357 894 2422 θεῶν
918 2351 1089 2441 ἐκώμασεν,
1120 2377 1160 2420 ex
1182 2350 1260 2419 ἐκτό-

77 2481 164 2540 μασεν
198 2461 448 2542 intellegendum
479 2470 527 2522 est
560 2463 660 2544 κῶμον
695 2463 815 2542 pariter
847 2471 943 2542 atque
977 2455 1058 2546 ᾠδάν
1093 2481 1133 2523 ex
1166 2454 1260 2523 ἀείσω

76 2581 104 2622 ν.
122 2565 181 2624 678
211 2562 255 2628 ἔτι
286 2559 340 2628 τάν
364 2556 550 2649 Ἡρακλέους
583 2561 754 2627 καλλίνικον
786 2559 888 2628 ἀείσω.
941 2565 1088 2626 similiter
1122 2565 1262 2644 loquitur

77 2663 297 2748 Aristophanes
320 2669 379 2748 Eq.
405 2687 436 2728 v.
455 2668 508 2748 50,
534 2657 560 2728 ιῖι
583 2665 678 2752 Δῆμε,
710 2669 816 2732 λοῖισαι
839 2671 956 2753 πρῶτον
986 2661 1147 2739 ἐκδικάσας
1176 2666 1258 2751 μίαν,

80 2770 150 2832 ie.
176 2769 260 2856 δίκην
284 2769 366 2854 μίαν.
413 2771 491 2832 Itan.
517 2791 548 2832 v.
568 2773 641 2851 itit),
675 2771 780 2834 δοῦλον
805 2765 859 2835 οόκ
881 2762 958 2855 ἀγω,
984 2765 1021 2833 Et
1044 2765 1086 2854 μή
1109 2763 1260 2853 νεναυμά-

76 2862 156 2957 χηκε1
178 2869 232 2958 τήν
253 2870 322 2960 περί
343 2877 402 2938 τῶν
425 2875 534 2960 κρευῖν,
565 2876 718 2938 nimirum
749 2867 849 2961 μάχην
874 2875 927 2936 vel
948 2872 1133 2960 ναυμαχίαν.
1180 2873 1285 2936 Plutia

79 2995 106 3035 v.
124 2979 184 3038 sto
210 2981 273 3061 μῶν
297 2968 348 3041 οὖν
372 2971 508 3062 ἐμυήθης
532 2972 596 3062 δῆτ’
622 2978 653 3042 ἐν
678 2973 759 3064 αὐτῷ
780 2973 819 3041 τά
841 2971 974 3062 μεηάλα;
1008 2977 1063 3040 uhi
1093 2977 1179 3058 quod
1210 2977 1261 3038 in-

77 3079 287 3161 tellegendum
305 3091 352 3143 est
376 3075 524 3166 μυστήρια
546 3082 693 3143 similiter
714 3083 818 3144 omisit
836 3083 920 3142 Plato
943 3082 976 3141 in
992 3081 1106 3162 Gorgia
1127 3099 1160 3162 p.
1171 3078 1258 3158 tete,

77 3175 224 3267 εὐδαίμων
247 3181 286 3261 εί,
319 3175 560 3262 οῖΚαλλίκλεις,
592 3175 639 3247 ότι
659 3179 697 3247 τά
720 3177 836 3268 μεγάλα
860 3176 1012 3268 μεμόησαι
1039 3177 1104 3268 πρίν
1132 3178 1170 3247 τά
1193 3207 1262 3266 σμι-

76 3281 141 3368 κροί.
182 3281 321 3374 (Aencas
344 3288 476 3348 tacticus
498 3289 550 3366 22,
577 3289 595 3346 6
626 3281 678 3351 ἐάν
701 3310 733 3350 τε
756 3278 854 3370 όλίγοι
876 3309 908 3350 τε
930 3283 982 3350 καί
1006 3281 1122 3372 μακρὰς
1144 3281 1262 3374 φυλάσ-

78 3411 176 3468 σωσιν,
200 3392 350 3453 nimirum
367 3383 534 3477 φυλακάς.)
558 3391 694 3464 Quintus
709 3393 902 3472 Smyrnaeus
917 3410 945 3452 vr
964 3389 1024 3452 t'ih
1047 3381 1174 3456 τοόνεκα
1190 3381 1259 3475 ᾖσιν

76 3491 196 3566 ἕκαστος
218 3491 263 3556 ἐνί
285 3491 418 3578 κλισίῃσι
439 3491 579 3558 κέλευσεν
595 3490 682 3578 Νῆας
705 3487 883 3578 ἀμοιβαίησι
898 3492 1106 3579 φολασσέμιν;
1133 3494 1260 3555 intelie-

78 3596 213 3674 gendum
244 3616 313 3660 esse
345 3597 494 3681 φυλακαῖς
524 3595 699 3660 Lohecltius
728 3597 809 3660 vidit
832 3598 965 3678 Paralip.
992 3617 1040 3679 gr.
1066 3597 1120 3660 Gr.
1147 3617 1178 3678 p.
1198 3597 1259 3657 att

77 3717 180 3780 neque
202 3721 282 3782 opus
304 3712 372 3763 erat
400 3711 437 3763 ut
458 3701 552 3764 simul
583 3700 669 3764 aliud
697 3710 877 3782 temptaret.
924 3700 1019 3762 huius
1047 3700 1190 3764 breviter
1211 3698 1263 3760 di-

78 3801 169 3864 cendi
192 3802 431 3866 consuetudinis
460 3805 486 3865 si
510 3823 664 3866 memores
694 3803 826 3866 inissent
856 3803 939 3866 docti
969 3804 1124 3882 homines,
1156 3820 1262 3883 neque

78 3905 237 3986 Sophoclis
253 3927 393 3987 carmen,
420 3909 452 3968 in
468 3927 530 3989 quo
554 3907 633 3968 nihil
652 3907 746 3988 plane
762 3906 997 3970 emendandum
1014 3916 1072 3986 est,
1097 3916 1263 3970 attrectas-

78 4019 149 4070 sent
177 4029 281 4091 neque
311 4011 343 4072 in
371 4011 588 4092 Xenophontis
617 4010 767 4072 Convivia
790 4012 809 4071 8
833 4010 872 4070 35
905 4011 1047 4092 ineptum
1075 4007 1263 4072 vocabulum

77 4113 235 4192 patienter
265 4124 517 4178 conservassent.
569 4113 712 4193 ineptum
741 4123 790 4176 est
818 4114 903 4176 enim
927 4113 1012 4194 quod
1041 4113 1085 4174 ihi
1114 4114 1260 4194 legimus,

79 4211 310 4300 λακεδαιμόνιοι
333 4214 367 4281 δὲ
388 4217 417 4281 οί
439 4214 628 4299 νομίζοντες,
658 4211 711 4279 ἐάν
734 4213 785 4279 καί
808 4211 924 4302 ἀρεχθῄ
948 4239 991 4287 τις
1015 4210 1171 4300 στόματος,
1204 4239 1263 4300 μη-

78 4313 162 4390 δενός
183 4312 217 4383 ἀν
239 4317 284 4384 ἔτι
305 4323 400 4385 καλοῖι
422 4315 561 4403 κάγαθοῖι
582 4322 684 4383 τοῖιτον
707 4319 818 4407 τυχεῖν,
845 4312 923 4384 οὕτω
937 4317 1046 4391 τελέως
1061 4314 1129 4391 τυθς
1148 4318 1264 4404 ἐρωμέ-

77 4444 144 4494 νους
167 4417 298 4506 ἀγαθοθς
326 4417 544 4508 ἀπεργάζονται
566 4416 607 4495 ὡς
629 4420 681 4486 καί
704 4420 779 4508 μετὰ
804 4423 892 4494 ξένων
921 4415 976 4486 κάν
1007 4417 1047 4506 μὴ
1071 4421 1103 4486 ἐν
1125 4427 1161 4508 τῇ
1186 4417 1261 4507 αὐτῇ

77 4519 163 4588 πόλει
183 4527 319 4614 ταχθῶσι
340 4532 384 4614 τῷ
405 4527 537 4615 ἐραστῇ,
569 4519 680 4609 ὁμοίως
704 4527 858 4592 αἰδοῦνται
878 4521 946 4598 τούς
968 4521 1119 4611 παρόντας
1142 4520 1263 4589 ἀπολεί-
