3186 5108
326 377 399 450 tlt
618 393 708 458 laam
729 409 896 458 samsom
920 407 1103 454 amman
1122 389 1216 454 4856.

324 591 422 650 tatus.
462 592 497 648 tu
520 601 582 662 me,
607 581 692 664 quod
715 581 848 646 summis
869 599 997 662 semper
1013 578 1186 644 desideriis
1208 579 1387 660 concupivi,
1414 576 1508 642 iecisti

323 685 476 750 Tullianis
498 685 640 767 epistolis
663 685 867 768 locupletem,
892 681 1103 766 amplitudine
1126 684 1270 748 muneris
1290 681 1410 748 iaciens
1431 680 1509 763 quod

324 787 442 852 reddar
463 787 504 851 ed
534 790 652 868 gratias
679 788 903 871 pauperrimus
932 797 964 850 et
986 805 1118 867 egenus.
1164 796 1300 867 mantas
1327 796 1435 850 tamen
1462 797 1511 848 aut

324 901 429 956 manta
452 893 618 976 concipere
642 892 730 956 valeo
747 892 798 954 vel
821 891 928 971 lingua
951 888 1095 972 prolerre
1119 890 1170 952 vel
1193 889 1508 971 circumsignata,

324 1015 364 1060 ex
391 1005 453 1058 toto
476 995 571 1058 corde
601 1005 632 1058 et
660 1015 700 1060 ex
723 997 797 1060 totis
820 993 943 1058 viribus
966 995 1045 1058 meis
1066 1012 1143 1074 ago,
1168 991 1289 1072 falleotu
1319 1003 1425 1058 lamen
1448 993 1511 1056 illas

324 1100 446 1164 cunctis
467 1098 666 1180 temporibus
689 1096 915 1181 habiturusjut
943 1096 1030 1160 nulla
1059 1115 1191 1177 prorsus
1212 1095 1308 1160 ollicii
1332 1095 1511 1160 vicissitudo

323 1221 374 1266 ma
396 1203 496 1284 possit
511 1203 606 1266 buius
628 1201 830 1282 obligationis
852 1200 991 1266 nexibus
1014 1199 1165 1264 liberare.
1206 1209 1241 1263 tu
1257 1198 1387 1282 quidem
1405 1199 1511 1282 ingens

325 1305 403 1372 illud
422 1306 569 1370 volumen
592 1305 780 1386 ingentioris
795 1307 932 1368 auctoris
949 1303 1200 1384 ingentissimam
1216 1303 1432 1383 eloquentiam
1447 1305 1512 1384 epi·

321 1409 411 1476 stolis
433 1409 646 1491 complexum,
671 1407 757 1489 quod
778 1427 907 1490 semper
921 1407 1077 1489 quaesivi,
1103 1406 1180 1470 mihi
1204 1406 1302 1468 multa
1326 1407 1510 1489 rescriptum

322 1510 488 1594 diligentia
517 1511 733 1578 transmisisti.
780 1530 871 1576 ome
901 1510 1026 1576 leliccm
1053 1519 1140 1574 tanto
1169 1511 1289 1591 talique
1312 1508 1413 1590 dono,
1444 1511 1512 1574 ra-

323 1617 433 1696 quine.
473 1635 547 1680 nam
569 1633 641 1682 cum
664 1634 704 1677 ex
726 1613 819 1676 libris
841 1625 873 1678 et
894 1611 1091 1678 orationihus
1106 1613 1294 1676 Ciceronem
1316 1631 1425 1677 meum
1440 1614 1511 1678 milri

325 1720 385 1784 um
409 1735 472 1784 non
496 1720 690 1800 incognitum
715 1735 898 1796 venerarer,
923 1734 1010 1782 nunc
1031 1717 1136 1799 ipsum
1159 1717 1236 1779 milri
1259 1724 1360 1780 totum
1383 1718 1442 1780 hoc
1462 1728 1511 1780 tuo

323 1839 457 1888 munere
481 1821 653 1888 tradidisti.
693 1819 760 1884 vidi
776 1819 879 1902 qualis
902 1821 934 1884 in
960 1819 1150 1902 republica,
1176 1831 1315 1901 quantus
1330 1822 1418 1884 inter
1438 1821 1512 1884 ami·

322 1943 376 1988 cos
397 1935 429 1990 et
451 1925 580 1992 llomenl
604 1925 742 1992 nominis
766 1924 928 2005 principes
950 1924 1131 1990 antecessit.
1177 1923 1272 1987 video
1295 1941 1391 2005 quem
1413 1923 1512 1988 audax

323 2027 426 2108 bello,
458 2047 553 2110 quam
576 2027 690 2090 avidus
712 2027 847 2108 gloriae,
880 2025 1052 2108 atquibus
1083 2025 1207 2090 artibus
1235 2037 1300 2090 tam
1331 2027 1401 2110 ipse
1422 2045 1510 2108 quam

323 2133 421 2194 ceteri
445 2133 654 2196 Romanorum
685 2130 785 2196 lamae
814 2129 1019 2211 splendorem
1048 2129 1396 2212 commendationisque
1425 2150 1513 2212 proc-

322 2236 412 2300 conia
428 2245 634 2300 venerentur.
674 2234 741 2300 vidi
757 2243 810 2299 tuo
825 2253 960 2298 munere
975 2232 1132 2298 bellorum
1152 2234 1295 2298 civilium
1311 2233 1512 2298 brndsmenta

323 2349 355 2400 et
377 2338 457 2419 quid
480 2348 575 2420 caput
598 2337 678 2402 illud
699 2336 787 2401 orbis
809 2347 968 2402 terrarum
992 2336 1032 2401 de
1054 2336 1203 2402 libertate
1225 2338 1373 2420 populien
1395 2339 1427 2402 in
1450 2357 1513 2402 mo-
1587 2333 1588 2340 '

323 2442 474 2506 narohiae
496 2439 679 2505 detruderit
700 2443 900 2506 servitutem.
942 2439 1006 2504 vidi
1031 2441 1216 2506 Ciceronem
1239 2459 1347 2504 meum
1370 2461 1463 2523 quam
1482 2443 1512 2502 in

324 2543 442 2611 familia
464 2545 568 2624 mitis,
601 2561 696 2625 quam
726 2543 880 2626 deceptus
904 2545 936 2608 in
960 2543 1040 2624 lilio,
1073 2561 1169 2625 quam
1192 2544 1383 2628 desperatus
1405 2545 1436 2608 in
1457 2543 1513 2606 nd·

324 2649 444 2728 versis,
477 2667 572 2728 quam
601 2645 733 2712 timidus
764 2649 795 2714 in
824 2647 976 2730 periculis
998 2667 1159 2729 quamque
1182 2647 1278 2712 luerit
1301 2649 1335 2710 in
1359 2649 1514 2730 prosperis

323 2750 385 2816 sibi
409 2749 577 2817 blandiens
600 2759 632 2814 et
653 2770 798 2816 securus.
839 2751 936 2814 multa
959 2751 1100 2832 denique
1115 2751 1182 2814 vidi
1205 2770 1288 2833 quae
1312 2753 1390 2815 milri
1414 2761 1512 2816 tantm

324 2855 461 2922 laetitiae
484 2855 614 2919 luerunt
637 2863 788 2935 quantam
810 2872 951 2935 unquam
974 2853 1093 2918 babere
1115 2874 1208 2936 posse
1231 2873 1291 2918 nec
1314 2855 1437 2918 credidi
1458 2873 1512 2918 neo
1586 2923 1587 2926 Ἴ

323 2959 461 3040 speravi.
502 2957 690 3038 quidecim
713 2958 792 3024 milri
816 2957 982 3022 iocundius
1005 2975 1074 3020 esse
1098 2969 1200 3039 potest
1222 2976 1319 3039 quam
1342 2977 1415 3023 oum
1430 2957 1513 3022 Cice·
1586 2953 1587 3006 i

260 3113 262 3116 .
326 3080 402 3124 rone
426 3062 529 3141 loqui,
555 3079 650 3142 quam
674 3071 718 3126 tot
741 3079 927 3142 procerum,
952 3062 1235 3126 scientissimorum
1257 3061 1418 3142 virorum,
1440 3079 1513 3142 qnos
1586 3127 1587 3135 g

325 3165 471 3228 volumen
496 3163 586 3242 illud,
612 3183 729 3230 munus
750 3165 871 3230 scilicet
893 3175 982 3228 tuum
1007 3167 1069 3228 imo
1092 3163 1236 3228 divinum
1261 3164 1377 3246 habel,
1402 3164 1512 3228 vidum

325 3281 391 3331 tum
420 3268 634 3348 eloquentiam
664 3277 731 3330 tum
763 3279 956 3334 marcatum
981 3269 1115 3332 virtut-es
1146 3279 1213 3332 tum
1241 3287 1334 3332 casus
1363 3269 1465 3334 varios
1484 3276 1512 3328 et

325 3373 479 3436 allectus?
509 3370 618 3436 nescio
640 3369 681 3433 de
702 3370 784 3450 aliis,
810 3371 851 3436 da
875 3389 925 3434 me
948 3381 1054 3436 nutem
1069 3373 1236 3436 verissime
1258 3374 1369 3438 testari
1393 3387 1512 3454 possm

302 3492 378 3540 erne
401 3491 564 3554 nunquam
588 3473 710 3555 aliquid
724 3463 819 3538 aliud¹
835 3475 1065 3556 speculativum
1080 3476 1131 3539 vel
1147 3475 1333 3539 historicum
1349 3485 1414 3540 tam
1428 3473 1512 3538 avide

327 3589 455 3658 tamque
478 3595 549 3641 cum
573 3577 693 3640 laetitia
723 3579 910 3660 perlegisse.
956 3579 1050 3644 simul
1074 3578 1177 3656 enim,
1209 3577 1297 3660 quod
1326 3580 1512 3644 rariminum

327 3689 390 3759 est,
417 3697 524 3742 rerum
547 3681 671 3744 novitas
692 3689 790 3763 atquc
812 3682 965 3761 varietas,
991 3683 1191 3764 eloquentiae
1214 3679 1422 3765 splenderet
1442 3681 1513 3746 eori-

327 3783 472 3848 bentium
488 3785 658 3846 auotoritas
674 3781 886 3864 delectabant,
902 3783 988 3852 unde
1004 3785 1133 3862 donum,
1148 3785 1176 3850 si
1191 3795 1399 3850 mensuretur
1413 3785 1510 3860 rebus,

327 3904 389 3951 non
414 3887 553 3967 potuerit
574 3905 646 3950 essa
669 3887 786 3966 maine,
819 3888 847 3953 si
871 3886 992 3967 lruotu,
1025 3889 1161 3970 reperiri
1184 3907 1247 3954 non
1276 3891 1379 3971 possit
1399 3891 1509 3962 utilius.

326 3990 377 4052 sin
400 3999 506 4054 antem
529 3989 655 4068 affectu,
680 3988 899 4056 delectabilius
921 4001 1060 4072 nequeat
1081 3993 1223 4073 cogitari.
1270 4011 1360 4076 ergo,
1385 3996 1428 4058 mi
1450 3995 1511 4056 Pss-

328 4093 442 4173 quine,
468 4103 542 4156 tuus
563 4091 737 4156 virtutibus
759 4095 822 4158 tuis
844 4111 950 4173 eram,
975 4112 1062 4158 nunc
1083 4106 1189 4159 antem
1211 4097 1266 4160 tali
1289 4107 1322 4161 et
1344 4109 1431 4162 tento
1451 4114 1510 4160 mu·

329 4213 407 4262 nere
430 4214 481 4260 me
509 4195 617 4264 taliter
639 4194 812 4261 devinxisti
835 4197 920 4279 quod
951 4196 1043 4262 lateri
1072 4209 1215 4281 oporteat
1237 4219 1289 4264 mc
1320 4181 1408 4282 lore,
1438 4195 1509 4282 qual

328 4297 467 4362 vindici
492 4307 616 4380 potest,
647 4299 716 4362 sine
747 4301 962 4364 controversia
985 4302 1057 4383 plus
1080 4321 1175 4384 quam
1202 4313 1306 4368 tuum.
1352 4306 1455 4370 omnia
1474 4303 1510 4364 ai·

327 4401 471 4483 quidem,
497 4400 592 4464 crede
608 4403 697 4482 mihi,
723 4421 804 4484 quae
822 4403 947 4472 lortuna
971 4405 1032 4468 imo
1048 4403 1100 4468 dei
1116 4405 1280 4488 dispositio
1299 4405 1385 4492 (nam
1399 4407 1509 4472 lortuat

327 4505 407 4568 nilril
430 4504 488 4588 est)
509 4506 612 4586 posuit
635 4507 667 4568 iu
691 4505 838 4570 manibus
855 4508 936 4572 meis
958 4525 1019 4570 non
1043 4527 1159 4572 servus
1182 4509 1239 4572 sed
1263 4529 1361 4576 verus
1376 4511 1508 4576 dominus
