<?xml version="1.0" encoding="UTF-8"?>
<!DOCTYPE html PUBLIC "-//W3C//DTD XHTML 1.0 Transitional//EN"
    "http://www.w3.org/TR/xhtml1/DTD/xhtml1-transitional.dtd">
<html xmlns="http://www.w3.org/1999/xhtml" xml:lang="en" lang="en">
 <head>
  <title>
</title>
<meta http-equiv="Content-Type" content="text/html;charset=utf-8" />
  <meta name='ocr-system' content='tesseract 3.04.00' />
  <meta name='ocr-capabilities' content='ocr_page ocr_carea ocr_par ocr_line ocrx_word'/>
</head>
<body>
  <div class='ocr_page' id='page_1' title='image "./mavriciihavptii00haupgoog/mavriciihavptii00haupgoog_0055.png"; bbox 0 0 3268 5108; ppageno 0'>
   <div class='ocr_carea' id='block_1_1' title="bbox 303 377 1198 456">
    <p class='ocr_par' dir='ltr' id='par_1_1' title="bbox 303 377 1198 456">
     <span class='ocr_line' id='line_1_1' title="bbox 303 377 1198 456; baseline 0.007 -8"><span class='ocrx_word' id='word_1_1' title='bbox 303 377 350 448; x_wconf 80' lang='grc'><strong>42</strong></span> <span class='ocrx_word' id='word_1_2' title='bbox 598 394 687 456; x_wconf 83' lang='lat' dir='ltr'><strong>lnnrx</strong></span> <span class='ocrx_word' id='word_1_3' title='bbox 709 411 877 456; x_wconf 79' lang='lat' dir='ltr'><strong>tscrronva</strong></span> <span class='ocrx_word' id='word_1_4' title='bbox 900 411 1080 456; x_wconf 74' lang='lat' dir='ltr'><strong>stertimus</strong></span> <span class='ocrx_word' id='word_1_5' title='bbox 1106 395 1198 456; x_wconf 82' lang='lat' dir='ltr'><strong>t85t.</strong></span> 
     </span>
    </p>
   </div>
   <div class='ocr_carea' id='block_1_2' title="bbox 260 580 1623 4398">
    <p class='ocr_par' dir='ltr' id='par_1_2' title="bbox 260 580 1623 4398">
     <span class='ocr_line' id='line_1_2' title="bbox 304 580 1617 666; baseline 0.005 -25"><span class='ocrx_word' id='word_1_6' title='bbox 304 580 390 661; x_wconf 91' lang='lat' dir='ltr'><strong>quod</strong></span> <span class='ocrx_word' id='word_1_7' title='bbox 413 583 560 662; x_wconf 91' lang='lat' dir='ltr'><strong>sequitur</strong></span> <span class='ocrx_word' id='word_1_8' title='bbox 582 589 683 666; x_wconf 83' lang='lat' dir='ltr'><strong>terpo,</strong></span> <span class='ocrx_word' id='word_1_9' title='bbox 714 602 772 664; x_wconf 91' lang='lat' dir='ltr'><strong>pro</strong></span> <span class='ocrx_word' id='word_1_10' title='bbox 797 593 887 664; x_wconf 79' lang='lat' dir='ltr'><strong>tergo</strong></span> <span class='ocrx_word' id='word_1_11' title='bbox 916 584 1013 646; x_wconf 88' lang='lat' dir='ltr'><strong>maris</strong></span> <span class='ocrx_word' id='word_1_12' title='bbox 1035 582 1202 648; x_wconf 77' lang='lat' dir='ltr'><strong>obscurius</strong></span> <span class='ocrx_word' id='word_1_13' title='bbox 1222 595 1316 666; x_wconf 89' lang='lat' dir='ltr'><strong>poeta</strong></span> <span class='ocrx_word' id='word_1_14' title='bbox 1338 585 1437 663; x_wconf 78' lang='lat' dir='ltr'><strong>dixit,</strong></span> <span class='ocrx_word' id='word_1_15' title='bbox 1469 587 1494 648; x_wconf 85' lang='lat' dir='ltr'><strong>si</strong></span> <span class='ocrx_word' id='word_1_16' title='bbox 1616 595 1617 664; x_wconf 73' lang='lat' dir='ltr'><strong>l</strong></span> 
     </span>
     <span class='ocr_line' id='line_1_3' title="bbox 300 683 1492 752; baseline 0.003 -7"><span class='ocrx_word' id='word_1_17' title='bbox 300 694 405 746; x_wconf 88' lang='lat' dir='ltr'><strong>tamen</strong></span> <span class='ocrx_word' id='word_1_18' title='bbox 429 683 521 747; x_wconf 82' lang='lat' dir='ltr'><strong>dixit.</strong></span> <span class='ocrx_word' id='word_1_19' title='bbox 569 685 651 748; x_wconf 89' lang='lat' dir='ltr'><strong>banc</strong></span> <span class='ocrx_word' id='word_1_20' title='bbox 678 695 785 748; x_wconf 87' lang='lat' dir='ltr'><strong>autem</strong></span> <span class='ocrx_word' id='word_1_21' title='bbox 814 685 1029 749; x_wconf 88' lang='lat' dir='ltr'><strong>incumbentis</strong></span> <span class='ocrx_word' id='word_1_22' title='bbox 1058 688 1191 750; x_wconf 91' lang='lat' dir='ltr'><strong>marinis</strong></span> <span class='ocrx_word' id='word_1_23' title='bbox 1219 687 1371 751; x_wconf 85' lang='lat' dir='ltr'><strong>fluetibus</strong></span> <span class='ocrx_word' id='word_1_24' title='bbox 1393 691 1492 752; x_wconf 88' lang='lat' dir='ltr'><strong>austri</strong></span> 
     </span>
     <span class='ocr_line' id='line_1_4' title="bbox 300 786 1494 869; baseline 0.005 -21"><span class='ocrx_word' id='word_1_25' title='bbox 300 786 546 869; x_wconf 80' lang='lat' dir='ltr'><strong>descriptionem</strong></span> <span class='ocrx_word' id='word_1_26' title='bbox 569 791 612 850; x_wconf 88' lang='lat' dir='ltr'><strong>ita</strong></span> <span class='ocrx_word' id='word_1_27' title='bbox 636 791 799 852; x_wconf 89' lang='lat' dir='ltr'><strong>continuat</strong></span> <span class='ocrx_word' id='word_1_28' title='bbox 820 799 856 852; x_wconf 90' lang='lat' dir='ltr'><strong>ut</strong></span> <span class='ocrx_word' id='word_1_29' title='bbox 871 788 955 852; x_wconf 88' lang='lat' dir='ltr'><strong>dicat</strong></span> <span class='ocrx_word' id='word_1_30' title='bbox 976 789 1080 853; x_wconf 85' lang='lat' dir='ltr'><strong>nudas</strong></span> <span class='ocrx_word' id='word_1_31' title='bbox 1101 791 1142 852; x_wconf 92' lang='lat' dir='ltr'><strong>ab</strong></span> <span class='ocrx_word' id='word_1_32' title='bbox 1164 801 1272 855; x_wconf 90' lang='lat' dir='ltr'><strong>austro</strong></span> <span class='ocrx_word' id='word_1_33' title='bbox 1294 791 1408 855; x_wconf 78' lang='lat' dir='ltr'><strong>subter</strong></span> <span class='ocrx_word' id='word_1_34' title='bbox 1427 803 1494 854; x_wconf 91' lang='lat' dir='ltr'><strong>ter-</strong></span> 
     </span>
     <span class='ocr_line' id='line_1_5' title="bbox 301 891 1425 977; baseline 0.005 -25"><span class='ocrx_word' id='word_1_35' title='bbox 301 911 368 953; x_wconf 88' lang='lat' dir='ltr'><strong>ram</strong></span> <span class='ocrx_word' id='word_1_36' title='bbox 391 891 521 972; x_wconf 83' lang='lat' dir='ltr'><strong>inpelli,</strong></span> <span class='ocrx_word' id='word_1_37' title='bbox 546 891 587 954; x_wconf 92' lang='lat' dir='ltr'><strong>ab</strong></span> <span class='ocrx_word' id='word_1_38' title='bbox 608 891 706 955; x_wconf 89' lang='lat' dir='ltr'><strong>undis</strong></span> <span class='ocrx_word' id='word_1_39' title='bbox 727 911 822 955; x_wconf 88' lang='lat' dir='ltr'><strong>auras</strong></span> <span class='ocrx_word' id='word_1_40' title='bbox 845 893 947 973; x_wconf 75' lang='lat' dir='ltr'><strong>iugari</strong></span> <span class='ocrx_word' id='word_1_41' title='bbox 971 903 1002 955; x_wconf 88' lang='lat' dir='ltr'><strong>et</strong></span> <span class='ocrx_word' id='word_1_42' title='bbox 1024 909 1155 975; x_wconf 88' lang='lat' dir='ltr'><strong>corpora</strong></span> <span class='ocrx_word' id='word_1_43' title='bbox 1178 897 1425 977; x_wconf 81' lang='lat' dir='ltr'><strong>conglomerari:</strong></span> 
     </span>
     <span class='ocr_line' id='line_1_6' title="bbox 427 997 1220 1081; baseline 0.005 -24"><span class='ocrx_word' id='word_1_44' title='bbox 427 997 590 1077; x_wconf 77' lang='lat' dir='ltr'><strong>praecipiti</strong></span> <span class='ocrx_word' id='word_1_45' title='bbox 610 997 724 1058; x_wconf 70' lang='lat' dir='ltr'><strong>denota</strong></span> <span class='ocrx_word' id='word_1_46' title='bbox 746 1013 818 1059; x_wconf 83' lang='lat' dir='ltr'><strong>sono</strong></span> <span class='ocrx_word' id='word_1_47' title='bbox 836 998 950 1078; x_wconf 81' lang='lat' dir='ltr'><strong>premit</strong></span> <span class='ocrx_word' id='word_1_48' title='bbox 970 999 1056 1060; x_wconf 86' lang='lat' dir='ltr'><strong>unda</strong></span> <span class='ocrx_word' id='word_1_49' title='bbox 1073 997 1220 1081; x_wconf 73' lang='lat' dir='ltr'><strong>stipatque</strong></span> 
     </span>
     <span class='ocr_line' id='line_1_7' title="bbox 429 1100 1191 1183; baseline 0.005 -23"><span class='ocrx_word' id='word_1_50' title='bbox 429 1105 579 1180; x_wconf 83' lang='lat' dir='ltr'><strong>torpentes</strong></span> <span class='ocrx_word' id='word_1_51' title='bbox 602 1118 700 1162; x_wconf 85' lang='lat' dir='ltr'><strong>naras</strong></span> <span class='ocrx_word' id='word_1_52' title='bbox 719 1100 904 1183; x_wconf 77' lang='lat' dir='ltr'><strong>pulsataque</strong></span> <span class='ocrx_word' id='word_1_53' title='bbox 925 1119 1055 1182; x_wconf 86' lang='lat' dir='ltr'><strong>corpora</strong></span> <span class='ocrx_word' id='word_1_54' title='bbox 1077 1101 1191 1164; x_wconf 72' lang='lat' dir='ltr'><strong>denset.</strong></span> 
     </span>
     <span class='ocr_line' id='line_1_8' title="bbox 300 1202 1494 1289; baseline 0.005 -26"><span class='ocrx_word' id='word_1_55' title='bbox 300 1221 532 1265; x_wconf 74' lang='lat' dir='ltr'><strong>narrari-runt</strong></span> <span class='ocrx_word' id='word_1_56' title='bbox 555 1204 715 1284; x_wconf 77' lang='lat' dir='ltr'><strong>scaligero</strong></span> <span class='ocrx_word' id='word_1_57' title='bbox 738 1202 893 1266; x_wconf 90' lang='lat' dir='ltr'><strong>debetur:</strong></span> <span class='ocrx_word' id='word_1_58' title='bbox 926 1202 1001 1265; x_wconf 93' lang='lat' dir='ltr'><strong>libri</strong></span> <span class='ocrx_word' id='word_1_59' title='bbox 1024 1203 1141 1267; x_wconf 86' lang='lat' dir='ltr'><strong>deiecta</strong></span> <span class='ocrx_word' id='word_1_60' title='bbox 1162 1215 1194 1268; x_wconf 91' lang='lat' dir='ltr'><strong>et</strong></span> <span class='ocrx_word' id='word_1_61' title='bbox 1215 1225 1297 1286; x_wconf 82' lang='lat' dir='ltr'><strong>aaa,</strong></span> <span class='ocrx_word' id='word_1_62' title='bbox 1331 1215 1364 1269; x_wconf 88' lang='lat' dir='ltr'><strong>et</strong></span> <span class='ocrx_word' id='word_1_63' title='bbox 1386 1208 1494 1289; x_wconf 90' lang='lat' dir='ltr'><strong>inepte</strong></span> 
     </span>
     <span class='ocr_line' id='line_1_9' title="bbox 301 1306 1498 1391; baseline 0.005 -24"><span class='ocrx_word' id='word_1_64' title='bbox 301 1308 437 1389; x_wconf 83' lang='lat' dir='ltr'><strong>inpressi</strong></span> <span class='ocrx_word' id='word_1_65' title='bbox 465 1309 649 1388; x_wconf 85' lang='lat' dir='ltr'><strong>praecipites</strong></span> <span class='ocrx_word' id='word_1_66' title='bbox 672 1317 703 1370; x_wconf 90' lang='lat' dir='ltr'><strong>et</strong></span> <span class='ocrx_word' id='word_1_67' title='bbox 730 1306 849 1391; x_wconf 69' lang='lat' dir='ltr'><strong>sapato.</strong></span> <span class='ocrx_word' id='word_1_68' title='bbox 895 1325 1059 1370; x_wconf 80' lang='lat' dir='ltr'><strong>ronrsrrrrs</strong></span> <span class='ocrx_word' id='word_1_69' title='bbox 1082 1308 1289 1372; x_wconf 90' lang='lat' dir='ltr'><strong>scribendum</strong></span> <span class='ocrx_word' id='word_1_70' title='bbox 1313 1329 1384 1372; x_wconf 90' lang='lat' dir='ltr'><strong>esse</strong></span> <span class='ocrx_word' id='word_1_71' title='bbox 1414 1309 1498 1372; x_wconf 90' lang='lat' dir='ltr'><strong>vidit</strong></span> 
     </span>
     <span class='ocr_line' id='line_1_10' title="bbox 301 1409 1498 1492; baseline 0.003 -22"><span class='ocrx_word' id='word_1_72' title='bbox 301 1409 456 1472; x_wconf 75' lang='lat' dir='ltr'><strong>Antonius</strong></span> <span class='ocrx_word' id='word_1_73' title='bbox 486 1409 525 1473; x_wconf 89' lang='lat' dir='ltr'><strong>de</strong></span> <span class='ocrx_word' id='word_1_74' title='bbox 549 1412 649 1492; x_wconf 81' lang='lat' dir='ltr'><strong>liooy:</strong></span> <span class='ocrx_word' id='word_1_75' title='bbox 682 1417 849 1488; x_wconf 60' lang='lat' dir='ltr'><strong>mentes,</strong></span> <span class='ocrx_word' id='word_1_76' title='bbox 881 1410 966 1492; x_wconf 90' lang='lat' dir='ltr'><strong>quod</strong></span> <span class='ocrx_word' id='word_1_77' title='bbox 996 1414 1029 1474; x_wconf 93' lang='lat' dir='ltr'><strong>in</strong></span> <span class='ocrx_word' id='word_1_78' title='bbox 1054 1413 1298 1476; x_wconf 89' lang='lat' dir='ltr'><strong>llelmstadiensi</strong></span> <span class='ocrx_word' id='word_1_79' title='bbox 1322 1423 1354 1476; x_wconf 90' lang='lat' dir='ltr'><strong>et</strong></span> <span class='ocrx_word' id='word_1_80' title='bbox 1376 1412 1498 1477; x_wconf 80' lang='lat' dir='ltr'><strong>liehdi-</strong></span> 
     </span>
     <span class='ocr_line' id='line_1_11' title="bbox 301 1512 1499 1598; baseline 0.003 -22"><span class='ocrx_word' id='word_1_81' title='bbox 301 1532 417 1594; x_wconf 80' lang='lat' dir='ltr'><strong>gerano</strong></span> <span class='ocrx_word' id='word_1_82' title='bbox 441 1521 472 1574; x_wconf 91' lang='lat' dir='ltr'><strong>et</strong></span> <span class='ocrx_word' id='word_1_83' title='bbox 495 1515 527 1575; x_wconf 95' lang='lat' dir='ltr'><strong>in</strong></span> <span class='ocrx_word' id='word_1_84' title='bbox 552 1515 725 1595; x_wconf 83' lang='lat' dir='ltr'><strong>exemplari</strong></span> <span class='ocrx_word' id='word_1_85' title='bbox 749 1512 864 1576; x_wconf 80' lang='lat' dir='ltr'><strong>Aldine</strong></span> <span class='ocrx_word' id='word_1_86' title='bbox 887 1525 952 1590; x_wconf 88' lang='lat' dir='ltr'><strong>est,</strong></span> <span class='ocrx_word' id='word_1_87' title='bbox 984 1516 1037 1577; x_wconf 89' lang='lat' dir='ltr'><strong>vel</strong></span> <span class='ocrx_word' id='word_1_88' title='bbox 1060 1514 1145 1597; x_wconf 92' lang='lat' dir='ltr'><strong>quod</strong></span> <span class='ocrx_word' id='word_1_89' title='bbox 1169 1515 1443 1598; x_wconf 73' lang='lat' dir='ltr'><strong>cantabrigiensis</strong></span> <span class='ocrx_word' id='word_1_90' title='bbox 1466 1529 1499 1580; x_wconf 88' lang='lat' dir='ltr'><strong>et</strong></span> 
     </span>
     <span class='ocr_line' id='line_1_12' title="bbox 301 1616 1494 1699; baseline 0.003 -21"><span class='ocrx_word' id='word_1_91' title='bbox 301 1618 376 1679; x_wconf 92' lang='lat' dir='ltr'><strong>olim</strong></span> <span class='ocrx_word' id='word_1_92' title='bbox 399 1617 535 1697; x_wconf 85' lang='lat' dir='ltr'><strong>inpressi</strong></span> <span class='ocrx_word' id='word_1_93' title='bbox 565 1616 685 1679; x_wconf 90' lang='lat' dir='ltr'><strong>habent</strong></span> <span class='ocrx_word' id='word_1_94' title='bbox 712 1625 927 1699; x_wconf 77' lang='lat' dir='ltr'><strong>torrentesque,</strong></span> <span class='ocrx_word' id='word_1_95' title='bbox 940 1617 967 1697; x_wconf 74' lang='lat' dir='ltr'><strong>*l</strong></span> <span class='ocrx_word' id='word_1_96' title='bbox 1007 1617 1048 1680; x_wconf 92' lang='lat' dir='ltr'><strong>ab</strong></span> <span class='ocrx_word' id='word_1_97' title='bbox 1078 1619 1136 1680; x_wconf 89' lang='lat' dir='ltr'><strong>boc</strong></span> <span class='ocrx_word' id='word_1_98' title='bbox 1164 1621 1230 1682; x_wconf 89' lang='lat' dir='ltr'><strong>loco</strong></span> <span class='ocrx_word' id='word_1_99' title='bbox 1260 1621 1401 1684; x_wconf 89' lang='lat' dir='ltr'><strong>alienum</strong></span> <span class='ocrx_word' id='word_1_100' title='bbox 1434 1631 1494 1684; x_wconf 90' lang='lat' dir='ltr'><strong>est.</strong></span> 
     </span>
     <span class='ocr_line' id='line_1_13' title="bbox 260 1709 1498 1806; baseline 0.007 -28"><span class='ocrx_word' id='word_1_101' title='bbox 260 1720 360 1782; x_wconf 82' lang='lat' dir='ltr'><strong>tased</strong></span> <span class='ocrx_word' id='word_1_102' title='bbox 379 1721 543 1802; x_wconf 79' lang='lat' dir='ltr'><strong>praecipiti</strong></span> <span class='ocrx_word' id='word_1_103' title='bbox 563 1709 686 1782; x_wconf 65' lang='lat' dir='ltr'><strong>deiecta</strong></span> <span class='ocrx_word' id='word_1_104' title='bbox 714 1737 786 1783; x_wconf 86' lang='lat' dir='ltr'><strong>sono</strong></span> <span class='ocrx_word' id='word_1_105' title='bbox 808 1739 871 1782; x_wconf 89' lang='lat' dir='ltr'><strong>non</strong></span> <span class='ocrx_word' id='word_1_106' title='bbox 894 1723 1001 1785; x_wconf 91' lang='lat' dir='ltr'><strong>minus</strong></span> <span class='ocrx_word' id='word_1_107' title='bbox 1030 1723 1169 1785; x_wconf 90' lang='lat' dir='ltr'><strong>alienum</strong></span> <span class='ocrx_word' id='word_1_108' title='bbox 1198 1733 1264 1803; x_wconf 90' lang='lat' dir='ltr'><strong>est,</strong></span> <span class='ocrx_word' id='word_1_109' title='bbox 1297 1725 1498 1806; x_wconf 88' lang='lat' dir='ltr'><strong>aptissimum</strong></span> 
     </span>
     <span class='ocr_line' id='line_1_14' title="bbox 300 1822 1500 1911; baseline 0.005 -27"><span class='ocrx_word' id='word_1_110' title='bbox 300 1834 406 1886; x_wconf 87' lang='lat' dir='ltr'><strong>autem</strong></span> <span class='ocrx_word' id='word_1_111' title='bbox 423 1822 509 1903; x_wconf 93' lang='lat' dir='ltr'><strong>quod</strong></span> <span class='ocrx_word' id='word_1_112' title='bbox 527 1822 603 1885; x_wconf 89' lang='lat' dir='ltr'><strong>inde</strong></span> <span class='ocrx_word' id='word_1_113' title='bbox 619 1824 703 1885; x_wconf 84' lang='lat' dir='ltr'><strong>facili</strong></span> <span class='ocrx_word' id='word_1_114' title='bbox 724 1842 819 1904; x_wconf 88' lang='lat' dir='ltr'><strong>opera</strong></span> <span class='ocrx_word' id='word_1_115' title='bbox 836 1823 980 1904; x_wconf 88' lang='lat' dir='ltr'><strong>iacimus,</strong></span> <span class='ocrx_word' id='word_1_116' title='bbox 1003 1829 1168 1908; x_wconf 75' lang='lat' dir='ltr'><strong>praecipiti</strong></span> <span class='ocrx_word' id='word_1_117' title='bbox 1180 1827 1294 1890; x_wconf 87' lang='lat' dir='ltr'><strong>deiecto</strong></span> <span class='ocrx_word' id='word_1_118' title='bbox 1308 1847 1385 1891; x_wconf 81' lang='lat' dir='ltr'><strong>einr.</strong></span> <span class='ocrx_word' id='word_1_119' title='bbox 1424 1849 1500 1911; x_wconf 93' lang='lat' dir='ltr'><strong>pro-</strong></span> 
     </span>
     <span class='ocr_line' id='line_1_15' title="bbox 301 1926 1496 1996; baseline 0.006 -6"><span class='ocrx_word' id='word_1_120' title='bbox 301 1928 421 1990; x_wconf 85' lang='lat' dir='ltr'><strong>ximum</strong></span> <span class='ocrx_word' id='word_1_121' title='bbox 455 1945 583 1988; x_wconf 86' lang='lat' dir='ltr'><strong>carmen</strong></span> <span class='ocrx_word' id='word_1_122' title='bbox 618 1926 729 1990; x_wconf 89' lang='lat' dir='ltr'><strong>eadem</strong></span> <span class='ocrx_word' id='word_1_123' title='bbox 764 1927 912 1991; x_wconf 77' lang='lat' dir='ltr'><strong>facilitate</strong></span> <span class='ocrx_word' id='word_1_124' title='bbox 946 1928 1118 1992; x_wconf 88' lang='lat' dir='ltr'><strong>emendare</strong></span> <span class='ocrx_word' id='word_1_125' title='bbox 1148 1931 1267 1994; x_wconf 78' lang='lat' dir='ltr'><strong>frustra</strong></span> <span class='ocrx_word' id='word_1_126' title='bbox 1294 1931 1496 1996; x_wconf 89' lang='lat' dir='ltr'><strong>studuimus:</strong></span> 
     </span>
     <span class='ocr_line' id='line_1_16' title="bbox 302 2031 869 2110; baseline 0.004 -18"><span class='ocrx_word' id='word_1_127' title='bbox 302 2049 376 2092; x_wconf 87' lang='lat' dir='ltr'><strong>nam</strong></span> <span class='ocrx_word' id='word_1_128' title='bbox 398 2031 547 2093; x_wconf 89' lang='lat' dir='ltr'><strong>vitiosum</strong></span> <span class='ocrx_word' id='word_1_129' title='bbox 572 2049 641 2094; x_wconf 87' lang='lat' dir='ltr'><strong>csse</strong></span> <span class='ocrx_word' id='word_1_130' title='bbox 664 2040 787 2094; x_wconf 87' lang='lat' dir='ltr'><strong>certum</strong></span> <span class='ocrx_word' id='word_1_131' title='bbox 809 2042 869 2110; x_wconf 93' lang='lat' dir='ltr'><strong>est,</strong></span> 
     </span>
     <span class='ocr_line' id='line_1_17' title="bbox 430 2135 1167 2200; baseline 0.003 -4"><span class='ocrx_word' id='word_1_132' title='bbox 430 2153 504 2196; x_wconf 89' lang='lat' dir='ltr'><strong>nam</strong></span> <span class='ocrx_word' id='word_1_133' title='bbox 527 2136 622 2197; x_wconf 85' lang='lat' dir='ltr'><strong>veluti</strong></span> <span class='ocrx_word' id='word_1_134' title='bbox 641 2143 729 2198; x_wconf 79' lang='lat' dir='ltr'><strong>sonat</strong></span> <span class='ocrx_word' id='word_1_135' title='bbox 750 2153 808 2197; x_wconf 90' lang='lat' dir='ltr'><strong>oro</strong></span> <span class='ocrx_word' id='word_1_136' title='bbox 829 2135 888 2198; x_wconf 85' lang='lat' dir='ltr'><strong>dac</strong></span> <span class='ocrx_word' id='word_1_137' title='bbox 913 2137 1034 2198; x_wconf 82' lang='lat' dir='ltr'><strong>Tritone</strong></span> <span class='ocrx_word' id='word_1_138' title='bbox 1055 2154 1167 2200; x_wconf 88' lang='lat' dir='ltr'><strong>canoro</strong></span> 
     </span>
     <span class='ocr_line' id='line_1_18' title="bbox 432 2238 1229 2322; baseline 0.005 -23"><span class='ocrx_word' id='word_1_139' title='bbox 432 2238 536 2318; x_wconf 87' lang='lat' dir='ltr'><strong>(pellit</strong></span> <span class='ocrx_word' id='word_1_140' title='bbox 552 2257 628 2320; x_wconf 86' lang='lat' dir='ltr'><strong>opas</strong></span> <span class='ocrx_word' id='word_1_141' title='bbox 650 2238 790 2301; x_wconf 83' lang='lat' dir='ltr'><strong>collectas</strong></span> <span class='ocrx_word' id='word_1_142' title='bbox 813 2255 911 2320; x_wconf 78' lang='lat' dir='ltr'><strong>aptae</strong></span> <span class='ocrx_word' id='word_1_143' title='bbox 932 2241 1087 2322; x_wconf 69' lang='lat' dir='ltr'><strong>victasque</strong></span> <span class='ocrx_word' id='word_1_144' title='bbox 1109 2259 1229 2304; x_wconf 79' lang='lat' dir='ltr'><strong>morem</strong></span> 
     </span>
     <span class='ocr_line' id='line_1_19' title="bbox 429 2341 1140 2426; baseline 0.004 -23"><span class='ocrx_word' id='word_1_145' title='bbox 429 2343 559 2422; x_wconf 83' lang='lat' dir='ltr'><strong>spiritns</strong></span> <span class='ocrx_word' id='word_1_146' title='bbox 582 2349 610 2403; x_wconf 89' lang='lat' dir='ltr'><strong>et</strong></span> <span class='ocrx_word' id='word_1_147' title='bbox 631 2343 738 2426; x_wconf 83' lang='lat' dir='ltr'><strong>icnpas</strong></span> <span class='ocrx_word' id='word_1_148' title='bbox 760 2344 870 2425; x_wconf 84' lang='lat' dir='ltr'><strong>cmapit</strong></span> <span class='ocrx_word' id='word_1_149' title='bbox 893 2341 1005 2406; x_wconf 83' lang='lat' dir='ltr'><strong>bacina</strong></span> <span class='ocrx_word' id='word_1_150' title='bbox 1025 2345 1140 2424; x_wconf 84' lang='lat' dir='ltr'><strong>voces),</strong></span> 
     </span>
     <span class='ocr_line' id='line_1_20' title="bbox 429 2447 1194 2529; baseline 0.007 -23"><span class='ocrx_word' id='word_1_151' title='bbox 429 2447 622 2526; x_wconf 75' lang='lat' dir='ltr'><strong>carmineque</strong></span> <span class='ocrx_word' id='word_1_152' title='bbox 644 2447 763 2529; x_wconf 81' lang='lat' dir='ltr'><strong>irripao</strong></span> <span class='ocrx_word' id='word_1_153' title='bbox 784 2447 904 2528; x_wconf 83' lang='lat' dir='ltr'><strong>maprrt&#39;s</strong></span> <span class='ocrx_word' id='word_1_154' title='bbox 927 2447 1046 2508; x_wconf 88' lang='lat' dir='ltr'><strong>cortino</strong></span> <span class='ocrx_word' id='word_1_155' title='bbox 1068 2447 1194 2511; x_wconf 70' lang='lat' dir='ltr'><strong>meat-ms</strong></span> 
     </span>
     <span class='ocr_line' id='line_1_21' title="bbox 430 2547 1251 2634; baseline 0.009 -26"><span class='ocrx_word' id='word_1_156' title='bbox 430 2547 591 2629; x_wconf 80' lang='lat' dir='ltr'><strong>inparibus</strong></span> <span class='ocrx_word' id='word_1_157' title='bbox 613 2567 778 2611; x_wconf 82' lang='lat' dir='ltr'><strong>numeroso</strong></span> <span class='ocrx_word' id='word_1_158' title='bbox 799 2549 895 2612; x_wconf 83' lang='lat' dir='ltr'><strong>modis</strong></span> <span class='ocrx_word' id='word_1_159' title='bbox 918 2552 1001 2612; x_wconf 87' lang='lat' dir='ltr'><strong>canit</strong></span> <span class='ocrx_word' id='word_1_160' title='bbox 1021 2558 1089 2613; x_wconf 89' lang='lat' dir='ltr'><strong>arte</strong></span> <span class='ocrx_word' id='word_1_161' title='bbox 1110 2558 1251 2634; x_wconf 81' lang='lat' dir='ltr'><strong>repentis,</strong></span> 
     </span>
     <span class='ocr_line' id='line_1_22' title="bbox 431 2652 1301 2738; baseline 0.003 -25"><span class='ocrx_word' id='word_1_162' title='bbox 431 2669 508 2734; x_wconf 82' lang='lat' dir='ltr'><strong>qaae</strong></span> <span class='ocrx_word' id='word_1_163' title='bbox 531 2660 647 2714; x_wconf 87' lang='lat' dir='ltr'><strong>tennem</strong></span> <span class='ocrx_word' id='word_1_164' title='bbox 671 2653 817 2734; x_wconf 82' lang='lat' dir='ltr'><strong>inpellens</strong></span> <span class='ocrx_word' id='word_1_165' title='bbox 840 2655 976 2714; x_wconf 85' lang='lat' dir='ltr'><strong>animam</strong></span> <span class='ocrx_word' id='word_1_166' title='bbox 997 2652 1182 2738; x_wconf 83' lang='lat' dir='ltr'><strong>subremipat</strong></span> <span class='ocrx_word' id='word_1_167' title='bbox 1205 2656 1301 2734; x_wconf 77' lang='lat' dir='ltr'><strong>trado,</strong></span> 
     </span>
     <span class='ocr_line' id='line_1_23' title="bbox 430 2755 1227 2837; baseline 0.005 -21"><span class='ocrx_word' id='word_1_168' title='bbox 430 2755 513 2816; x_wconf 82' lang='lat' dir='ltr'><strong>tant</strong></span> <span class='ocrx_word' id='word_1_169' title='bbox 536 2755 627 2818; x_wconf 84' lang='lat' dir='ltr'><strong>aliter</strong></span> <span class='ocrx_word' id='word_1_170' title='bbox 649 2755 786 2818; x_wconf 79' lang='lat' dir='ltr'><strong>submota</strong></span> <span class='ocrx_word' id='word_1_171' title='bbox 804 2755 915 2837; x_wconf 79' lang='lat' dir='ltr'><strong>fareris</strong></span> <span class='ocrx_word' id='word_1_172' title='bbox 938 2757 1122 2820; x_wconf 77' lang='lat' dir='ltr'><strong>torrentibus</strong></span> <span class='ocrx_word' id='word_1_173' title='bbox 1145 2777 1227 2820; x_wconf 87' lang='lat' dir='ltr'><strong>nara</strong></span> 
     </span>
     <span class='ocr_line' id='line_1_24' title="bbox 428 2859 1359 2943; baseline 0.008 -25"><span class='ocrx_word' id='word_1_174' title='bbox 428 2867 546 2940; x_wconf 79' lang='lat' dir='ltr'><strong>paptiat</strong></span> <span class='ocrx_word' id='word_1_175' title='bbox 567 2861 599 2921; x_wconf 91' lang='lat' dir='ltr'><strong>in</strong></span> <span class='ocrx_word' id='word_1_176' title='bbox 621 2868 749 2943; x_wconf 69' lang='lat' dir='ltr'><strong>anmnto</strong></span> <span class='ocrx_word' id='word_1_177' title='bbox 772 2867 801 2922; x_wconf 90' lang='lat' dir='ltr'><strong>et</strong></span> <span class='ocrx_word' id='word_1_178' title='bbox 821 2877 966 2943; x_wconf 76' lang='lat' dir='ltr'><strong>mappam</strong></span> <span class='ocrx_word' id='word_1_179' title='bbox 987 2869 1228 2924; x_wconf 76' lang='lat' dir='ltr'><strong>commurmurat</strong></span> <span class='ocrx_word' id='word_1_180' title='bbox 1250 2859 1359 2926; x_wconf 77' lang='lat' dir='ltr'><strong>Aetna.</strong></span> 
     </span>
     <span class='ocr_line' id='line_1_25' title="bbox 301 2961 1502 3048; baseline 0.008 -26"><span class='ocrx_word' id='word_1_181' title='bbox 301 2961 529 3043; x_wconf 85' lang='lat' dir='ltr'><strong>adscripsimus</strong></span> <span class='ocrx_word' id='word_1_182' title='bbox 552 2963 609 3024; x_wconf 90' lang='lat' dir='ltr'><strong>hos</strong></span> <span class='ocrx_word' id='word_1_183' title='bbox 631 2982 762 3042; x_wconf 90' lang='lat' dir='ltr'><strong>versus,</strong></span> <span class='ocrx_word' id='word_1_184' title='bbox 795 2965 821 3025; x_wconf 90' lang='lat' dir='ltr'><strong>si</strong></span> <span class='ocrx_word' id='word_1_185' title='bbox 844 2983 862 3025; x_wconf 88' lang='lat' dir='ltr'><strong>a</strong></span> <span class='ocrx_word' id='word_1_186' title='bbox 885 2961 1061 3025; x_wconf 89' lang='lat' dir='ltr'><strong>levioribus</strong></span> <span class='ocrx_word' id='word_1_187' title='bbox 1084 2981 1147 3025; x_wconf 91' lang='lat' dir='ltr'><strong>non</strong></span> <span class='ocrx_word' id='word_1_188' title='bbox 1177 2965 1275 3028; x_wconf 90' lang='lat' dir='ltr'><strong>nullis</strong></span> <span class='ocrx_word' id='word_1_189' title='bbox 1297 2965 1502 3048; x_wconf 83' lang='lat' dir='ltr'><strong>discesseris,</strong></span> 
     </span>
     <span class='ocr_line' id='line_1_26' title="bbox 301 3065 1504 3147; baseline 0.007 -21"><span class='ocrx_word' id='word_1_190' title='bbox 301 3067 411 3146; x_wconf 87' lang='lat' dir='ltr'><strong>quales</strong></span> <span class='ocrx_word' id='word_1_191' title='bbox 442 3067 474 3126; x_wconf 91' lang='lat' dir='ltr'><strong>in</strong></span> <span class='ocrx_word' id='word_1_192' title='bbox 504 3065 611 3128; x_wconf 88' lang='lat' dir='ltr'><strong>codice</strong></span> <span class='ocrx_word' id='word_1_193' title='bbox 640 3065 894 3147; x_wconf 79' lang='lat' dir='ltr'><strong>Cantabrigiensi</strong></span> <span class='ocrx_word' id='word_1_194' title='bbox 922 3068 1144 3130; x_wconf 88' lang='lat' dir='ltr'><strong>inveniuntur.</strong></span> <span class='ocrx_word' id='word_1_195' title='bbox 1197 3079 1228 3130; x_wconf 93' lang='lat' dir='ltr'><strong>et</strong></span> <span class='ocrx_word' id='word_1_196' title='bbox 1257 3072 1439 3136; x_wconf 86' lang='lat' dir='ltr'><strong>rectissime</strong></span> <span class='ocrx_word' id='word_1_197' title='bbox 1472 3075 1504 3135; x_wconf 89' lang='lat' dir='ltr'><strong>in</strong></span> 
     </span>
     <span class='ocr_line' id='line_1_27' title="bbox 303 3167 1506 3255; baseline 0.008 -25"><span class='ocrx_word' id='word_1_198' title='bbox 303 3169 361 3230; x_wconf 89' lang='lat' dir='ltr'><strong>boc</strong></span> <span class='ocrx_word' id='word_1_199' title='bbox 383 3167 465 3230; x_wconf 93' lang='lat' dir='ltr'><strong>libro</strong></span> <span class='ocrx_word' id='word_1_200' title='bbox 488 3179 583 3250; x_wconf 89' lang='lat' dir='ltr'><strong>atque</strong></span> <span class='ocrx_word' id='word_1_201' title='bbox 611 3171 644 3231; x_wconf 92' lang='lat' dir='ltr'><strong>in</strong></span> <span class='ocrx_word' id='word_1_202' title='bbox 667 3168 888 3250; x_wconf 82' lang='lat' dir='ltr'><strong>llehdigerano</strong></span> <span class='ocrx_word' id='word_1_203' title='bbox 911 3173 1097 3253; x_wconf 86' lang='lat' dir='ltr'><strong>pariterque</strong></span> <span class='ocrx_word' id='word_1_204' title='bbox 1128 3171 1160 3233; x_wconf 91' lang='lat' dir='ltr'><strong>in</strong></span> <span class='ocrx_word' id='word_1_205' title='bbox 1183 3175 1358 3255; x_wconf 89' lang='lat' dir='ltr'><strong>exemplari</strong></span> <span class='ocrx_word' id='word_1_206' title='bbox 1382 3172 1506 3239; x_wconf 83' lang='lat' dir='ltr'><strong>Aldine</strong></span> 
     </span>
     <span class='ocr_line' id='line_1_28' title="bbox 300 3272 1507 3358; baseline 0.008 -25"><span class='ocrx_word' id='word_1_207' title='bbox 300 3274 418 3353; x_wconf 80' lang='lat' dir='ltr'><strong>legitur</strong></span> <span class='ocrx_word' id='word_1_208' title='bbox 448 3272 633 3356; x_wconf 85' lang='lat' dir='ltr'><strong>subremipat</strong></span> <span class='ocrx_word' id='word_1_209' title='bbox 661 3289 755 3334; x_wconf 77' lang='lat' dir='ltr'><strong>vrrs:</strong></span> <span class='ocrx_word' id='word_1_210' title='bbox 788 3273 904 3335; x_wconf 84' lang='lat' dir='ltr'><strong>undam</strong></span> <span class='ocrx_word' id='word_1_211' title='bbox 933 3276 1036 3354; x_wconf 89' lang='lat' dir='ltr'><strong>enim,</strong></span> <span class='ocrx_word' id='word_1_212' title='bbox 1067 3274 1152 3355; x_wconf 91' lang='lat' dir='ltr'><strong>quod</strong></span> <span class='ocrx_word' id='word_1_213' title='bbox 1185 3278 1217 3337; x_wconf 93' lang='lat' dir='ltr'><strong>in</strong></span> <span class='ocrx_word' id='word_1_214' title='bbox 1248 3277 1383 3358; x_wconf 88' lang='lat' dir='ltr'><strong>reliquis</strong></span> <span class='ocrx_word' id='word_1_215' title='bbox 1409 3280 1507 3343; x_wconf 90' lang='lat' dir='ltr'><strong>libris</strong></span> 
     </span>
     <span class='ocr_line' id='line_1_29' title="bbox 301 3375 1507 3461; baseline 0.007 -22"><span class='ocrx_word' id='word_1_216' title='bbox 301 3387 366 3456; x_wconf 87' lang='lat' dir='ltr'><strong>cst,</strong></span> <span class='ocrx_word' id='word_1_217' title='bbox 400 3376 559 3438; x_wconf 76' lang='lat' dir='ltr'><strong>refellitur</strong></span> <span class='ocrx_word' id='word_1_218' title='bbox 587 3375 765 3458; x_wconf 87' lang='lat' dir='ltr'><strong>hydraulici</strong></span> <span class='ocrx_word' id='word_1_219' title='bbox 795 3378 904 3457; x_wconf 80' lang='lat' dir='ltr'><strong>organi</strong></span> <span class='ocrx_word' id='word_1_220' title='bbox 936 3379 1069 3442; x_wconf 88' lang='lat' dir='ltr'><strong>ratione.</strong></span> <span class='ocrx_word' id='word_1_221' title='bbox 1117 3378 1174 3441; x_wconf 90' lang='lat' dir='ltr'><strong>sed</strong></span> <span class='ocrx_word' id='word_1_222' title='bbox 1204 3381 1236 3441; x_wconf 92' lang='lat' dir='ltr'><strong>in</strong></span> <span class='ocrx_word' id='word_1_223' title='bbox 1266 3383 1370 3461; x_wconf 93' lang='lat' dir='ltr'><strong>primo</strong></span> <span class='ocrx_word' id='word_1_224' title='bbox 1403 3403 1507 3447; x_wconf 85' lang='lat' dir='ltr'><strong>versa</strong></span> 
     </span>
     <span class='ocr_line' id='line_1_30' title="bbox 301 3480 1509 3562; baseline 0.007 -20"><span class='ocrx_word' id='word_1_225' title='bbox 301 3488 388 3542; x_wconf 86' lang='lat' dir='ltr'><strong>sonat</strong></span> <span class='ocrx_word' id='word_1_226' title='bbox 410 3497 466 3541; x_wconf 90' lang='lat' dir='ltr'><strong>ora</strong></span> <span class='ocrx_word' id='word_1_227' title='bbox 481 3480 540 3543; x_wconf 85' lang='lat' dir='ltr'><strong>dac</strong></span> <span class='ocrx_word' id='word_1_228' title='bbox 556 3490 766 3542; x_wconf 89' lang='lat' dir='ltr'><strong>monstrosum</strong></span> <span class='ocrx_word' id='word_1_229' title='bbox 789 3490 848 3560; x_wconf 91' lang='lat' dir='ltr'><strong>est,</strong></span> <span class='ocrx_word' id='word_1_230' title='bbox 874 3499 980 3562; x_wconf 89' lang='lat' dir='ltr'><strong>neque</strong></span> <span class='ocrx_word' id='word_1_231' title='bbox 996 3482 1112 3544; x_wconf 91' lang='lat' dir='ltr'><strong>melius</strong></span> <span class='ocrx_word' id='word_1_232' title='bbox 1127 3481 1391 3548; x_wconf 87' lang='lat' dir='ltr'><strong>llelmstadiensis</strong></span> <span class='ocrx_word' id='word_1_233' title='bbox 1414 3496 1509 3551; x_wconf 86' lang='lat' dir='ltr'><strong>sonat</strong></span> 
     </span>
     <span class='ocr_line' id='line_1_31' title="bbox 300 3582 1623 3696; baseline 0.009 -52"><span class='ocrx_word' id='word_1_234' title='bbox 300 3603 358 3644; x_wconf 85' lang='lat' dir='ltr'><strong>cra</strong></span> <span class='ocrx_word' id='word_1_235' title='bbox 372 3582 437 3659; x_wconf 87' lang='lat' dir='ltr'><strong>dia,</strong></span> <span class='ocrx_word' id='word_1_236' title='bbox 463 3582 704 3664; x_wconf 79' lang='lat' dir='ltr'><strong>llehdigeranus</strong></span> <span class='ocrx_word' id='word_1_237' title='bbox 727 3591 816 3646; x_wconf 85' lang='lat' dir='ltr'><strong>sonat</strong></span> <span class='ocrx_word' id='word_1_238' title='bbox 837 3601 889 3646; x_wconf 87' lang='lat' dir='ltr'><strong>ore</strong></span> <span class='ocrx_word' id='word_1_239' title='bbox 903 3585 969 3661; x_wconf 83' lang='lat' dir='ltr'><strong>dia,</strong></span> <span class='ocrx_word' id='word_1_240' title='bbox 994 3587 1133 3666; x_wconf 86' lang='lat' dir='ltr'><strong>inpressi</strong></span> <span class='ocrx_word' id='word_1_241' title='bbox 1155 3591 1297 3650; x_wconf 83' lang='lat' dir='ltr'><strong>canitura</strong></span> <span class='ocrx_word' id='word_1_242' title='bbox 1317 3587 1382 3664; x_wconf 83' lang='lat' dir='ltr'><strong>diu,</strong></span> <span class='ocrx_word' id='word_1_243' title='bbox 1412 3591 1506 3655; x_wconf 91' lang='lat' dir='ltr'><strong>unde</strong></span> <span class='ocrx_word' id='word_1_244' title='bbox 1622 3625 1623 3696; x_wconf 66' lang='lat' dir='ltr'><strong>l</strong></span> 
     </span>
     <span class='ocr_line' id='line_1_32' title="bbox 300 3686 1511 3771; baseline 0.007 -23"><span class='ocrx_word' id='word_1_245' title='bbox 300 3705 318 3748; x_wconf 88' lang='lat' dir='ltr'><strong>a</strong></span> <span class='ocrx_word' id='word_1_246' title='bbox 335 3687 494 3767; x_wconf 79' lang='lat' dir='ltr'><strong>scaligero</strong></span> <span class='ocrx_word' id='word_1_247' title='bbox 510 3686 628 3749; x_wconf 88' lang='lat' dir='ltr'><strong>lactum</strong></span> <span class='ocrx_word' id='word_1_248' title='bbox 644 3697 693 3749; x_wconf 89' lang='lat' dir='ltr'><strong>est</strong></span> <span class='ocrx_word' id='word_1_249' title='bbox 707 3689 786 3750; x_wconf 85' lang='lat' dir='ltr'><strong>sonit</strong></span> <span class='ocrx_word' id='word_1_250' title='bbox 807 3707 890 3749; x_wconf 83' lang='lat' dir='ltr'><strong>aura</strong></span> <span class='ocrx_word' id='word_1_251' title='bbox 904 3688 969 3765; x_wconf 85' lang='lat' dir='ltr'><strong>dia,</strong></span> <span class='ocrx_word' id='word_1_252' title='bbox 995 3687 1093 3770; x_wconf 89' lang='lat' dir='ltr'><strong>idque</strong></span> <span class='ocrx_word' id='word_1_253' title='bbox 1109 3688 1219 3752; x_wconf 88' lang='lat' dir='ltr'><strong>lacobo</strong></span> <span class='ocrx_word' id='word_1_254' title='bbox 1234 3691 1364 3771; x_wconf 84' lang='lat' dir='ltr'><strong>placuit,</strong></span> <span class='ocrx_word' id='word_1_255' title='bbox 1392 3695 1457 3758; x_wconf 88' lang='lat' dir='ltr'><strong>sed</strong></span> <span class='ocrx_word' id='word_1_256' title='bbox 1473 3707 1511 3760; x_wconf 89' lang='lat' dir='ltr'><strong>ut</strong></span> 
     </span>
     <span class='ocr_line' id='line_1_33' title="bbox 301 3788 1511 3880; baseline 0.007 -27"><span class='ocrx_word' id='word_1_257' title='bbox 301 3797 389 3853; x_wconf 84' lang='lat' dir='ltr'><strong>sonat</strong></span> <span class='ocrx_word' id='word_1_258' title='bbox 411 3788 578 3852; x_wconf 88' lang='lat' dir='ltr'><strong>scriberet.</strong></span> <span class='ocrx_word' id='word_1_259' title='bbox 618 3809 732 3854; x_wconf 90' lang='lat' dir='ltr'><strong>verum</strong></span> <span class='ocrx_word' id='word_1_260' title='bbox 755 3793 919 3854; x_wconf 88' lang='lat' dir='ltr'><strong>enimvero</strong></span> <span class='ocrx_word' id='word_1_261' title='bbox 938 3790 1160 3856; x_wconf 89' lang='lat' dir='ltr'><strong>diutnmitatis</strong></span> <span class='ocrx_word' id='word_1_262' title='bbox 1181 3795 1268 3856; x_wconf 88' lang='lat' dir='ltr'><strong>notio</strong></span> <span class='ocrx_word' id='word_1_263' title='bbox 1290 3793 1342 3856; x_wconf 90' lang='lat' dir='ltr'><strong>hie</strong></span> <span class='ocrx_word' id='word_1_264' title='bbox 1363 3793 1511 3880; x_wconf 91' lang='lat' dir='ltr'><strong>ineptis-</strong></span> 
     </span>
     <span class='ocr_line' id='line_1_34' title="bbox 301 3894 1509 3984; baseline 0.006 -27"><span class='ocrx_word' id='word_1_265' title='bbox 301 3897 380 3958; x_wconf 85' lang='lat' dir='ltr'><strong>sime</strong></span> <span class='ocrx_word' id='word_1_266' title='bbox 410 3894 615 3958; x_wconf 87' lang='lat' dir='ltr'><strong>admiscetur.</strong></span> <span class='ocrx_word' id='word_1_267' title='bbox 670 3913 728 3958; x_wconf 92' lang='lat' dir='ltr'><strong>nos</strong></span> <span class='ocrx_word' id='word_1_268' title='bbox 757 3898 816 3958; x_wconf 91' lang='lat' dir='ltr'><strong>etsi</strong></span> <span class='ocrx_word' id='word_1_269' title='bbox 850 3895 1049 3978; x_wconf 84' lang='lat' dir='ltr'><strong>probabilem</strong></span> <span class='ocrx_word' id='word_1_270' title='bbox 1080 3895 1336 3960; x_wconf 89' lang='lat' dir='ltr'><strong>emendationem</strong></span> <span class='ocrx_word' id='word_1_271' title='bbox 1364 3899 1509 3984; x_wconf 87' lang='lat' dir='ltr'><strong>adsequi</strong></span> 
     </span>
     <span class='ocr_line' id='line_1_35' title="bbox 301 3998 1507 4086; baseline 0.006 -25"><span class='ocrx_word' id='word_1_272' title='bbox 301 4017 364 4061; x_wconf 94' lang='lat' dir='ltr'><strong>non</strong></span> <span class='ocrx_word' id='word_1_273' title='bbox 379 4001 551 4080; x_wconf 87' lang='lat' dir='ltr'><strong>potuimus,</strong></span> <span class='ocrx_word' id='word_1_274' title='bbox 567 3998 647 4061; x_wconf 93' lang='lat' dir='ltr'><strong>illnd</strong></span> <span class='ocrx_word' id='word_1_275' title='bbox 663 4009 768 4062; x_wconf 89' lang='lat' dir='ltr'><strong>tamen</strong></span> <span class='ocrx_word' id='word_1_276' title='bbox 780 3999 930 4063; x_wconf 88' lang='lat' dir='ltr'><strong>videmur</strong></span> <span class='ocrx_word' id='word_1_277' title='bbox 943 4000 1067 4080; x_wconf 89' lang='lat' dir='ltr'><strong>videre,</strong></span> <span class='ocrx_word' id='word_1_278' title='bbox 1086 4001 1145 4063; x_wconf 91' lang='lat' dir='ltr'><strong>loci</strong></span> <span class='ocrx_word' id='word_1_279' title='bbox 1157 4000 1345 4066; x_wconf 88' lang='lat' dir='ltr'><strong>vocabulum</strong></span> <span class='ocrx_word' id='word_1_280' title='bbox 1361 4007 1507 4086; x_wconf 90' lang='lat' dir='ltr'><strong>requiri.</strong></span> 
     </span>
     <span class='ocr_line' id='line_1_36' title="bbox 300 4103 1510 4187; baseline 0.009 -24"><span class='ocrx_word' id='word_1_281' title='bbox 300 4103 400 4165; x_wconf 85' lang='lat' dir='ltr'><strong>veluti</strong></span> <span class='ocrx_word' id='word_1_282' title='bbox 425 4121 488 4164; x_wconf 91' lang='lat' dir='ltr'><strong>non</strong></span> <span class='ocrx_word' id='word_1_283' title='bbox 512 4103 620 4184; x_wconf 91' lang='lat' dir='ltr'><strong>inepte</strong></span> <span class='ocrx_word' id='word_1_284' title='bbox 637 4103 710 4184; x_wconf 90' lang='lat' dir='ltr'><strong>quis</strong></span> <span class='ocrx_word' id='word_1_285' title='bbox 733 4105 892 4167; x_wconf 88' lang='lat' dir='ltr'><strong>coniceret</strong></span> <span class='ocrx_word' id='word_1_286' title='bbox 914 4105 1133 4166; x_wconf 88' lang='lat' dir='ltr'><strong>naumachiam</strong></span> <span class='ocrx_word' id='word_1_287' title='bbox 1156 4124 1174 4167; x_wconf 88' lang='lat' dir='ltr'><strong>a</strong></span> <span class='ocrx_word' id='word_1_288' title='bbox 1196 4115 1288 4187; x_wconf 89' lang='lat' dir='ltr'><strong>poeta</strong></span> <span class='ocrx_word' id='word_1_289' title='bbox 1309 4125 1510 4173; x_wconf 89' lang='lat' dir='ltr'><strong>commemo-</strong></span> 
     </span>
     <span class='ocr_line' id='line_1_37' title="bbox 302 4205 1503 4296; baseline 0.008 -29"><span class='ocrx_word' id='word_1_290' title='bbox 302 4215 402 4268; x_wconf 91' lang='lat' dir='ltr'><strong>ratam</strong></span> <span class='ocrx_word' id='word_1_291' title='bbox 417 4225 499 4286; x_wconf 90' lang='lat' dir='ltr'><strong>esse,</strong></span> <span class='ocrx_word' id='word_1_292' title='bbox 525 4225 620 4286; x_wconf 91' lang='lat' dir='ltr'><strong>quem</strong></span> <span class='ocrx_word' id='word_1_293' title='bbox 636 4206 677 4269; x_wconf 92' lang='lat' dir='ltr'><strong>ad</strong></span> <span class='ocrx_word' id='word_1_294' title='bbox 693 4205 820 4269; x_wconf 91' lang='lat' dir='ltr'><strong>modum</strong></span> <span class='ocrx_word' id='word_1_295' title='bbox 837 4209 1007 4270; x_wconf 89' lang='lat' dir='ltr'><strong>Suetonius</strong></span> <span class='ocrx_word' id='word_1_296' title='bbox 1024 4209 1057 4269; x_wconf 92' lang='lat' dir='ltr'><strong>in</strong></span> <span class='ocrx_word' id='word_1_297' title='bbox 1074 4207 1205 4272; x_wconf 89' lang='lat' dir='ltr'><strong>Claudio</strong></span> <span class='ocrx_word' id='word_1_298' title='bbox 1221 4209 1355 4272; x_wconf 84' lang='lat' dir='ltr'><strong>Caesare</strong></span> <span class='ocrx_word' id='word_1_299' title='bbox 1376 4231 1453 4296; x_wconf 90' lang='lat' dir='ltr'><strong>cap.</strong></span> <span class='ocrx_word' id='word_1_300' title='bbox 1466 4217 1503 4280; x_wconf 77' lang='lat'><strong>2⁴</strong></span> 
     </span>
     <span class='ocr_line' id='line_1_38' title="bbox 301 4309 1512 4398; baseline 0.011 -27"><span class='ocrx_word' id='word_1_301' title='bbox 301 4319 411 4372; x_wconf 88' lang='lat' dir='ltr'><strong>narrat</strong></span> <span class='ocrx_word' id='word_1_302' title='bbox 439 4310 473 4371; x_wconf 92' lang='lat' dir='ltr'><strong>in</strong></span> <span class='ocrx_word' id='word_1_303' title='bbox 502 4309 605 4372; x_wconf 89' lang='lat' dir='ltr'><strong>navali</strong></span> <span class='ocrx_word' id='word_1_304' title='bbox 636 4329 743 4392; x_wconf 80' lang='lat' dir='ltr'><strong>pugna</strong></span> <span class='ocrx_word' id='word_1_305' title='bbox 772 4330 866 4392; x_wconf 89' lang='lat' dir='ltr'><strong>quam</strong></span> <span class='ocrx_word' id='word_1_306' title='bbox 898 4310 1049 4376; x_wconf 89' lang='lat' dir='ltr'><strong>Claudius</strong></span> <span class='ocrx_word' id='word_1_307' title='bbox 1081 4313 1115 4374; x_wconf 93' lang='lat' dir='ltr'><strong>in</strong></span> <span class='ocrx_word' id='word_1_308' title='bbox 1143 4312 1213 4398; x_wconf 87' lang='lat' dir='ltr'><strong>lacu</strong></span> <span class='ocrx_word' id='word_1_309' title='bbox 1235 4315 1371 4378; x_wconf 90' lang='lat' dir='ltr'><strong>Lucrino</strong></span> <span class='ocrx_word' id='word_1_310' title='bbox 1403 4317 1512 4384; x_wconf 89' lang='lat' dir='ltr'><strong>edidit</strong></span> 
     </span>
    </p>
   </div>
   <div class='ocr_carea' id='block_1_3' title="bbox 392 4527 940 4611">
    <p class='ocr_par' dir='ltr' id='par_1_3' title="bbox 392 4527 940 4611">
     <span class='ocr_line' id='line_1_39' title="bbox 392 4527 940 4611; baseline 0.002 -27"><span class='ocrx_word' id='word_1_311' title='bbox 392 4527 416 4600; x_wconf 80' lang='lat'><strong>’)</strong></span> <span class='ocrx_word' id='word_1_312' title='bbox 431 4531 670 4611; x_wconf 76' lang='lat' dir='ltr'><strong>[Cantabripiensir</strong></span> <span class='ocrx_word' id='word_1_313' title='bbox 688 4537 821 4587; x_wconf 86' lang='lat' dir='ltr'><strong>torrentes</strong></span> <span class='ocrx_word' id='word_1_314' title='bbox 840 4533 940 4608; x_wconf 70' lang='lat' dir='ltr'><strong>baim]</strong></span> 
     </span>
    </p>
   </div>
   <div class='ocr_carea' id='block_1_4' title="bbox 0 0 1644 5108">
    <p class='ocr_par' dir='ltr' id='par_1_4' title="bbox 0 0 1644 5108">
     <span class='ocr_line' id='line_1_40' title="bbox 0 0 1644 5108; baseline 0 0"><span class='ocrx_word' id='word_1_315' title='bbox 0 0 1644 5108; x_wconf 95' lang='lat' dir='ltr'><strong> </strong></span> 
     </span>
    </p>
   </div>
  </div>
 </body>
</html>
