3186 5108
364 403 453 470 loom
476 423 643 472 nncrrorrrn
667 423 852 472 ιιιιιιιιιιιιι
873 405 967 468 4856.
1193 390 1265 464 115

84 587 216 668 possideo
238 602 369 672 praetor
391 593 501 660 libros.
549 595 693 674 illorum,
725 595 841 674 fateor,
872 613 985 659 servus
1006 612 1077 658 sum
1101 595 1266 656 tenacissi-

85 711 206 775 umque
230 715 395 776 possessor
416 707 448 762 et
470 717 586 764 avenis
614 718 651 762 nc
673 697 864 764 insatiabilis
884 699 1054 780 appetitor.
1101 715 1265 778 nunqnam

84 796 220 862 inlibris
242 802 330 881 potui
352 819 483 866 servare
498 801 639 883 modum,
664 804 698 866 in
722 803 856 884 reliquis
874 801 953 864 forte
977 819 1040 866 non
1063 799 1104 864 ad
1126 819 1265 881 unguem

81 899 131 962 sed
150 901 190 964 ad
213 923 412 968 communem
427 907 591 970 hominum
607 904 859 971 mediocritatem
880 907 958 970 satis
980 903 1094 968 idonee
1110 923 1160 968 me
1179 921 1266 966 com·

82 1023 165 1083 pono;
200 1017 236 1072 ut
257 1027 300 1071 ex
322 1009 380 1072 boo
402 1011 539 1090 cogitare
562 1009 682 1074 debeas
710 1011 743 1072 in
766 1020 828 1074 tam
851 1008 978 1072 ardenti
1001 1007 1118 1070 mentis
1140 1006 1263 1085 babitu,

80 1125 165 1186 quern
180 1110 244 1174 iam
258 1129 296 1176 u
310 1114 404 1176 annis
415 1121 483 1178 tum
498 1113 675 1194 ingenitum
688 1122 755 1176 tum
771 1112 932 1176 excultum
947 1111 1071 1192 [natura
1085 1110 1261 1192 receptum]

79 1213 299 1280 consuetudine
321 1217 524 1298 confirmavi,
552 1197 652 1297 xquam
676 1225 799 1298 gratum
829 1225 861 1278 et
886 1235 982 1295 quam
1004 1223 1171 1295 acceptum
1194 1233 1265 1276 mu-

80 1332 133 1380 nus
153 1317 212 1382 bas
234 1327 305 1384 tuas
323 1321 473 1400 epistolas
488 1319 667 1384 destinasti.
709 1339 820 1383 verum
843 1318 992 1400 epistolas
1008 1336 1088 1398 quas
1103 1315 1263 1380 tradidisti

79 1419 275 1486 considerans
295 1441 360 1486 non
382 1423 477 1488 aliter
499 1423 540 1486 de
569 1442 620 1485 me
643 1441 740 1504 quam
762 1422 803 1484 de
826 1423 970 1484 Narcisso
992 1419 1105 1484 scribit
1127 1419 1264 1484 Ovidius

80 1520 224 1604 ‘dumque
245 1526 333 1588 sitim
355 1525 469 1590 sedare
492 1528 599 1610 cupit,
630 1528 702 1590 sitis
723 1524 822 1590 altera
844 1525 974 1588 erevit:’
1006 1524 1108 1588 sentio
1132 1523 1263 1604 quidem

78 1627 273 1705 epistolarum
300 1629 462 1696 Ciceronis
491 1631 665 1711 plurimum
694 1629 806 1692 abesse
835 1637 977 1710 putoque
1006 1626 1092 1710 quod
1121 1627 1177 1692 bas
1206 1627 1264 1689 ba-

77 1727 177 1795 bueris
208 1731 250 1794 ab
279 1734 413 1796 ecclesia
434 1734 648 1814 Vercellensi‚
680 1751 792 1797 verum
821 1742 1018 1814 compertum
1046 1728 1148 1794 babeo
1178 1729 1264 1812 quod

78 1830 104 1892 in
125 1835 256 1900 eeclesia
273 1837 448 1900 Veronensi
470 1837 593 1901 solebat
614 1835 702 1900 aliud
725 1846 757 1900 et
779 1835 984 1918 epistolarum
1008 1853 1078 1898 esse
1099 1834 1260 1914 volumen,

76 1938 168 2017 onius,
194 1949 229 2002 ut
250 1959 310 2020 per
331 1941 455 2022 aliquas
477 1941 626 2023 epistolas
650 1939 725 2004 inde
741 1939 904 2003 desumtas
926 1957 1006 2018 quas
1024 1936 1126 2000 habeo
1149 1948 1182 2002 et
1204 1957 1264 2019 per

75 2051 217 2122 excerpta
247 2043 411 2106 Petrarcae
440 2044 617 2108 clarissime
645 2043 757 2124 video,
792 2041 900 2125 [qnod]
934 2043 1019 2105 inter
1047 2042 1105 2104 bas
1134 2044 1263 2123 penitus

75 2143 145 2204 nibil
168 2155 265 2208 extat.
305 2146 514 2227 quamobrem
536 2158 572 2211 ut
595 2151 719 2229 integre
742 2148 859 2229 possim
882 2165 992 2208 omnes
1015 2144 1134 2208 babere
1156 2155 1187 2207 te
1204 2165 1263 2227 per

74 2249 188 2312 aeterni
210 2251 353 2312 numinis
382 2252 597 2331 maiestatem,
629 2270 689 2333 per
711 2269 909 2314 communem
936 2250 1036 2312 nostri
1061 2248 1181 2312 domini
1205 2269 1263 2311 ex-

74 2349 256 2432 cellentiam,
282 2373 341 2435 per
363 2355 450 2418 illam
466 2354 683 2420 dulcissimam
705 2355 949 2434 caritatemque
970 2353 1134 2434 iungimur
1155 2361 1188 2414 et
1203 2371 1262 2434 per

74 2455 220 2535 quicquid
249 2476 385 2538 nsquam
411 2467 516 2540 potest
544 2458 619 2522 fidei
649 2467 683 2522 et
711 2457 952 2522 benevolentiae
981 2457 1117 2537 reperiri
1147 2467 1178 2518 te
1202 2455 1261 2518 de-

74 2572 179 2633 precor
200 2570 231 2624 et
256 2560 399 2624 obtestor
420 2561 508 2643 quod
537 2563 606 2626 illas
634 2562 728 2625 etiam
757 2563 877 2641 inquiri
902 2559 998 2625 iacias
1020 2569 1052 2622 et
1074 2559 1257 2640 diligenter,

73 2669 104 2722 nt
130 2661 187 2726 bas
212 2664 309 2744 alias,
345 2667 539 2748 exemplari,
576 2675 612 2729 ut
640 2685 751 2728 omnes
782 2665 837 2746 qui
867 2683 980 2746 magna
1010 2665 1072 2726 iam
1099 2683 1139 2726 ex
1168 2672 1259 2744 parte

73 2767 191 2846 suscepi
213 2777 267 2830 tuo
291 2787 424 2832 munere
447 2787 624 2850 consequar
647 2769 795 2850 epistolas
811 2765 984 2849 Arpinatis.
1024 2784 1158 2846 nquam
1180 2765 1258 2830 felix

73 2884 138 2946 ero,
168 2870 194 2932 si
217 2871 296 2934 mibi
320 2891 389 2934 rem
418 2873 509 2936 istam
538 2873 731 2954 expleveris,
777 2879 956 2952 oquantus
979 2879 1011 2932 et
1033 2868 1092 2933 tibi
1116 2871 1260 2932 cumula-

72 2967 154 3034 bitur
174 2974 274 3038 bonor
296 2985 329 3038 et
350 2978 498 3057 perpetui
522 2977 659 3039 nominis
682 2974 776 3054 tama,
801 2977 828 3038 si
852 2983 982 3038 cunctas
1005 2973 1166 3036 Ciceronis
1188 2976 1259 3054 epi·
1364 3023 1371 3046 ,

72 3075 159 3140 stolas
180 3077 399 3160 congregabis.
440 3081 517 3142 mibi
534 3099 610 3142 vero
633 3098 696 3144 non
712 3097 822 3160 posses
845 3097 914 3140 rem
936 3076 1063 3140 efficere
1086 3078 1257 3157 gratiorem

73 3195 127 3241 neo
147 3180 204 3244 tibi
227 3183 356 3245 maioris
378 3185 515 3246 nominis
538 3183 589 3246 vel
613 3184 742 3245 honoris
763 3192 810 3261 et,
835 3183 898 3244 nisi
921 3180 1028 3260 fallor,
1053 3181 1135 3242 nihil
1158 3181 1258 3243 hone-

71 3284 146 3346 stius
165 3287 291 3367 operari
314 3305 410 3368 quarn
433 3287 579 3350 caelestis
607 3286 807 3366 eloquentiae
830 3295 929 3348 totum
953 3281 1038 3364 quod
1068 3284 1170 3365 possis
1193 3285 1257 3346 col-

73 3383 163 3466 ligere
178 3389 374 3470 Ciceronem,
398 3399 435 3454 nt
453 3391 509 3472 qni
523 3397 608 3454 totus
622 3399 777 3470 qnantum
792 3387 833 3452 ad
856 3388 1006 3470 epistolas
1026 3388 1141 3450 attinet
1156 3386 1256 3450 ferme

73 3490 204 3567 perierat
226 3512 286 3575 per
306 3503 338 3557 te
361 3492 534 3575 laboreque
556 3503 610 3557 tuo
639 3494 690 3556 bis
712 3492 831 3556 nostris
852 3489 1051 3573 temporibus
1074 3491 1253 3553 reviviscat.

72 3601 202 3658 catarum
225 3616 267 3660 ex
287 3615 343 3660 ore
362 3597 584 3677 Franciscuoli‚
609 3599 720 3678 generi
744 3594 904 3677 qnondam
927 3593 1064 3658 celebris
1086 3596 1256 3657 memoriae

73 3694 225 3762 Petrarcae
247 3703 359 3780 nostri,
384 3703 597 3766 certissimum
613 3699 715 3763 babeo
734 3719 774 3762 ex
790 3699 982 3762 bibliotheca
997 3698 1073 3760 dicti
1090 3699 1255 3762 Petrarcae

72 3798 264 3866 inmanibus
293 3807 469 3868 communia
497 3803 617 3867 domini
647 3804 854 3868 illustrissimi
882 3803 1037 3884 principis
1061 3801 1180 3864 domini
1203 3822 1255 3864 eo-

74 3903 150 3970 mitit
163 3908 322 3972 Virtutum
344 3927 414 3972 esse
430 3907 547 3972 librum
569 3910 608 3971 ll.
626 3910 777 3972 Varronis
793 3906 834 3970 de
850 3906 1011 3970 mensuris
1033 3903 1120 3967 orbis
1135 3913 1252 3986 terrae,

73 4003 179 4072 librum
207 4010 339 4094 quidem
367 4031 518 4093 maguum
547 4013 580 4075 in
610 4011 830 4093 antiquissima
861 4011 985 4090 littera,
1025 4010 1057 4072 in
1088 4028 1151 4090 quo
1180 4021 1255 4071 sunt

73 4113 216 4188 quodam
245 4119 455 4196 geometricae
479 4117 616 4196 figurae:
650 4115 798 4197 quamvis
819 4112 976 4177 Antonius
998 4116 1116 4176 Luscus
1146 4123 1255 4176 noster

74 4215 226 4297 scripserit
258 4220 336 4281 mibi
370 4219 456 4300 qnod
489 4227 579 4301 putet
612 4237 683 4281 esse
711 4219 885 4280 Varronem
919 4216 960 4280 do
990 4218 1101 4298 lingua
1130 4217 1249 4280 Latina.

74 4317 219 4402 quidquid
240 4323 390 4386 Varronis
412 4322 527 4402 inerit,
552 4322 645 4404 cupio
667 4322 840 4403 plurimum
864 4340 936 4384 enm
961 4319 1079 4383 babere
1101 4330 1133 4382 et
1155 4319 1196 4380 ob
1220 4319 1251 4382 id

74 4420 157 4484 emm
178 4428 304 4488 nomine
326 4445 406 4508 meo,
431 4428 458 4488 si
481 4425 540 4489 libi
562 4425 707 4504 videtur,
731 4424 820 4487 illum
843 4443 860 4486 a
884 4421 1011 4486 domino
1033 4425 1190 4504 postules,
1217 4433 1252 4486 ut

76 4520 180 4589 habere
201 4530 322 4592 valeam
346 4531 379 4591 in
403 4530 585 4610 exemplar,
617 4529 761 4611 mihique
785 4527 972 4608 quantocius
1002 4527 1070 4588 fieri
1093 4533 1251 4606 potestat

1004 4644 1040 4696 S*
