3240 5094
425 384 514 444 tuom
535 399 699 446 nncrrouru
722 401 906 446 arsamum
925 381 1018 444 teta.
1241 364 1317 438 459

379 565 514 656 ξύγκωμε
536 563 813 656 νυκτοπεριπλάνη-
1329 601 1342 647 4

227 679 291 744 sot
378 699 411 739 τε
434 671 522 759 μοιχὲ
543 666 742 757 παιδεραστά,

336 779 413 864 ἕκτῳ
436 771 465 841 σ’
491 774 553 840 ἔτει
573 775 733 861 προσεῖπον
756 776 788 848 ἐς

377 876 428 946 τόν
451 881 545 964 δῆμον
568 875 667 944 ἐλθών
690 871 830 962 ἄσμενος,

380 979 507 1055 σπονδάς
529 976 731 1066 ποιησάμενος
752 982 853 1065 ἐμαυ-

377 1090 437 1174 τῷ,
460 1083 644 1173 πραγμάτων
665 1109 699 1149 τε
720 1081 771 1148 καὶ
794 1086 900 1171 μαχῶν

228 1195 290 1258 270
379 1187 432 1254 καλ
454 1183 610 1275 Λαμάχων
634 1184 829 1272 ἀπαλλαγείς.

333 1297 437 1380 πολλῷ
457 1287 516 1378 γάρ
538 1287 604 1356 ἐσθ’
632 1284 736 1376 ῆδιον,
762 1283 787 1355 ὦ
810 1291 917 1377 Φαλῆς
940 1291 1060 1374 Φαλῆς,

334 1397 518 1462 κλέπτουσαν
541 1389 660 1480 εὑρόνθ’
688 1388 800 1480 ὡρικὴν
824 1389 975 1480 ὑληφόρον

332 1495 385 1584 τῆν
410 1492 628 1584 Στρυμοδώρου
650 1495 784 1583 Θρᾷτταν
807 1499 842 1562 ἐκ
863 1500 916 1562 τοῦ
938 1495 1072 1584 φελλέως

336 1602 430 1687 μέσην
453 1595 573 1686 λαβόντ’
600 1592 716 1686 άραντα
737 1625 837 1666 κατα-

225 1707 288 1772 275
377 1699 509 1790 βαλόντα
530 1703 790 1788 καταγιγαρτίσαι.

335 1808 441 1894 Φαλῆς
464 1807 583 1891 Φαλῆς,
864 1885 868 1892 ¹

334 1907 387 1974 ἐὰν
412 1906 480 1994 μεθ’
508 1904 593 1994 ἡμῶν
618 1908 760 1996 ξυμπίῃς,
784 1909 818 1973 ἐκ
840 1904 1009 1996 κραιπάλης

333 2014 429 2077 totae
453 2008 574 2098 εἰρήνης
597 2008 724 2099 ῥοφήσει
745 2007 899 2099 τρόβλιον·

333 2111 352 2202 ῆ
378 2112 406 2180 δ’
432 2112 521 2188 ἆσπλς
544 2117 574 2180 ἐν
597 2121 640 2203 τῷ
662 2110 791 2202 φεψάλιμ
812 2111 1006 2202 κρεμήσεται.

213 2223 323 2302 Peragi
352 2222 431 2283 haee
459 2221 493 2282 in
527 2238 607 2301 pago
635 2219 865 2301 Dicaeopolidis
892 2240 956 2282 non
986 2218 1145 2282 dubitabit
1173 2219 1236 2280 nisi
1265 2219 1317 2280 oui

118 2326 296 2408 scrupulus
324 2321 454 2386 aliunde
484 2324 620 2386 iniectus
649 2333 707 2386 est.
763 2325 818 2404 qui
847 2343 948 2406 pagus
977 2331 1080 2404 potest
1107 2321 1252 2400 definiri,
1289 2323 1316 2384 si

115 2441 231 2493 tamen
253 2429 358 2490 omnia
381 2425 421 2489 ad
444 2427 594 2489 amussim
617 2425 853 2507 aequiparanda
876 2435 966 2489 sunt:
1000 2445 1073 2488 nam
1096 2445 1127 2486 v.
1154 2427 1215 2486 too
1239 2425 1317 2487 haec

117 2534 292 2614 leguntur,
318 2523 510 2600 Δικαιόπολις
532 2531 617 2591 καλῶ
640 2523 669 2591 α’
695 2523 898 2613 όΧολλείδης
920 2522 993 2612 ἐγώ.
1040 2527 1098 2590 sed
1120 2547 1235 2590 nomen
1258 2528 1317 2590 hoo

116 2635 197 2718 pagi
220 2634 346 2697 nullum
368 2651 428 2714 per
448 2643 544 2694 totam
567 2631 705 2694 labulam
727 2631 824 2694 hahet
839 2643 1031 2694 momentum
1047 2641 1235 2713 poteratque
1258 2651 1316 2712 pro

118 2758 156 2800 eo
181 2735 413 2817 Aristophanes
441 2736 554 2816 quovis
581 2736 642 2796 alio
670 2736 800 2796 nominc
829 2735 887 2797 uti.
940 2733 1027 2797 unde
1056 2733 1125 2796 fieri
1154 2743 1259 2816 potest
1281 2745 1317 2797 ut

117 2851 295 2920 antequam
317 2857 446 2900 versum
475 2838 565 2900 illum
593 2838 720 2919 scripsit
746 2857 787 2900 ne
816 2835 1045 2900 deliberaverit
1066 2835 1197 2917 quidem
1220 2857 1316 2918 quem

119 2961 241 3025 pagum
270 2940 483 3022 Dicaeopolidi
513 2940 707 3020 adsignaret.
760 2939 834 3018 sed,
871 2950 907 3003 ut
939 2939 1098 3018 diximus,
1136 2940 1202 3002 ruri
1237 2941 1316 3002 hacc

118 3055 278 3128 aguntur:
311 3062 417 3125 neque
442 3046 527 3106 enim
554 3045 586 3106 in
610 3043 690 3106 urhe
713 3043 868 3106 celebrari
891 3055 1025 3123 possunt
1052 3037 1090 3106 τὰ
1112 3037 1178 3106 κατ’
1206 3037 1316 3127 ἀγροὺς

119 3141 268 3213 Διονύσια
290 3165 396 3228 neque
417 3147 492 3208 alibi
517 3165 612 3227 quam
634 3148 667 3208 in
691 3164 770 3227 pago
793 3165 849 3208 suo
871 3146 1068 3227 Dicaeopolis
1091 3145 1249 3208 Phaletem
1273 3147 1315 3208 ita

119 3263 157 3315 ut
174 3251 251 3314 lacit
266 3252 406 3313 salutare
421 3259 541 3331 potest,
566 3249 645 3335 ἕκτῳ
660 3243 686 3312 σ’
707 3246 768 3312 ἔτει
788 3248 948 3334 προσεῖπον
971 3248 1002 3320 ἐς
1023 3243 1074 3312 τὸν
1098 3248 1192 3331 δῆμον
1215 3243 1315 3312 ἐλθὼν

118 3347 262 3439 ἄσμενος.
310 3353 495 3434 scrupulum
517 3363 623 3415 autem
647 3352 875 3432 interpretibus
905 3353 1014 3414 iniecit
1036 3370 1230 3432 magnasque
1254 3352 1316 3414 du-

118 3456 293 3521 hilariones
321 3457 419 3519 movit
446 3455 531 3537 quod
560 3465 689 3537 praeter
718 3455 799 3517 hanc
826 3474 972 3518 scaenam
1001 3454 1042 3516 ab
1074 3455 1164 3516 initio
1190 3453 1315 3518 fabulae

118 3565 225 3642 usque
242 3559 283 3621 ad
300 3559 420 3621 exitum
436 3559 505 3621 eius
527 3559 632 3621 omnia
654 3577 717 3620 non
742 3559 774 3619 in
796 3577 876 3638 pago
891 3557 994 3619 Attioo
1013 3556 1092 3620 fiunt
1108 3557 1167 3619 sed
1190 3558 1223 3618 in
1247 3559 1314 3640 ipsa

118 3663 216 3727 urbe.
269 3660 410 3724 Athenas
440 3659 582 3724 adcurrit
615 3663 670 3743 qui
704 3680 815 3742 pacem
845 3679 863 3722 a
891 3659 1147 3722 Lacedaemoniis
1177 3671 1314 3741 emptam

118 3765 335 3846 Dicaeopolidi
358 3763 504 3845 adportat
518 3763 732 3844 Amphitheus
753 3782 860 3844 neque
883 3783 963 3845 quos
981 3782 1077 3825 cursu
1099 3762 1212 3825 anhelo
1235 3764 1317 3844 fugit

118 3869 343 3931 Acharnenses
370 3877 425 3928 aut
452 3867 545 3948 longe
574 3867 686 3929 abesse
714 3877 847 3948 possunt
874 3878 929 3929 aut
957 3865 1034 3928 alibi
1062 3885 1135 3928 eum
1157 3885 1316 3947 quaerere

119 3991 216 4053 quam
245 3969 391 4032 Athenis.
444 3971 639 4050 Dicaeopolis
666 3979 773 4032 autem
803 3989 874 4032 cum
904 3989 936 4030 v.
966 3971 1028 4034 202
1059 3969 1092 4030 in
1122 3968 1249 4031 domum
1280 3988 1315 4032 sc

120 4076 328 4136 introiturum
344 4073 421 4135 dicit
436 4073 637 4153 simplicique
660 4067 762 4136 eleccio
779 4071 876 4134 verbo
893 4074 996 4135 utitur
1017 4087 1080 4134 non
1103 4070 1196 4132 aliam
1219 4091 1313 4153 quam

119 4177 277 4240 urbanam
307 4173 436 4238 domum
466 4176 640 4256 intellegit,
674 4195 756 4256 quae
786 4175 899 4238 domus
928 4195 986 4256 per
1014 4184 1111 4237 totam
1134 4173 1314 4238 labulamo

120 4277 353 4362 spectatoribus
375 4278 641 4360 conspiciebatur.
682 4297 786 4360 neque
810 4288 976 4360 postquam
999 4277 1039 4341 ab
1054 4276 1315 4340 Acharnensihus

120 4383 305 4464 impetravit
326 4392 362 4445 ut
384 4385 524 4444 oratione
544 4401 578 4445 se
595 4381 800 4458 defenderet,
826 4391 921 4462 caput
943 4379 1197 4443 abscindendum
1220 4399 1315 4462 prae-

120 4485 248 4550 biturus
262 4487 290 4548 si
306 4503 432 4548 oausam
447 4503 511 4547 non
526 4483 718 4562 obtinuerit,
743 4481 879 4567 ἐπίξηνον
894 4484 975 4546 illud
991 4481 1077 4564 quod
1092 4484 1315 4547 Acharnenses
