3204 5104
379 385 468 446 lanea
491 403 654 448 tucamur!
677 405 861 448 numerarunt
879 384 973 447 4867.
1198 369 1267 442 361
1320 453 1326 458 .

98 571 229 653 nihilque
252 575 285 634 in
309 593 346 635 eo
365 573 476 635 insulsi
501 584 566 655 est,
593 573 684 637 modo
708 585 792 638 recte
813 574 983 638 scribatur.
1023 583 1146 655 oportet
1167 585 1273 637 autem

98 675 134 737 ita
153 675 308 756 seribere,
340 695 456 750 maora
478 677 601 740 coasilio
623 678 730 742 sedari
753 677 880 741 uolebat.
926 679 972 740 sic
995 675 1178 740 iracundiae
1201 697 1273 741 curn

97 777 240 842 seditione
262 782 442 862 conparatio
466 780 578 843 eadem
600 779 730 845 dicendi
746 782 847 863 figura
862 781 1047 845 absolvitur.
1094 779 1273 863 parendum

97 900 163 944 vera
185 893 232 946 εει
254 883 300 945 illi
324 882 520 946 emendatori
543 883 750 966 plerumque,
778 886 829 948 hic
849 894 955 948 autem
978 904 1015 946 eo
1038 883 1189 947 fidentius
1211 905 1273 966 quo

96 987 228 1066 apertius
243 997 292 1048 est
309 1005 389 1068 quae
406 988 567 1068 supplevit
582 990 696 1051 omissa
710 989 839 1051 luissea
854 987 984 1050 librario
999 998 1131 1069 propter
1146 987 1273 1052 easdem

96 1089 212 1152 ducebat
239 1100 271 1152 ει
299 1089 417 1152 volebat
444 1090 615 1155 verborum
645 1093 771 1156 ultimas
800 1090 938 1174 syllabas
960 1092 1133 1153 versiculos
1155 1091 1274 1173 aliquot

97 1194 296 1256 transiliente.
343 1193 429 1274 quod
451 1212 518 1256 eam
541 1197 694 1277 scriptum
718 1206 766 1258 est
788 1215 860 1258 aum
889 1193 1023 1257 deberet
1050 1209 1189 1277 eamque,
1222 1197 1268 1257 ni·

97 1297 202 1358 mirum
225 1317 264 1370 o·
290 1297 380 1360 lacile
402 1300 505 1379 potuit
524 1299 746 1380 praetermitti.
794 1298 933 1361 diximus
957 1297 1152 1360 emendatori
1175 1298 1275 1360 libro·
1355 1347 1359 1355 .

96 1418 158 1460 rum
186 1402 241 1481 qui
272 1410 346 1463 sunt
376 1400 416 1463 de
447 1419 481 1463 re
511 1401 638 1483 publiea
667 1403 856 1484 plerumque
886 1401 1064 1484 parendum
1088 1419 1169 1462 esse.
1216 1401 1274 1463 sed

95 1503 229 1566 homines
258 1503 340 1566 docti
370 1513 401 1566 ct
431 1505 504 1588 olim
532 1505 562 1566 ei
584 1525 648 1568 non
671 1525 798 1587 semper
819 1505 875 1569 ubi
899 1505 968 1568 fieri
990 1503 1154 1586 oportebat
1176 1524 1275 1584 paru-

94 1616 179 1668 erunt
209 1616 241 1670 et
269 1627 374 1688 nuper
402 1609 435 1669 in
464 1607 679 1670 diiudicandis
702 1610 748 1672 cis
775 1628 857 1691 quae
882 1607 1052 1690 adscripsit
1074 1627 1091 1669 a
1115 1617 1200 1670 recta
1222 1609 1274 1669 via

94 1709 276 1790 aliquotiens
305 1710 472 1774 aberrasse
496 1711 588 1774 nobis
611 1711 774 1775 videntur.
820 1713 967 1793 exempla
991 1712 1112 1793 aliquot
1135 1711 1204 1774 eius
1227 1711 1273 1773 rei

93 1813 283 1892 pmleramus
312 1833 392 1895 quae
422 1814 504 1877 libro
527 1835 537 1876 1
564 1812 644 1898 §38
668 1816 701 1878 in
723 1835 788 1879 una
810 1817 967 1896 Scipionis
989 1815 1129 1878 oratione
1152 1824 1270 1877 extant.

89 1915 197 1996 sociam
218 1917 297 1998 quad
318 1919 411 1982 vultis
432 1927 467 1981 ut
484 1925 588 2000 potero
610 1926 638 1981 et
653 1919 812 2002 iuqrediar
832 1920 865 1980 ia
880 1919 1127 2000 disputatum,
1152 1937 1189 1981 eo
1212 1919 1274 2002 ieqe

92 2037 148 2100 queo
167 2021 255 2083 creda
278 2020 415 2084 amadus
437 2023 470 2084 iu
492 2021 583 2084 rebus
605 2021 791 2084 disserendis
812 2021 957 2084 utendum
979 2037 1057 2094 esse,
1089 2023 1119 2084 si
1138 2040 1275 2083 errarem

92 2123 161 2186 vete
183 2123 302 2200 tallere,
327 2131 362 2186 ut
383 2125 447 2186 eius
469 2127 517 2188 rei
537 2125 575 2187 de
595 2144 656 2208 qua
678 2132 842 2208 quaeretur
863 2127 893 2188 si
913 2143 1020 2187 aaran
1041 2124 1120 2208 quod
1142 2125 1181 2186 sit
1203 2143 1275 2187 coa-

92 2228 202 2307 oeaiot‚
233 2228 405 2309 explicetur
426 2227 499 2310 quid
520 2229 693 2291 declaretur
714 2247 746 2289 eo
768 2229 905 2304 aomiae;
934 2228 1014 2310 quod
1035 2230 1064 2292 si
1090 2228 1271 2304 convenerit,

91 2337 149 2390 tum
170 2329 288 2392 demum
310 2331 420 2394 decebit
442 2332 563 2414 iaqredi
584 2333 616 2394 iu
638 2349 821 2394 sermonem:
845 2350 1008 2413 numquam
1025 2333 1102 2394 euim
1125 2333 1214 2413 qtrale
1236 2333 1275 2394 sit

92 2433 154 2495 iiiut
175 2433 211 2496 de
231 2453 289 2517 quo
312 2434 518 2516 disputabitur
549 2435 680 2517 iutelieqi
696 2434 808 2515 poterit
830 2435 894 2496 uisi
914 2435 986 2516 quid
1008 2437 1048 2498 sit
1066 2435 1164 2518 suerit
1185 2435 1275 2497 iutel-

91 2536 193 2599 iectum
217 2539 320 2619 prius.
368 2539 402 2599 in
425 2538 475 2600 his
501 2546 563 2601 tum
585 2537 704 2599 demum
732 2546 817 2598 recte
840 2547 1005 2618 acceptum
1028 2549 1077 2601 est
1099 2538 1139 2600 ab
1163 2556 1275 2600 emen-

91 2637 206 2703 datore.
258 2642 360 2722 prima
390 2659 503 2704 manus
531 2641 778 2722 ascripserat,
815 2640 900 2722 quod
930 2659 1034 2721 neque
1064 2641 1140 2704 lerri
1171 2650 1275 2722 potest

90 2762 191 2824 neque
212 2746 240 2805 si
256 2741 384 2806 deletur
398 2744 493 2826 plena
508 2745 584 2808 satis
600 2754 631 2806 et
647 2745 800 2808 concinna
824 2753 872 2806 est
887 2745 983 2805 oratio
1000 2745 1061 2807 nisi
1077 2745 1273 2826 aptissimum

91 2845 165 2910 illud
188 2855 250 2910 tum
272 2847 391 2910 mum
412 2847 628 2911 substitueris.
675 2850 708 2910 in
732 2848 821 2910 initio
836 2857 942 2910 autem
957 2848 1106 2910 orationis
1121 2849 1274 2930 scriptum

89 2968 133 3020 est
157 2932 618 3023 nducmrrdosmmrorm.
661 2959 839 3040 adscriptae
861 2959 901 3020 ab
925 2959 1128 3022 emendatore
1149 2960 1274 3023 litterae

90 3061 138 3123 illa
160 3061 319 3143 praebent
341 3083 422 3144 quae
441 3082 538 3144 supra
555 3063 875 3145 repraesentavimus.
917 3063 949 3124 in
969 3062 1086 3143 quibus
1101 3064 1176 3124 olim
1192 3061 1274 3124 docti

89 3164 230 3228 homines
260 3175 346 3229 recte
374 3165 626 3248 adquieverunt:
658 3185 762 3248 nuper
791 3165 897 3228 inutili
919 3177 1094 3228 commento
1121 3167 1274 3246 scriptum

89 3287 134 3338 est
149 3285 177 3340 et
191 3279 254 3340 iam
270 3279 438 3362 iaqrediar.
478 3286 545 3340 tum
561 3277 746 3341 membrana
764 3278 859 3340 habet
881 3249 1093 3351 niddaaairon.
1136 3280 1276 3358 scripse-

89 3389 161 3442 mnt
189 3381 337 3462 plerique
366 3381 402 3442 de
430 3400 491 3463 quo
520 3384 690 3463 quaeritur.
736 3380 794 3443 sed
824 3382 911 3444 nullo
934 3383 1003 3443 iure
1026 3399 1100 3462 pars
1123 3379 1276 3442 emenda-

88 3485 180 3546 tionis
208 3485 389 3564 spernitur:
422 3503 496 3546 nam
523 3492 688 3566 quaeretur
718 3494 750 3546 et
779 3503 838 3566 pcr
863 3503 897 3546 se
921 3483 1149 3546 rectedictum
1173 3491 1275 3544 estet

88 3587 234 3649 similiter
261 3606 334 3650 mox
362 3585 481 3651 dicitur
510 3587 727 3668 disputabitur.
785 3607 952 3669 possumus
985 3587 1077 3667 plura
1111 3586 1274 3666 neglectae

89 3693 204 3753 veteris
235 3689 466 3754 emendationis
496 3690 642 3772 exempla
668 3690 806 3770 addere,
843 3689 900 3753 sed
929 3687 1128 3771 pergendum
1158 3697 1205 3751 est
1235 3688 1275 3751 ad

87 3793 264 3857 difficiliora
287 3803 318 3856 et
340 3803 447 3856 nostro
470 3805 583 3857 conatu
605 3793 801 3875 temptanda.

171 3897 267 3959 libro
290 3897 330 3960 de
354 3897 472 3960 finibus
494 3897 648 3960 bonorum
671 3908 703 3960 et
724 3898 877 3959 malorum
894 3915 915 3958 u
938 3893 1012 3979 §56
1037 3895 1161 3974 Cicero,
1188 3903 1276 3976 post-

88 4019 179 4080 quam
196 3999 278 4064 dixit
292 4002 478 4083 pecuniam,
503 4004 652 4082 quoniam
676 4001 820 4063 effectrix
842 4001 883 4062 sit
905 4001 1075 4061 multarum
1099 4009 1130 4059 ct
1145 4017 1276 4079 magna-

88 4122 156 4166 rum
178 4105 392 4185 voluptatum,
425 4105 590 4185 Epicureis
612 4105 664 4166 vel
687 4123 758 4167 cnm
785 4105 926 4186 periculo
950 4120 1019 4165 esse
1042 4099 1270 4182 quaerendam,

88 4207 127 4268 ita
143 4209 265 4290 pergit,
290 4215 325 4270 at
347 4209 440 4290 iqitur
463 4208 524 4270 iiiia
547 4209 614 4288 qui,
640 4215 723 4270 reeta
738 4215 766 4270 et
787 4208 910 4270 incesta
931 4223 1008 4288 prae
1030 4191 1128 4284 curat,¹
1152 4223 1189 4266 ea
1209 4212 1299 4266 sta-o

87 4318 171 4374 tuuut
196 4329 256 4392 per
285 4329 317 4372 se
345 4311 532 4392 repetenda,
568 4311 711 4374 admodo
738 4317 811 4374 suut
837 4311 962 4392 moeurs
988 4309 1130 4390 pericula
1157 4307 1275 4372 decoris

87 4413 306 4496 deputatisque
334 4433 446 4490 causo,
477 4414 522 4476 sic
550 4415 676 4496 vestris,
709 4417 761 4497 qui
787 4415 889 4476 amaia
916 4413 1068 4494 voluptate
1096 4413 1271 4490 metiuntur,

83 4518 223 4598 pericula
239 4515 382 4580 adsumo
397 4523 469 4579 aaut
482 4525 518 4580 ut
533 4517 744 4599 adipiscantur
758 4535 886 4600 maqaas
902 4516 1080 4598 voluptates.
1120 4516 1150 4578 si
1163 4533 1276 4598 mepta
