3186 5108
382 1175 558 1278 lNDllll
585 1171 908 1274 luoutortvtt
934 1171 1305 1272 HlBllRNARVlll
1337 1181 1460 1273 1860.

330 1435 400 1546 Be
422 1481 623 1544 collocatione
645 1476 816 1541 verborum
838 1495 856 1538 a
877 1479 979 1558 poetis
994 1475 1122 1538 Graecis
1145 1475 1308 1539 interdum
1333 1475 1464 1540 liberius
1483 1487 1511 1540 et

330 1599 367 1652 ut
388 1607 406 1652 a
428 1584 552 1666 vulgari
581 1582 735 1646 sermonis
754 1579 985 1662 ¹consuetudine
1016 1579 1140 1658 longius
1163 1578 1355 1643 recederent
1377 1581 1511 1644 instituta

330 1691 392 1754 etsi
417 1689 535 1770 passim
564 1685 661 1747 multu
689 1683 730 1745 ab
758 1682 939 1745 hominibus
968 1681 1068 1744 doctis
1095 1680 1180 1743 dicta
1207 1691 1283 1748 suut
1310 1692 1397 1746 recte
1423 1693 1512 1764 atque

330 1793 469 1872 utiliter,
501 1790 661 1852 neminem
690 1796 795 1849 tamen
818 1787 963 1847 novimus
985 1787 1040 1866 qui
1063 1794 1162 1847 totum
1185 1786 1272 1847 hunc
1301 1786 1513 1867 grammaticae

331 1898 434 1962 locum
455 1902 600 1956 accurata
617 1891 830 1972 disputatione
852 1890 1105 1970 pertractarent,
1131 1889 1349 1952 necessarium
1370 1890 1458 1953 illum
1479 1887 1514 1952 ad

331 1996 577 2080 intellegendam
595 1995 732 2057 Graecae
754 1993 881 2074 linguae
904 1991 1042 2054 indolem
1065 1999 1097 2054 et
1118 1991 1160 2054 ad
1174 1992 1393 2074 cognoscenda
1408 1992 1515 2055 discri-
1591 2061 1592 2072 q

331 2105 417 2168 mina
440 2100 558 2183 quibus
579 2100 685 2180 poesis
707 2108 739 2160 et
761 2115 879 2177 genera
908 2106 939 2159 ct
961 2105 1081 2158 aetates
1104 2095 1188 2162 inter
1210 2114 1245 2157 se
1269 2095 1403 2159 distant.
1449 2115 1514 2158 nam
1591 2095 1592 2126 ⁴

331 2226 404 2270 cum
425 2223 530 2268 sermo
546 2203 735 2266 Graecorum
757 2219 814 2262 sua
836 2202 904 2281 ipse
927 2209 1039 2261 natura
1061 2198 1232 2261 adversus
1251 2197 1414 2262 iaciendos
1437 2207 1515 2263 esset

330 2309 524 2392 aptissimus,
550 2324 613 2368 non
635 2323 730 2385 saepe
753 2305 855 2384 poetis
877 2311 914 2365 ut
934 2303 1108 2364 orationem
1130 2303 1274 2364 numeris
1297 2303 1517 2366 concluderent

330 2409 375 2476 ad'
402 2411 607 2474 insolentiora
637 2405 884 2470 traiciendorum
911 2404 1081 2468 verborum
1111 2404 1244 2466 artificia
1274 2405 1516 2488 confugiendum

332 2515 402 2596 tuit,
428 2515 520 2578 aliter
542 2523 638 2594 atque
654 2511 771 2573 Latinis
793 2510 895 2591 poetis
917 2506 1070 2570 accidisse
1092 2506 1251 2587 videmus,
1277 2509 1333 2590 qui
1356 2519 1517 2592 postquam

332 2620 523 2683 Graecorum
546 2616 686 2678 carmina
708 2613 885 2676 accuratius
914 2611 1031 2673 imitari
1053 2621 1245 2692 coeperunt,
1278 2631 1350 2674 cum
1376 2631 1517 2675 sermone

330 2732 501 2787 uterentur
515 2719 555 2782 ad
572 2715 797 2798 exprimendos
813 2715 1004 2778 Graecorum
1018 2731 1168 2777 versuum
1192 2733 1344 2778 numeros
1359 2725 1434 2797 apto
1448 2735 1518 2779 sane

331 2825 391 2890 sed
412 2825 519 2888 minus
541 2831 647 2884 tamen
670 2818 768 2882 habili
792 2828 887 2899 atque
910 2815 1085 2896 tractabili,
1118 2817 1151 2879 in
1174 2817 1330 2881 struenda
1351 2819 1518 2882 verborum

331 2927 533 2992 collocatione
563 2922 647 2987 haud
678 2942 749 2985 raro
777 2921 851 2984 talia
879 2922 948 2983 ausi
978 2930 1052 2983 sunt
1081 2919 1187 3002 qualia
1215 2930 1270 2984 aut
1297 2922 1394 3003 plane
1423 2923 1520 2986 aliena

331 3034 429 3098 luisse
445 3029 597 3092 videntur
618 3025 660 3088 ab
682 3026 897 3106 antiquiorum
912 3034 1076 3106 poetarum
1093 3023 1285 3087 Graecorum
1307 3035 1377 3088 arte
1402 3037 1434 3089 et
1449 3045 1518 3088 con-

332 3133 504 3200 suetudine
526 3141 581 3194 aut
597 3130 757 3192 rarissimo
779 3127 898 3189 abillis
917 3126 1061 3208 exemplo
1079 3125 1159 3189 lacta
1174 3136 1260 3189 sunt.
1301 3147 1375 3191 nam
1398 3131 1518 3192 omnino

332 3260 373 3303 ne
402 3241 434 3300 in
463 3235 513 3298 his
542 3232 672 3315 quidem
702 3230 799 3294 rebus
829 3231 929 3293 Latini
956 3241 1067 3311 poetae
1097 3249 1114 3291 a
1137 3230 1330 3294 Graecorum
1359 3243 1519 3314 poetarum

332 3341 506 3406 imitatione
530 3343 742 3414 recesserunt,
768 3332 825 3396 sed
841 3333 941 3396 secuti
964 3341 1038 3394 sunt
1053 3343 1162 3414 poetas
1177 3331 1425 3416 Alexandrinos,
1448 3355 1520 3418 quos

332 3449 366 3510 in
388 3446 448 3507 hoo
471 3460 589 3525 genere
612 3440 710 3502 multa
732 3436 884 3499 audacius
906 3435 1025 3499 dixisse
1047 3446 1184 3514 constat,
1211 3439 1252 3499 ita
1276 3447 1383 3501 tamen
1407 3449 1520 3502 utnon

331 3551 373 3614 sit
396 3543 643 3610 existimandum
666 3539 825 3623 quidquid
847 3541 880 3600 in
903 3538 1013 3602 verbis
1041 3539 1224 3603 inusitatius
1246 3541 1438 3606 collocandis
1459 3543 1521 3606 ausi

332 3655 396 3716 sint
419 3661 539 3714 coactos
555 3647 667 3709 iecisse
683 3661 888 3707 numerorum
911 3642 1115 3705 necessitate:
1141 3643 1333 3725 plerumque
1354 3648 1441 3709 enim
1456 3664 1521 3708 ora-

332 3756 428 3819 tionis
455 3752 623 3815 insolentia
650 3748 769 3810 colores
792 3745 986 3808 carminibus
1016 3755 1047 3808 ct
1070 3746 1227 3808 lenocinia
1249 3747 1370 3811 addere
1394 3749 1520 3814 studue

334 3867 408 3922 runt
431 3873 539 3936 noque
567 3851 673 3934 inopia
694 3851 772 3912 artis
794 3849 852 3913 scd
874 3868 969 3930 saepe
993 3848 1160 3911 adfectatio
1190 3861 1222 3912 et
1245 3854 1425 3932 quaesitum
1448 3854 1520 3916 arti-

333 3961 440 4024 ficium
455 3953 722 4039 deprehenditur.
761 3953 956 4034 antiquiores
978 3961 1085 4013 autem
1106 3963 1215 4034 poetas
1230 3954 1418 4037 diligentius
1433 3958 1522 4020 etiant

334 4063 512 4128 cavendum
536 4069 646 4122 estne
670 4058 702 4118 in
726 4054 937 4119 construenda
958 4055 1099 4116 oratione
1122 4057 1221 4121 multa
1243 4057 1411 4124 admisisse
1432 4069 1520 4142 pute·

334 4187 405 4231 mus
427 4166 492 4228 sola
514 4161 744 4226 versiculorum
767 4157 982 4221 faciendorum
1005 4161 1194 4223 necessitate
1218 4172 1358 4224 coactos:
1392 4159 1519 4225 named

334 4287 541 4335 numerorum
571 4262 822 4328 commoditatem
853 4260 1003 4324 accedere
1033 4260 1101 4324 lere
1131 4263 1212 4326 solet
1240 4267 1392 4329 orationis
1421 4267 1519 4329 minus

334 4377 450 4439 usitate
474 4372 653 4453 conpositae
676 4377 730 4430 aut
752 4367 890 4449 gravitas
911 4373 965 4428 aut
987 4367 1155 4446 elegantia.
1246 4422 1248 4424 .

422 4479 489 4540 Non
513 4476 590 4538 satis
613 4473 671 4534 hoc
685 4468 771 4552 quod
790 4468 964 4532 cavendum
988 4489 1059 4532 esse
1074 4468 1215 4534 diximus
1237 4473 1359 4536 cavisse
1376 4471 1519 4536 videntur
