3268 5108
286 369 334 440 28
583 384 672 446 lenm
696 402 861 447 nscrroavu
874 403 1063 447 assarum
1083 385 1176 446 tuat.

285 573 451 635 niancrum
480 573 546 636 loco
574 584 606 637 et
634 583 762 656 accepta
791 573 929 656 quadam
958 574 999 637 ab
1026 575 1184 637 Evervino
1208 574 1475 657 Wassenberghio

285 677 394 738 notitia
424 676 585 741 Gerardus
616 676 729 740 Tiaard
759 679 914 759 Suringar
946 679 980 740 ia
1010 676 1184 759 spicilegiis
1211 679 1333 741 criticis
1358 680 1475 760 bingae

283 797 366 842 anno
389 799 534 842 accccuu
561 779 656 844 editis
678 790 1021 860 commemoraverunt,
1050 780 1233 862 opinionem
1255 791 1394 845 nostram
1419 784 1477 844 Po-

284 901 391 945 werus
425 884 520 965 plane
554 884 762 948 confirmavit.
815 885 967 948 nimirum
1001 882 1187 966 possederat
1227 886 1300 947 olim
1335 884 1475 949 redicem

285 986 416 1049 loannes
438 989 553 1068 Morus,
578 989 747 1070 episcopus
768 988 917 1068 Elicnsis‚
943 989 1034 1051 ouius
1055 988 1154 1050 llbms
1176 986 1346 1051 Academia
1362 989 1477 1052 Canta·

284 1089 457 1170 brigiensis
474 1091 600 1173 Georgii
624 1111 645 1170 1,
672 1093 757 1173 regis
771 1090 914 1174 Angliae,
940 1090 1129 1154 liberalitate
1151 1092 1284 1173 accepit.
1323 1094 1477 1155 Wessen-

284 1192 452 1275 bergbium
476 1214 512 1256 eo
535 1193 652 1257 codicis
678 1196 858 1277 apographo
887 1214 980 1258 usum
1003 1214 1074 1258 esse
1103 1204 1252 1277 putamus
1280 1195 1365 1277 quod
1392 1215 1476 1259 auno

285 1317 381 1360 anoox
396 1299 543 1360 Davisius
564 1298 606 1360 ad
621 1299 768 1360 loannem
785 1299 942 1361 clericum
965 1298 1106 1378 miserat,
1131 1309 1168 1363 ut
1189 1319 1229 1362 ex
1246 1301 1383 1381 epistula
1406 1302 1476 1388 eius

284 1402 481 1483 intellegitur
510 1421 605 1482 quam
630 1403 798 1466 Hoevenus
827 1404 860 1464 iu
889 1401 972 1464 libro
1001 1389 1096 1483 quem
1126 1401 1167 1464 de
1197 1403 1319 1465 clerico
1350 1403 1478 1485 scripsit

285 1525 316 1586 p.
336 1502 396 1568 art
422 1503 533 1566 edidit.

371 1610 406 1671 ln
434 1610 492 1670 hcc
515 1609 612 1689 igitur
641 1607 747 1672 codice
770 1608 871 1672 Aetna
901 1611 943 1672 ita
972 1610 1090 1690 scripta
1112 1618 1160 1671 est
1186 1619 1223 1672 ut
1245 1610 1379 1672 multum
1402 1609 1476 1690 qui-

285 1711 357 1775 dem
382 1712 411 1774 ei
434 1711 474 1774 ad
497 1711 671 1794 perlectam
694 1711 868 1776 bonitatem
885 1711 978 1790 desit,
1003 1731 1066 1774 non
1084 1712 1171 1775 nulla
1194 1721 1311 1791 mmcn,
1337 1731 1420 1793 quae
1443 1714 1475 1774 in

285 1815 400 1877 ceteris
429 1815 521 1878 libris
550 1816 684 1878 mirifice
712 1827 859 1898 corrupta
887 1826 980 1895 sunt,
1012 1813 1138 1876 mendis
1166 1825 1310 1895 careant,
1344 1817 1376 1878 iu
1404 1817 1476 1879 aliis

285 1917 477 1981 emendandi
500 1921 550 1981 via
573 1920 745 2001 aperietur,
771 1920 919 1983 ltalorum
935 1927 1112 1981 commenta
1133 1937 1170 1981 ae
1192 1917 1330 1982 fallacias
1352 1921 1475 2000 antiqui

284 2020 360 2082 libri
390 2021 572 2103 integritate
596 2033 767 2104 conparata
788 2023 916 2104 penitus
939 2041 1176 2104 pernoscamus,
1208 2021 1359 2103 denique,
1391 2023 1476 2104 quod

285 2125 319 2186 in
341 2125 455 2206 primis
477 2125 682 2188 memorabile
705 2135 764 2204 est,
794 2145 923 2188 carmen
948 2126 1068 2207 aliquot
1091 2124 1239 2188 versibus
1259 2145 1476 2208 versuumque

285 2228 460 2310 particulis,
493 2247 575 2310 quae
597 2249 615 2291 a
638 2231 753 2292 ceteris
778 2227 941 2292 codicibus
969 2248 1031 2292 non
1062 2238 1266 2292 conservatae
1296 2239 1387 2309 sunt,
1418 2249 1477 2292 an-

286 2343 408 2413 geatur.
456 2333 563 2413 itaque
590 2352 706 2414 operae
736 2332 877 2414 pretinm
906 2332 1020 2396 facturi
1051 2351 1121 2396 esse
1143 2332 1236 2395 nobis
1257 2332 1417 2412 videmur,
1449 2333 1476 2394 si

285 2435 344 2497 hac
366 2434 530 2498 scribendi
552 2438 787 2518 opportunitate
816 2434 918 2497 oblata
947 2438 989 2498 ita
1017 2446 1146 2499 utemur
1175 2447 1211 2499 ut
1238 2437 1392 2518 pleraque
1423 2436 1477 2498 illa

285 2539 435 2602 carminis
457 2541 652 2602 incrementa
675 2538 848 2620 diligenter
869 2526 1109 2620 pertractemus
1152 2539 1271 2620 quibus
1292 2541 1319 2602 si
1342 2539 1478 2601 aliorum

286 2643 456 2706 multorum
485 2661 636 2705 versuum
671 2641 925 2705 emendationem
954 2641 1219 2722 admiscebimus,
1255 2653 1308 2706 aut
1342 2643 1477 2723 gratiam

285 2745 417 2808 icrtassc
447 2765 509 2808 non
539 2747 656 2810 nullam
687 2745 729 2808 ab
759 2745 941 2808 hominibus
968 2744 1069 2809 doctis
1099 2747 1252 2810 inibimus
1277 2756 1331 2808 aut
1354 2747 1479 2808 litteras

284 2847 458 2912 adiuvandi
480 2849 626 2913 voluntas
647 2850 759 2912 saltem
783 2849 999 2913 excusabitur.

371 2954 480 3034 ltaque
502 2963 573 3035 post
591 2953 741 3015 oamninis
757 2952 922 3016 exordium
947 2952 1126 3017 refutantur
1149 2951 1275 3017 labulae
1296 2963 1476 3036 poetarum,

285 3058 340 3140 qui
363 3067 418 3120 aut
439 3056 570 3119 Vulcani
601 3056 757 3118 cilicinam
787 3057 819 3118 in
842 3055 963 3120 Aetnae
990 3057 1137 3119 cavernis
1167 3075 1238 3119 csse
1267 3065 1322 3119 aut
1344 3057 1480 3119 Encela-

284 3160 362 3224 dum
385 3179 422 3223 co
449 3169 554 3222 monte
584 3159 732 3222 obrutum
763 3160 854 3240 ignes
882 3161 1029 3242 expirare
1057 3169 1286 3239 narraverunt,
1317 3160 1480 3240 simulque

285 3263 426 3327 lebulcsa
454 3263 507 3326 illa
536 3263 698 3344 gigantum
727 3262 882 3326 adversus
910 3262 988 3327 deos
1021 3283 1127 3347 pugna
1161 3262 1367 3326 describitur.
1420 3263 1481 3326 sed

285 3368 366 3429 hanc
388 3376 511 3448 partem
533 3367 687 3449 poematis
710 3367 884 3449 vulgatiora
907 3369 1101 3450 exemplaria
1131 3387 1194 3429 non
1221 3370 1379 3448 integram
1402 3387 1482 3429 con·

284 3480 464 3534 servarunt.
518 3489 555 3533 ac
587 3471 726 3551 primum
759 3470 890 3553 quidem
925 3469 1000 3535 inde
1034 3491 1052 3534 a
1084 3489 1180 3534 versu
1213 3471 1481 3553 quinquagesimo

285 3576 362 3638 haec
384 3575 545 3656 leguntur,
827 3579 847 3615 ⁴

413 3679 476 3742 iem
497 3685 693 3742 coacervatos
716 3679 857 3741 edentur
878 3677 1026 3741 scandere
1047 3679 1150 3755 molas,

414 3783 524 3865 impius
547 3789 576 3845 et
596 3783 682 3845 edim
704 3784 867 3845 marcentia
888 3783 1053 3846 commeatts
1079 3789 1168 3845 ostra

410 3893 557 3969 provocat
579 3885 708 3968 infestus
731 3893 852 3950 wactas
875 3885 916 3948 cd
936 3887 1055 3968 proelio
1076 3885 1163 3948 divos

409 3996 557 4075 provocat
687 3988 815 4052 admotis
1086 4011 1090 4020 ·

413 4093 551 4176 luppiter
572 4111 588 4154 e
610 4093 693 4156 caelo
715 4095 819 4156 metuit
840 4092 1012 4175 deetroqm
1034 4111 1192 4156 coruscam

413 4204 553 4260 armatus
574 4195 731 4276 flammam
752 4203 885 4259 removet
905 4197 1034 4279 celipiee
1056 4185 1223 4260 maedam.¹

284 4303 325 4364 ite
349 4299 474 4364 codices
498 4299 759 4363 Helmstadiensis
788 4310 819 4362 et
847 4298 1107 4381 llbedigeranus‚
1140 4301 1201 4362 nisi
1232 4298 1317 4381 quod
1348 4300 1402 4362 ille
1432 4305 1484 4362 in-

279 4406 383 4488 festos,
410 4405 462 4467 hic
484 4403 623 4485 infensus
645 4403 757 4479 habet;
785 4401 914 4486 infestus
936 4403 1083 4484 plerique
1106 4394 1244 4484 inpressi
1267 4411 1309 4482 et,
1336 4413 1371 4466 ut
1387 4403 1484 4468 vide-

284 4519 353 4590 tur,
388 4506 677 4588 Cantabrigiensis:
712 4504 828 4569 deinde
858 4509 890 4570 in
921 4507 983 4569 linc
1013 4507 1139 4570 codices
1168 4507 1213 4570 illi
1243 4505 1306 4570 duo
1341 4507 1484 4573 admotus
1543 4509 1554 4580 Ι
