3204 5104
407 431 495 490 lanu
518 447 684 491 unorrourn
707 449 885 493 aasrrranrn
904 432 997 491 t866.
1220 415 1293 489 323

109 621 205 700 doque
227 621 259 679 in
282 637 396 679 vana-m
419 637 558 699 operosos
580 619 787 700 culpaverint;
811 639 923 682 narsus
946 621 988 682 od
1009 620 1134 682 honesta
1155 621 1292 696 nitentes,

110 729 216 801 monto
231 723 330 804 mayis
346 720 539 784 incubatorint
549 723 707 803 minasque
722 721 781 783 sibi
795 724 877 784 vinci
890 741 926 784 ac
941 725 1074 806 stripare
1085 726 1292 804 permiserint,

110 822 279 905 adprobabo
313 831 342 886 et
373 823 509 886 clamabo
543 826 642 886 ‘tanto
671 823 776 886 melior
804 843 896 907 sarae
924 833 953 888 et
980 826 1100 906 inspira
1128 833 1156 886 et
1184 826 1295 888 clivam

110 929 194 988 istum
216 946 296 1002 nno,
322 928 352 988 si
368 933 469 1008 potes,
494 927 606 1007 spirita
629 927 807 1008 resapere!
853 929 946 989 nihili
969 937 1018 989 est
1040 929 1176 1007 inspiro,
1202 928 1294 988 nihili

109 1029 189 1108 quod
223 1029 403 1091 deteriores
437 1029 566 1109 quidam
600 1029 675 1091 libri
705 1029 825 1091 hebent
852 1032 941 1110 spira
970 1031 1021 1092 vel
1050 1029 1135 1110 quod
1165 1031 1294 1091 Erasmo

108 1133 238 1212 aliisque
261 1132 381 1213 placuit
401 1134 540 1212 respira:
564 1151 670 1212 neque
687 1133 838 1212 Scaligeri
861 1134 995 1215 restripa
1016 1131 1144 1212 probari
1168 1131 1291 1196 debuit.

107 1232 205 1296 deleto
229 1233 286 1297 ubi
310 1253 396 1296 nunc
417 1235 536 1314 legitur
557 1236 670 1316 spiritu
692 1245 796 1296 cetera
819 1237 862 1296 ita
878 1234 1099 1296 conformanda
1115 1244 1202 1314 sunt,
1228 1236 1294 1297 cla-

108 1336 188 1398 rnobo
214 1341 313 1398 ‘tanto
335 1337 470 1413 melior„
489 1355 581 1421 sarpa
610 1345 638 1400 et
659 1356 773 1398 smmrv
794 1337 904 1398 oiioarn
928 1337 1018 1398 istam
1041 1357 1116 1414 arto,
1148 1338 1290 1418 ripales,

106 1440 283 1519 carropera)
329 1441 445 1502 mirum
468 1450 516 1502 est
537 1459 578 1502 ne
603 1441 634 1501 in
652 1440 880 1500 recentissimis
902 1439 1032 1519 quidem
1058 1438 1294 1520 exemplaribus

108 1551 173 1620 post
194 1549 278 1604 tanto
302 1543 407 1604 melior
436 1563 506 1606 esse
536 1544 785 1623 interpunetum.
832 1543 1010 1606 necessario
1039 1560 1057 1602 a
1086 1542 1220 1622 reliquis
1242 1561 1295 1604 se-

109 1643 245 1724 paranda
276 1654 344 1706 erat
370 1654 443 1706 nota
466 1647 542 1708 satis
564 1645 753 1707 laudationis
782 1645 927 1706 lormula.
974 1645 1097 1707 rettulit
1120 1645 1153 1705 in
1176 1645 1295 1724 glossa-

107 1748 186 1808 rium
209 1767 303 1809 suum
327 1747 517 1811 Philoxenus
545 1755 626 1810 tanto
655 1749 761 1810 melior
788 1741 920 1832 τοσούτῳ
946 1744 1100 1831 κρείσσων.
1147 1764 1225 1809 usus
1247 1755 1294 1809 est

107 1867 143 1910 ea
169 1849 305 1911 formula
334 1851 454 1912 Seneca
481 1851 539 1929 Ep.
566 1849 600 1911 74
630 1851 688 1929 28,
726 1850 830 1912 beatas
858 1867 931 1910 vero
959 1856 986 1910 et
1014 1850 1137 1911 tirtntis
1166 1857 1294 1912 enarra

105 1957 174 2014 tanc
200 1953 400 2014 semanimo
426 1960 511 2014 ornat
539 1971 607 2014 cant
631 1952 798 2034 fortissime
823 1959 1053 2033 repertumst,
1086 1960 1114 2014 et
1135 1953 1294 2015 metuenda

106 2055 226 2130 ceteris,
252 2055 282 2115 si
303 2055 434 2116 diarias
456 2054 573 2116 bonesti
593 2053 685 2135 officii
702 2057 805 2135 pretia
819 2061 906 2131 sant,
932 2073 992 2115 non
1008 2054 1216 2136 teatensem,
1241 2056 1295 2118 sed

105 2156 302 2236 ampleoeotar
330 2157 480 2237 multoque
509 2157 618 2217 audire
646 2157 765 2218 mavolt
794 2159 902 2218 ‘tanto‘
922 2157 1039 2217 melior’
1070 2175 1161 2238 qaam
1194 2161 1293 2220 ‘tanto

101 2256 241 2337 felicior)
294 2257 442 2321 addimus
466 2259 545 2320 alios
567 2257 652 2340 apud
675 2277 754 2339 quos
777 2257 861 2320 idem
884 2265 966 2320 tanto
988 2259 1095 2320 melior
1117 2259 1291 2339 invenitur,

107 2360 246 2422 Plautum
277 2363 371 2423 Persa
395 2381 417 2422 u
440 2361 459 2421 b
483 2361 535 2440 46,
570 2361 760 2423 Truculento
783 2380 801 2421 r
824 2362 875 2438 tt,
908 2362 1092 2422 Terentium
1122 2363 1233 2425 Heaut.
1259 2381 1293 2425 ru

104 2464 205 2542 238,
231 2463 409 2526 Phaedrum
432 2482 467 2524 ru
490 2463 508 2524 6
532 2465 567 2543 3,
599 2464 779 2525 Petronium
803 2481 872 2543 cap.
899 2465 956 2542 69,
987 2465 1217 2536 Quintilianum
1240 2485 1294 2526 rur

103 2567 124 2626 2
149 2567 199 2644 48,
224 2567 381 2642 Donatum
404 2567 437 2628 in
460 2566 600 2628 Terentii
618 2565 678 2627 Ad.
704 2584 733 2626 tr
758 2567 769 2626 l
799 2567 830 2628 2.
878 2565 989 2629 eadem
1012 2577 1117 2628 eutem
1142 2567 1294 2629 emenda-

103 2669 199 2730 tionis
220 2668 320 2730 torma
343 2687 405 2749 qua
428 2670 540 2750 spirata
563 2671 595 2730 in
619 2669 721 2731 locum
738 2687 830 2730 suum
846 2667 1033 2730 reduximus
1050 2667 1292 2750 delevimusque

104 2771 136 2833 id
167 2773 256 2833 cuius
285 2769 466 2850 corrigendi
494 2789 588 2832 causa
615 2770 811 2851 adscriptum
841 2780 909 2832 erat
942 2780 1112 2851 antequam
1142 2770 1198 2833 ubi
1229 2790 1292 2833 non

102 2872 242 2936 debebat
265 2875 420 2934 insertum
449 2883 498 2934 est
525 2891 630 2954 nuper
661 2873 692 2934 in
715 2875 855 2935 Senecae
879 2872 1001 2953 dialogo
1025 2892 1054 2933 rr
1084 2874 1152 2934 sive
1176 2873 1294 2937 Conso-

104 2977 220 3040 latione
235 2975 368 3037 Marciae
387 2977 425 3036 te
444 2977 455 3035 4
484 2995 501 3037 e
525 2973 679 3036 librorum
703 2975 771 3036 istis
794 2975 898 3037 uidere
920 2975 1082 3038 miraberis
1103 2995 1163 3036 ono
1186 2967 1292 3038 sidere¹

101 3082 204 3140 omnia
227 3079 341 3160 inpleri
362 3075 497 3140 lecimus
518 3077 619 3139 sidere
641 3077 802 3140 miraberis
830 3097 889 3139 ano
916 3080 1017 3139 omnia
1040 3079 1161 3158 inpleri.
1209 3089 1294 3141 oete·
1314 3097 1340 3141 tr

105 3201 174 3244 rum
197 3201 254 3261 pro
277 3183 391 3262 spirita
414 3181 552 3260 primum
575 3181 729 3260 scriptum
752 3179 851 3242 luisse
872 3180 1002 3242 videtur
1027 3183 1172 3261 inspiretur
1195 3182 1293 3262 idque

101 3285 221 3348 deinde
251 3287 353 3365 magis
383 3303 452 3346 esse
483 3283 702 3365 depravatum.
750 3285 873 3346 sonim
898 3285 1046 3364 inpurum
1072 3302 1166 3363 quam
1189 3286 1294 3346 varios

102 3407 231 3450 errores
264 3388 429 3468 pepererit
461 3387 679 3448 Lachmannus
711 3387 903 3466 aliquotiens
937 3387 1105 3466 exquisitis
1138 3387 1294 3467 exemplis

101 3491 222 3552 docuit.
276 3489 425 3553 addimus
453 3491 524 3551 alia.
573 3488 691 3550 lsidoro
719 3489 807 3570 Orig.
841 3509 858 3549 x
887 3489 948 3550 255
978 3507 1091 3550 scurra
1117 3489 1247 3550 videtur
1275 3509 1293 3551 a

101 3593 269 3676 sequendo
291 3593 396 3656 dictus
420 3612 508 3655 esse:
535 3592 628 3654 aliter
650 3603 759 3670 antea,
785 3613 804 3652 x
828 3593 899 3670 464,
926 3595 1050 3653 iscurra
1073 3600 1200 3653 vocator
1222 3593 1294 3672 quio

99 3715 199 3759 caasa
220 3715 305 3760 oscae
321 3698 491 3777 qnempiam
507 3703 706 3758 consectator.
754 3696 977 3774 grammaticus
993 3695 1026 3755 in
1041 3694 1200 3756 bnaleotis
1214 3695 1293 3756 Vin-

100 3799 341 3862 dobonensibus
363 3817 395 3880 p.
416 3801 476 3860 446
500 3800 568 3860 sive
592 3800 624 3858 in
642 3799 734 3860 Keilii
751 3797 970 3859 Grammaticis
993 3808 1016 3858 t.
1035 3817 1065 3859 tv
1086 3818 1119 3878 p.
1140 3799 1200 3858 499
1221 3817 1292 3860 oum

99 3905 231 3984 scripsit
253 3902 427 3965 dicendum
450 3921 520 3964 esse
544 3901 767 3976 constabilita-s,
798 3919 859 3962 non
883 3901 1084 3976 instabilitas,
1115 3901 1293 3962 accuratius

100 4007 319 4087 praecepisset
346 4005 513 4078 stabilitus,
546 4023 606 4064 non
636 4003 822 4066 instabilitas
851 4003 1022 4065 dicendum
1052 4021 1134 4064 esse.
1185 4013 1292 4064 contre

99 4107 188 4169 idem
212 4110 435 4188 grammaticus
456 4127 488 4187 p.
509 4105 570 4167 437
593 4107 661 4167 sive
684 4105 769 4186 apud
794 4106 929 4168 Keilium
952 4126 984 4186 p.
1013 4106 1071 4166 493
1096 4123 1159 4165 non
1182 4105 1293 4167 stinctn

99 4212 247 4291 scripsit,
275 4209 331 4272 sed
354 4211 509 4272 instincta.
556 4227 597 4269 ne
612 4208 773 4271 Arnobius
796 4209 926 4289 quidem
951 4227 972 4268 u
995 4209 1013 4268 3
1039 4207 1166 4288 scripsit
1184 4209 1294 4289 porin-

97 4315 234 4376 strinaeit
255 4331 308 4375 oos
331 4312 496 4394 aberrando
519 4313 650 4392 suspicio
678 4312 799 4373 illoram
823 4320 878 4373 aut
899 4313 1025 4387 mentio,
1056 4309 1130 4388 sed,
1160 4320 1196 4372 ut
1217 4311 1292 4372 olim

100 4425 189 4478 certe
213 4416 409 4478 intellectum
426 4425 488 4494 est,
512 4415 709 4496 perstrinoeit.
759 4414 953 4476 intellectum
969 4415 1043 4475 olim
1059 4422 1107 4476 est
1121 4413 1291 4493 Apuleium

100 4521 134 4580 in
158 4516 294 4580 Floridis
317 4536 327 4579 r
351 4518 390 4580 lb
420 4537 452 4599 p.
478 4517 517 4578 te
542 4516 625 4580 Oud.
658 4519 823 4600 scripsisse
853 4517 1008 4599 chlamyde
1029 4517 1111 4579 velot
1131 4519 1293 4596 atramento

1028 4634 1084 4687 21*
