3186 5108
314 370 384 442 172
604 385 693 446 ianm
716 401 882 446 ιεοτιοανι
907 382 1204 445 accrescentem.

308 576 355 636 xit
377 575 513 637 Galenes
536 573 616 636 deae
646 584 678 636 et
700 573 863 655 tranquilli
887 573 984 634 maris
1011 571 1270 653 significationem
1295 571 1499 634 Callimachus

207 679 210 682 ’
310 679 342 740 in
366 678 594 758 epigrammate
618 675 704 758 quod
726 674 911 739 Athenaeus
933 694 973 737 νιι
997 695 1029 756 p.
1048 675 1111 737 666
1134 675 1258 754 attulit,
1284 668 1407 760 Κίγχος
1429 667 1498 756 ίγιί,

309 777 471 866 Ζεφυρῖτι,
501 778 702 865 παλαίτερος,
734 774 813 844 ἀλλὰ
836 774 872 844 σὺ
894 782 946 843 νῦν
969 801 1025 861 με,
1050 771 1169 862 Κύπρι,
1194 775 1362 863 Σεληναίης
1386 768 1499 860 ἄνθεμα

308 887 425 970 πρῶτον
441 879 535 970 ἔχεις,
561 879 723 959 Ναυτίλον,
737 872 772 955 ὃς
787 876 966 966 πελάγεσσιν
982 878 1139 958 ίπέπλεον,
1157 880 1184 946 εί
1200 877 1253 965 μίν
1270 875 1374 966 ἀῆται,
1399 877 1500 954 Telau:

309 985 427 1052 οἰκείων
450 985 559 1073 λαῖφος
581 981 640 1051 ἀπὸ
662 982 832 1072 προτόνων,
856 981 895 1050 El
917 981 951 1048 δὲ
973 981 1142 1070 γαληναίη,
1173 979 1285 1071 λιπαρὴ
1309 978 1393 1062 θεάς,
1418 975 1500 1056 οὖλος

307 1084 440 1177 ίρίσσυιν
471 1087 600 1158 Ποσσίν·
632 1084 672 1154 ἴδ’
707 1083 748 1162 ὡς
775 1080 884 1175 τῶργιρ
911 1079 1043 1172 τοῦνομα
1073 1081 1269 1174 συμφίμεται.
1316 1090 1501 1172 simpliciter

308 1194 390 1258 dixit
412 1195 597 1257 Theocritus
612 1213 678 1256 vxxn
704 1195 743 1255 69
774 1189 859 1278 Aldu
888 1187 915 1256 δ’
950 1186 1136 1277 άποληγουσ’
1169 1183 1295 1276 ἄνεμοι,
1328 1188 1444 1278 λιπαρὰ
1472 1191 1500 1256 δὲ

307 1293 428 1384 γαλάνα
440 1289 501 1381 Ἂμ
514 1289 657 1380 πίλαγος,
681 1296 805 1360 doctius
821 1296 1030 1360 Callimachus
1045 1295 1125 1360 deae
1140 1297 1301 1359 notionem
1322 1295 1499 1360 admiscuit.

309 1421 391 1484 qnae
414 1401 474 1464 dca
498 1419 569 1464 cum
593 1401 697 1463 rarius
719 1401 956 1463 commemorari
973 1399 1150 1480 videretur,
1175 1399 1409 1481 adscripsimus
1424 1419 1500 1481 quae

310 1509 507 1588 inpromptu
530 1503 622 1566 nohis
644 1514 736 1567 erant
759 1502 918 1584 exempla.
958 1513 1148 1565 numeratur
1165 1499 1288 1587 Γαλήνη
1310 1505 1398 1566 inter
1413 1505 1501 1566 Nerei

308 1619 340 1672 et
362 1606 488 1670 Doridis
511 1607 591 1670 filias
613 1607 654 1668 ab
678 1607 813 1670 Hesiodo
835 1607 941 1686 theog.
966 1625 998 1666 v.
1017 1607 1090 1669 266.
1123 1617 1190 1669 tum
1213 1606 1300 1686 apud
1316 1607 1500 1689 Euripidem

309 1713 340 1774 in
365 1712 483 1780 Helena
507 1730 540 1772 v.
559 1711 640 1772 titt
672 1719 721 1774 cst
748 1704 867 1794 γλαυκὰ
896 1702 1013 1772 Πόντου
1041 1702 1176 1795 θυγάτηρ
1207 1703 1380 1787 Γαλάνεια,
1413 1721 1445 1773 et
1473 1712 1502 1770 in

307 1815 534 1896 epigrammate
565 1813 722 1876 Leonidae
752 1814 840 1877 anth.
874 1814 937 1875 Pal.
963 1831 1004 1875 vu
1027 1813 1089 1874 666
1120 1805 1195 1877 Οὐδ’
1231 1807 1262 1877 εἴ
1288 1836 1340 1897 μοι
1367 1807 1502 1896 γελάυοα

307 1910 536 2003 ναταστορίοειε
559 1909 681 2002 Γαλήνη
713 1910 844 2001 Κάματα
871 1913 923 1981 καί
951 1910 1091 2000 μαλανὴν
1120 1913 1214 2001 φρῖαα
1242 1909 1332 2002 φέροι
1354 1909 1500 2002 Ζέφυρος,

308 2013 471 2107 Νηοβάτην
499 2012 625 2107 ὄψεσθε.
672 2021 863 2102 colloquium
892 2021 1031 2101 Panopes
1060 2029 1092 2082 et
1122 2019 1258 2084 Gaianas
1286 2019 1445 2084 habemus
1473 2023 1502 2082 in

288 2125 437 2213 ‘Luciani
465 2124 599 2206 dialogis
629 2125 771 2187 marinis.
819 2133 954 2186 statuam
977 2122 1114 2186 Galenus
1143 2133 1368 2186 commemorat
1392 2125 1503 2188 Pausa-

308 2229 377 2290 nias
400 2247 422 2290 u
448 2229 459 2288 l
489 2231 520 2308 9,
547 2228 579 2290 in
603 2228 726 2310 beryllo
749 2227 905 2309 sculptam
928 2223 1078 2288 Addaeus
1100 2228 1189 2288 anth.
1216 2227 1279 2288 Pal.
1299 2245 1328 2289 tx
1352 2227 1429 2290 566.
1464 2227 1502 2288 dc
1583 2299 1584 2310 γ

309 2331 491 2394 Callimachi
514 2333 743 2414 epigrammate
766 2349 829 2392 non
855 2347 919 2393 una
942 2328 982 2392 de
1005 2349 1099 2393 causa
1122 2327 1309 2392 difficillimo
1332 2329 1503 2413 disputarit
1583 2323 1584 2328 ’

307 2453 413 2516 nuper
435 2433 596 2516 Augustus
618 2435 794 2497 hleiuekius
817 2432 925 2495 Philol.
952 2452 1000 2495 ιιιν
1022 2453 1055 2515 ρ.
1079 2435 1098 2494 8
1121 2451 1165 2496 ss.
1191 2433 1246 2514 qui
1270 2433 1356 2514 quod
1379 2433 1500 2496 Ottonis

308 2539 497 2602 Schneideri
513 2539 694 2621 opinionem
710 2537 826 2619 partim
842 2546 970 2600 secutus
984 2537 1112 2618 scripsit
1126 2533 1248 2600 ποσσίν·
1271 2528 1313 2600 ἴδ’
1342 2529 1384 2609 ὡς
1399 2527 1503 2622 τοίργιρ

313 2639 408 2723 (apud
430 2641 629 2706 Athenaeum
652 2641 738 2705 enim
761 2641 879 2722 legitur
899 2635 1003 2704 ποσσίν
1025 2632 1065 2703 ἵν’
1094 2631 1166 2704 ὥστ’
1192 2636 1298 2726 ἔργῳ),
1325 2642 1385 2703 etsi
1410 2661 1503 2723 supra

307 2745 349 2807 ab
372 2765 409 2807 eo
432 2765 494 2808 non
519 2746 725 2824 recessimus,
758 2753 865 2806 tamen
896 2741 1033 2806 latemur
1055 2744 1149 2806 aliter
1176 2742 1268 2805 nobis
1290 2742 1396 2806 videri
1423 2743 1504 2808 iudi-

308 2847 445 2911 candum
461 2868 545 2912 esse.
585 2867 657 2912 nam
682 2857 731 2911 est
752 2865 829 2910 sane
852 2846 933 2910 illud
954 2840 996 2910 ἴδ’
1024 2840 1065 2920 ὡς
1089 2848 1121 2910 in
1137 2848 1403 2929 epigrammatum
1420 2848 1503 2930 poesi

309 2950 622 3033 frequentissimum,
649 2951 786 3014 maxime
809 2949 865 3014 ubi
888 2949 1064 3014 absolvitur
1086 2951 1244 3014 sententia
1268 2953 1504 3032 epigrammatis

314 3052 422 3135 (veluti
451 3053 539 3118 anth.
566 3055 628 3118 Pal.
655 3074 684 3117 νι
710 3055 785 3132 249,
817 3073 848 3116 rx
873 3055 945 3134 623,
972 3056 1045 3134 266,
1071 3055 1146 3134 263,
1171 3054 1246 3134 266,
1272 3055 1368 3136 339),
1402 3074 1503 3136 neque

308 3157 495 3238 urgebimus
517 3158 598 3222 hanc
621 3157 749 3228 dicendi
773 3158 905 3221 lormam
928 3156 1074 3220 familiari
1103 3159 1242 3220 sermoni
1266 3160 1367 3240 magis
1390 3178 1504 3221 convc-
1581 3235 1582 3256 γ

308 3263 379 3324 nire
402 3280 498 3343 quam
529 3261 603 3324 huic
631 3261 767 3343 poemati
797 3281 859 3343 quo
888 3259 968 3324 deae
995 3258 1163 3324 dedicatur
1191 3260 1325 3324 donum:
1359 3261 1420 3326 sed
1449 3262 1503 3325 hoc
1581 3269 1582 3290 ¹

309 3375 520 3444 certamem,
553 3384 615 3428 non
639 3364 818 3428 necessario
849 3367 891 3428 ite
914 3363 1087 3426 dicendum
1117 3363 1215 3428 luisse
1241 3375 1364 3446 poetae.
1416 3385 1504 3448 prac-

309 3467 407 3532 stahit
429 3468 526 3550 igitur
548 3466 726 3531 emendatio
742 3487 804 3550 qua
829 3469 943 3531 litteris
962 3468 1056 3549 plene
1079 3486 1143 3531 non
1167 3469 1296 3530 mutatis
1318 3468 1377 3532 sed
1394 3470 1505 3532 melius

309 3581 432 3636 tantum
462 3570 574 3634 divisis
601 3573 700 3635 oratic
729 3581 760 3635 et
790 3582 873 3635 recta
905 3581 937 3634 ct
965 3571 1155 3634 Callimacho
1185 3570 1280 3652 digna
1311 3573 1502 3636 restituitur.
1580 3647 1581 3658 γ

309 3679 417 3757 itaque
446 3695 518 3738 cnm
546 3672 744 3740 Godoiredus
774 3677 974 3739 Hermannus
1002 3675 1103 3756 Orph.
1128 3695 1161 3757 p.
1185 3675 1242 3737 77⁴
1272 3694 1312 3738 ex
1340 3672 1447 3740 ποσσίν
1468 3670 1500 3738 ἵν’
1580 3727 1581 3748 ,

309 3781 454 3843 elicuerit
476 3776 566 3843 ποσσί
587 3801 644 3857 νιν,
669 3777 878 3860 probabimus
901 3779 969 3856 hcc,
994 3776 1052 3840 scd
1076 3779 1119 3841 ita
1142 3777 1350 3861 probabimus
1374 3791 1410 3843 nt
1433 3799 1504 3862 pro

309 3902 424 3945 nomen
448 3901 529 3960 non,
562 3893 597 3947 ut
621 3885 802 3946 Hermanno
832 3881 1012 3946 laciendum
1036 3881 1225 3960 videbatur,
1257 3881 1297 3944 ad
1327 3877 1503 3967 πελάγεσσιν

310 3985 497 4064 referamus,
522 3985 580 4048 sed
601 3986 643 4049 ed
661 3985 847 4050 vocabulum
866 3985 950 4068 quod
973 3995 1021 4048 est
1043 3983 1208 4070 γαληναίη,
1232 3984 1273 4048 ad
1289 3985 1377 4068 quod
1399 3985 1504 4050 leoch-

308 4089 375 4152 sins
399 4089 537 4169 rettulit,
572 4089 815 4170 scribemusque
838 4085 877 4154 Et
900 4085 934 4152 δὲ
956 4086 1126 4174 γαληναίη,
1159 4083 1271 4174 λιπαρὴ
1296 4085 1387 4169 θεός,
1419 4079 1503 4160 οὖλος
1579 4081 1580 4092 ’

307 4185 439 4278 ίρέσσιον
465 4189 559 4256 Ποσσί
581 4212 646 4256 νιν·
673 4182 714 4264 ὣς
735 4183 845 4278 τυίργιρ
866 4183 998 4277 τοῦνομα
1020 4187 1217 4279 συμφέρεται.
1258 4192 1407 4276 displicet
1431 4195 1503 4256 hici-

309 4297 405 4360 nekio
430 4293 475 4359 νίν
506 4296 580 4360 illuc
612 4297 747 4360 relatum
780 4295 974 4377 videturque
1005 4296 1116 4360 inutile
1147 4315 1218 4358 esse
1248 4307 1345 4378 atquc
1375 4295 1502 4382 ἐρέσσων

308 4400 425 4462 melius
446 4399 515 4462 sine
538 4400 716 4462 accusativo
739 4418 814 4462 casu
837 4397 912 4460 dici.
960 4409 991 4462 et
1013 4419 1090 4462 sane
1113 4399 1154 4462 ad
1178 4392 1313 4484 ἐρέσσειν
1336 4401 1501 4465 accusativi

308 4502 383 4567 eddi
416 4503 517 4566 solent
539 4501 764 4567 vocabulorum
788 4501 906 4584 quibus
935 4522 1033 4568 naves
1062 4503 1285 4586 significantur
1311 4505 1433 4568 aliaeve
1456 4523 1502 4566 res
