3184 5108
305 355 380 428 214
601 369 690 430 ison
713 385 877 428 snormm
899 382 1084 426 ιιιοιιιιιιιιτι
1103 363 1196 428 4888.

306 553 397 641 liulfi
421 553 564 642 χρυσείῃ,
589 550 663 640 ὑπὲρ
684 551 843 640 ἀργυρέοιο
865 551 1007 638 λέβητος,
1031 548 1186 636 νίψασθαι.
1234 569 1347 618 verum
1369 554 1484 617 omnino

307 661 419 742 Chrysi
451 660 535 725 illius
556 661 624 722 sive
647 660 758 722 vinum
780 658 848 719 sive
871 674 984 737 aquam
1014 655 1177 720 tundentis
1200 655 1376 721 ministerio
1396 654 1485 719 absti-

306 763 448 826 nendum
465 773 523 825 est.
564 773 730 844 postquam
754 763 839 824 enim
855 758 980 822 dixerat
995 760 1048 820 lon
1071 749 1144 841 ἡμῖν
1167 754 1201 822 δὲ
1219 753 1338 844 κρητῆρ’
1365 751 1486 843 οἰνοχόοι

306 865 436 951 θέραπες
458 859 620 949 κιρνάντων
650 857 844 950 προχύταισιν
873 861 905 926 δν
935 855 1111 946 ἀργυρέοις,
1143 879 1205 922 non
1233 871 1358 942 poterat
1384 861 1441 926 uisi
1463 863 1485 925 si

307 971 415 1050 inepte
438 966 549 1030 ludere
565 969 662 1030 vellet
676 969 821 1030 ministro
837 967 944 1030 lictum
960 965 1072 1046 Chrysi
1096 984 1210 1032 nomeu
1228 964 1358 1032 indere:
1385 964 1486 1046 qoouu

305 1081 411 1134 sutem
442 1091 518 1134 vero
547 1072 675 1133 nomine
703 1056 871 1132 dicebatur
893 1069 1050 1148 ChrysuS,
1083 1087 1146 1134 uon
1176 1068 1282 1133 minus
1312 1069 1421 1149 inepte
1441 1069 1487 1131 lou

308 1183 401 1236 nntcn
424 1172 558 1237 dixisset
579 1167 773 1258 προχύταισιν
803 1171 835 1236 ἐν
859 1165 1025 1260 ἀργυρέοις.
1074 1190 1148 1239 num
1170 1189 1242 1240 clim
1264 1172 1353 1236 iuxta
1374 1171 1416 1236 sd
1435 1166 1489 1254 dp-

306 1270 424 1362 γορίοις
440 1277 621 1340 ωΙΙοοιιιιιω
638 1278 679 1340 sit
693 1269 826 1361 Χροοός,
844 1277 1031 1362 significatio
1046 1274 1183 1342 nominis
1199 1273 1389 1342 delitescere
1404 1275 1489 1355 plane

307 1399 371 1442 non
393 1389 514 1460 potest,
546 1379 604 1441 scd
626 1380 727 1442 oritur
749 1379 887 1444 absurda
914 1382 1083 1461 utriusque
1106 1377 1251 1442 vocabuli
1277 1378 1488 1458 oppositum,

307 1492 343 1545 ut
365 1481 522 1562 diximus,
554 1481 677 1544 luditur
705 1483 824 1564 inepte.
871 1503 971 1546 unum
995 1483 1197 1546 Welckerum
1225 1481 1284 1545 lioe
1307 1481 1491 1544 intellexisse

307 1585 468 1648 videmus:
502 1586 557 1666 qui
580 1583 666 1666 quod
688 1585 837 1650 Lobeckii
860 1585 939 1651 illud
961 1579 978 1650 ‘o
1002 1582 1035 1648 δθ
1057 1578 1171 1670 τρήσας
1192 1581 1356 1664 probavit,
1387 1582 1491 1646 iecisse

308 1686 437 1751 videtur
456 1689 598 1750 melioris
626 1687 856 1752 emendationis
885 1688 1117 1770 desperatione.
1164 1686 1257 1754 nobis
1283 1695 1391 1752 autem
1420 1707 1493 1769 προ-

306 1784 445 1876 χύταισιν
473 1789 506 1853 δν
535 1785 692 1876 ἀργυρέοις
721 1801 753 1854 et
780 1785 892 1877 χροοός
920 1793 1004 1856 inter
1033 1809 1068 1856 sc
1097 1791 1269 1856 cohaerere
1301 1790 1493 1868 alterumque

307 1894 407 1956 altero
430 1892 562 1956 delendi
587 1893 752 1974 videntur,
786 1904 817 1958 et
840 1915 911 1960 cum
934 1893 1076 1960 dubitari
1099 1912 1162 1956 non
1185 1895 1284 1975 possit
1306 1893 1386 1974 quin
1407 1891 1493 1976 βασι-

308 1991 376 2068 λεὺς
399 1997 452 2059 ille
482 1997 523 2060 ab
546 1999 620 2060 lone
648 1998 826 2079 adpellatus
849 2017 906 2060 rex
928 1999 970 2062 sit
992 1996 1328 2074 Lacedaemoniorum,
1359 1995 1495 2060 convivis

308 2100 511 2181 pincernisve
533 2111 702 2182 argenteos
723 2095 888 2187 προχύτας,
913 2101 981 2182 regi
1005 2119 1138 2164 aureum
1154 2100 1303 2181 poculum
1319 2097 1402 2162 belle
1425 2116 1495 2162 cou-

307 2205 420 2265 venire
443 2204 672 2268 existimemus.
719 2203 831 2285 quodsi
855 2205 1128 2285 circumspicimus
1150 2201 1308 2284 quomodo
1329 2211 1422 2282 poeta
1444 2202 1495 2264 noc

309 2304 428 2370 dixerit
451 2315 484 2368 et
505 2325 587 2386 quse
609 2308 675 2371 sint
697 2308 729 2374 iu
752 2306 845 2370 libris
867 2307 1031 2386 mendose,
1057 2309 1197 2388 primum
1218 2303 1496 2371 animadvertimus

309 2403 387 2471 οἶνον
417 2404 498 2493 ἔχων
528 2420 695 2491 postquam
723 2412 897 2492 praecessit
918 2403 1053 2496 οἰνοχόοι
1074 2403 1205 2493 θέραπες
1234 2417 1321 2472 certe
1350 2426 1414 2474 non
1435 2406 1496 2470 ele-

308 2520 423 2591 ganter
450 2509 570 2576 dictum
599 2531 681 2576 esse.
729 2512 847 2578 deinde
875 2506 982 2582 νιζίτω
1009 2513 1053 2585 εἰς
1078 2509 1192 2597 ἔδαφος
1221 2529 1328 2591 noque
1356 2509 1398 2572 ds
1422 2507 1497 2570 liba-

309 2614 411 2693 tions‚
436 2615 526 2678 cuius
549 2617 581 2678 in
605 2617 747 2696 proximo
770 2615 900 2680 demum
923 2635 1020 2680 versu
1042 2615 1160 2682 mentio
1184 2615 1234 2688 tit,
1265 2611 1429 2678 commode
1451 2612 1497 2674 in-

310 2717 417 2798 tellegi
446 2737 538 2798 posse
568 2716 697 2782 videtur
724 2738 830 2800 neque
858 2718 979 2784 dietum
1012 2739 1082 2784 osse
1111 2721 1182 2784 siue
1211 2737 1324 2798 mogun
1352 2714 1498 2781 orationis

309 2821 488 2883 insolentia.
536 2823 699 2902 conposuit
721 2824 804 2886 lonis
826 2823 947 2886 scilicet
969 2819 1050 2886 οἶνον
1072 2814 1179 2891 solitos
1201 2821 1244 2894 εἰς
1266 2817 1380 2904 ἔδαφος
1403 2817 1498 2884 tobe-

310 2924 400 2986 clius
422 2922 526 2986 Aiacis
556 2944 588 3004 p.
615 2926 676 2988 ste
712 2945 784 2988 cum
813 2926 884 2990 aliis
914 2926 1070 3007 exemplis
1098 2923 1270 2992 verborum
1299 2942 1382 3005 qiua
1412 2939 1498 2988 ume-

308 3025 415 3089 ctnndi
437 3027 700 3106 significationem
730 3027 848 3092 habent
877 3030 911 3092 in
933 3027 1120 3094 effundendi
1151 3029 1311 3093 notionem
1334 3025 1498 3091 inclinato-

309 3147 392 3206 rum,
413 3129 509 3192 veluti
532 3130 703 3210 Sophocles
718 3130 800 3194 dixit
813 3129 864 3196 Αἰ.
882 3151 914 3192 v.
933 3131 995 3194 376
1011 3125 1136 3216 &peplis
1159 3125 1219 3213 αἷμ’
1240 3126 1363 3209 ἔδιοοα,
1388 3127 1496 3192 Trach.

308 3249 340 3292 v.
359 3232 421 3294 sts
444 3221 538 3314 ἧποο
560 3225 671 3296 ἀδινῶν
685 3229 809 3319 χλωρὰν
833 3228 933 3318 τέγγει
951 3227 1088 3320 δακρύων
1105 3225 1214 3320 ἄχνον,
1239 3231 1397 3298 Pindarus
1412 3232 1496 3296 Nem.

310 3354 329 3398 x
354 3334 408 3395 itt
431 3330 530 3419 δορμὰ
549 3331 663 3420 τέγγων
688 3329 815 3422 δύιριια,
839 3339 893 3400 elii
916 3339 988 3402 alia.
1029 3357 1164 3418 quorum
1187 3336 1410 3418 exemplorum
1431 3333 1500 3398 nul-

309 3437 375 3500 lum
400 3438 440 3500 ite
464 3449 668 3519 conparatum
691 3449 739 3502 est
768 3451 804 3506 ut
826 3440 981 3505 credibile
1004 3439 1098 3506 iaciat
1124 3442 1231 3504 Ionem
1253 3439 1375 3506 dixisse
1398 3431 1499 3510 νιζύτω

285 3539 353 3612 sel<
376 3537 499 3626 ἔδαφος.
548 3543 655 3622 itaque
678 3561 750 3608 cum
772 3543 913 3610 noudum
937 3542 1139 3608 emendatum
1156 3533 1231 3608 esse'
1252 3543 1401 3610 videntur
1423 3541 1499 3606 huis

310 3661 457 3724 carmen,
493 3645 553 3708 alia
587 3645 772 3727 quaerenda
805 3657 890 3710 sunt.
946 3657 1096 3728 putamus
1127 3658 1235 3712 eutem
1268 3657 1396 3729 postem
1428 3647 1499 3708 heco

310 3747 487 3828 scripsisse,

438 3843 572 3936 χαιρύτω
593 3843 736 3936 ἡμέτερος
759 3846 911 3938 βασιλεύς,
935 3848 1035 3940 σωτήρ
1058 3877 1090 3918 τε
1111 3849 1210 3940 πατήρ
1232 3874 1282 3922 το·

502 3947 573 4037 ἡμῖν
597 3951 630 4018 δὲ
652 3950 773 4040 κρητῆρ’
799 3949 932 4042 οἰνοχόοι
954 3949 1085 4042 θέραπες

437 4050 600 4142 κιρνάντων
621 4052 817 4144 προχύταισιν
838 4058 871 4122 δν
894 4053 1063 4145 ἀργυρίοις,
1085 4051 1104 4124 i
1129 4058 1162 4126 δὲ
1183 4065 1297 4148 χρυσοῖο

502 4160 582 4224 δῖνον
604 4152 685 4247 ἔχων
707 4162 822 4247 χειροῖν
846 4157 934 4234 ἱζέτω
956 4163 999 4236 εἰς
1021 4163 1157 4249 ἕδρανον.

310 4263 342 4324 in
364 4262 484 4343 quibus
505 4264 619 4350 χειροῖν
647 4275 679 4328 et
703 4259 791 4336 ἱζέτω
817 4285 834 4328 a
857 4269 998 4330 Bentleio
1028 4269 1220 4348 accepimus.
1267 4270 1439 4336 cohaerent
1460 4271 1497 4332 its

307 4369 412 4438 omnin
434 4367 598 4448 aptissime
620 4379 887 4450 opponunturque
912 4371 994 4434 inter
1016 4391 1049 4434 se
1072 4381 1232 4451 argentea⁴
1245 4373 1299 4438 illa
1320 4375 1449 4442 vascula
1468 4383 1496 4434 et

308 4489 442 4537 aureum
471 4473 619 4553 poculum
658 4473 755 4559 regis·
814 4483 910 4542 erunt
944 4491 1020 4540 sene
1049 4477 1105 4556 qui
1140 4476 1324 4557 vituperent
1357 4478 1494 4558 quinquo
