3204 5104
314 377 388 450 324
610 393 698 452 lannx
721 409 885 451 neorrouru
906 407 1085 449 merirum
1106 389 1199 448 4866.

311 580 486 643 brotebium
509 579 550 641 od
571 597 666 660 usque
688 577 833 641 articulos
853 577 1048 658 palmorum,
1080 583 1180 638 cetero
1201 577 1319 639 decoris
1342 581 1428 640 striis
1449 580 1496 640 de-

308 684 458 764 pendent:
489 702 574 744 nune
602 681 715 744 falsum
741 681 902 742 Wouweri
932 689 1145 742 commentum
1174 681 1207 740 in
1235 682 1322 742 strias
1354 693 1498 761 repetunt

312 787 460 866 quoniam
490 787 691 847 Florentinus
720 783 803 845 liber
834 784 931 844 istriis
959 781 1066 844 babet.
1125 781 1210 862 quod
1238 784 1272 843 in
1302 784 1498 846 Onomastico

310 899 436 950 vetusto
459 890 612 969 seriptum
636 898 684 950 est
707 888 864 948 contrario
887 886 955 946 vitii
982 904 1100 966 genere
1123 887 1211 948 scotis
1233 879 1327 970 ἀρχάς
1350 897 1416 948 tam
1440 907 1497 948 non

311 993 467 1053 intellexit
490 992 660 1053 Vulcanius
682 1001 717 1053 ut
740 991 870 1051 tortasse
894 987 1099 1050 scribendum
1123 989 1243 1051 diceret
1274 990 1350 1051 colei
1376 981 1495 1074 ὄρχεις;

309 1094 367 1155 sed
391 1096 478 1156 stolis
502 1095 581 1155 nihil
605 1105 653 1156 est
676 1112 771 1173 quam
795 1092 926 1166 eoetolis,
952 1090 1038 1170 quod
1054 1089 1149 1152 hebet
1165 1091 1367 1154 Philoxenus
1415 1093 1498 1173 apud

308 1197 473 1276 Vegetium
503 1196 590 1258 Artis
619 1197 830 1258 veterinariae
853 1195 912 1256 rb
949 1193 987 1276 (6)
1022 1195 1055 1254 in
1085 1193 1272 1256 Corbeiensi
1300 1194 1382 1256 libm
1415 1195 1496 1257 idem

308 1299 497 1361 vocabulum
512 1299 632 1362 bistolis
647 1300 801 1378 scriptum
824 1308 886 1374 est,
913 1296 984 1358 vib
1009 1295 1067 1378 (ll)
1088 1297 1176 1358 etatis
1199 1306 1230 1358 et
1252 1299 1368 1360 estatis.
1413 1299 1497 1378 apud

308 1402 537 1464 Tertullianum
569 1401 609 1464 de
637 1404 742 1462 anima
770 1419 839 1478 cap.
865 1398 906 1459 37
936 1398 1141 1461 scribendum
1175 1407 1223 1460 est
1252 1407 1323 1460 tunc
1352 1402 1497 1482 splendor

308 1505 371 1583 ipse
390 1504 569 1584 provehitur
591 1507 666 1565 ouri
686 1503 734 1564 ool
756 1504 892 1585 arpenti,
924 1504 978 1583 qui
1002 1502 1109 1582 fueret
1133 1503 1251 1583 quidem
1274 1511 1302 1564 et
1324 1505 1355 1564 in
1379 1523 1493 1582 moeso,

307 1606 360 1666 sed
382 1604 556 1682 obscurior,
587 1613 770 1667 nontamen
792 1605 915 1679 nullus;
943 1612 1014 1666 tuuc
1036 1604 1092 1665 otti
1112 1613 1201 1684 utque
1222 1605 1280 1666 olii
1299 1604 1421 1670 babitus
1444 1627 1495 1670 no-

307 1708 415 1769 cedunt
439 1729 499 1788 pro
525 1709 673 1789 facilitate
703 1711 863 1770 materiae:
899 1707 982 1768 liber
1010 1709 1094 1770 enim
1117 1705 1276 1787 agobardi
1306 1707 1402 1770 habet
1426 1718 1495 1772 tunc

306 1810 492 1890 coepiendor,
524 1810 610 1873 unde
638 1829 807 1891 perperam
834 1809 949 1872 iactum
978 1819 1027 1871 est
1055 1817 1126 1872 tunc
1148 1817 1176 1872 et
1197 1810 1341 1890 splendor
1366 1821 1400 1872 et
1424 1832 1493 1874 mox

306 1922 375 1992 post
397 1914 531 1974 alterum
555 1922 625 1974 tuno
648 1912 733 1974 idem
756 1920 785 1974 et
805 1911 962 1975 additum.
1008 1911 1094 1992 apud
1118 1913 1302 1974 Ciceronem
1331 1913 1372 1975 de
1403 1912 1490 1977 deor.

305 2025 370 2076 nat.
390 2013 509 2097 1§ttb
535 2027 621 2078 recte
635 2017 729 2094 vulgo
752 2013 903 2077 scribitur
917 2022 951 2076 ut
970 2015 1013 2075 Ti.
1034 2015 1259 2076 Coruncanium
1277 2022 1332 2076 out
1348 2018 1379 2077 P.
1401 2018 1492 2078 Scae-

305 2119 421 2194 volam,
446 2120 597 2199 pontifi0cs
619 2120 789 2192 mouimus,
820 2125 847 2178 te
869 2117 979 2178 audire
1001 2116 1104 2192 dicos,
1136 2135 1197 2178 non
1226 2135 1292 2178 eum
1315 2119 1369 2198 qni
1389 2128 1492 2182 sustu-

305 2221 375 2282 lerit
395 2240 511 2282 omnem
529 2221 671 2301 funditus
693 2222 866 2302 relipioncm
888 2238 943 2281 ηοο
965 2218 1122 2295 munibus,
1147 2227 1180 2281 ut
1201 2221 1336 2296 Xerxes,
1362 2221 1418 2283 sed
1439 2241 1491 2283 ro-

303 2323 432 2386 tionibus
454 2324 579 2386 deorum
601 2324 808 2385 inmortalium
836 2323 948 2403 templo
968 2329 997 2383 et
1017 2339 1093 2384 oros
1116 2325 1267 2383 everterit.
1315 2342 1389 2384 cum
1412 2323 1491 2386 liber

304 2425 469 2488 Leidensis
490 2427 613 2506 primus
635 2433 805 2486 uteoceroees
829 2425 959 2503 habeat,
989 2425 1103 2485 tertius
1125 2431 1160 2484 ut
1180 2441 1323 2499 emersos,
1348 2427 1490 2488 Baiterus

303 2527 435 2590 sortasse
457 2532 504 2591 uti
517 2532 634 2590 Χοοοοοο
657 2527 861 2590 scribendum
885 2545 955 2588 esse
970 2527 1130 2606 opinatur.
1176 2525 1234 2588 sed
1249 2527 1385 2590 lallitur:
1412 2529 1488 2591 nihil

303 2631 388 2692 enim
417 2632 449 2692 in
479 2632 547 2693 istis
576 2629 722 2693 vocabuli
749 2630 857 2692 formis
886 2629 962 2691 latet
983 2628 1071 2690 aliud
1100 2647 1195 2708 quam
1218 2629 1305 2709 quod
1327 2633 1488 2712 vulgatum

302 2742 361 2794 est.
407 2734 453 2796 sic
475 2734 561 2814 apud
582 2735 755 2795 Varronem
785 2732 824 2794 de
854 2733 962 2811 lingua
985 2733 1093 2794 Latina
1116 2750 1156 2794 ru
1179 2752 1212 2812 p.
1237 2733 1301 2794 307
1325 2735 1382 2815 Sp.
1416 2736 1489 2816 quod

301 2837 419 2898 Xomrea
442 2837 474 2898 in
498 2836 579 2898 libro
595 2837 775 2897 Florentino
799 2838 832 2897 in
854 2835 932 2916 quod
948 2853 1073 2896 emerses
1090 2833 1297 2914 depravatum
1313 2846 1381 2914 est,
1407 2837 1488 2918 quod

302 2938 518 3001 Lachmannus
546 2940 652 3000 attulit
681 2940 713 2998 in
744 2941 835 3000 Lucr.
868 2957 979 2998 comm.
1011 2957 1043 3018 p.
1076 2938 1150 2998 232.
1204 2937 1316 3000 eodem
1350 2941 1488 3020 pertinet

300 3039 385 3118 quod
408 3042 441 3102 in
464 3042 562 3102 Solini
587 3041 791 3103 collectaneis
817 3059 849 3119 p.
877 3041 935 3100 tat
964 3040 975 3099 l
1010 3039 1093 3101 liber
1115 3038 1386 3120 Engelbergensis
1408 3051 1441 3104 ut
1462 3049 1489 3103 et

299 3159 424 3204 omerus
447 3143 558 3221 habet,
590 3163 659 3206 cum
685 3162 795 3205 verum
824 3144 865 3204 sit
887 3151 921 3204 ut
942 3145 1070 3204 Χονωοο.
1118 3161 1223 3222 neque
1246 3162 1323 3205 vero
1346 3145 1486 3206 Senecae

298 3255 408 3306 vetera
431 3247 624 3326 exemplaria
648 3245 802 3308 eiusmodi
818 3246 904 3306 vitiis
927 3254 1046 3306 carent.
1094 3247 1127 3307 in
1151 3246 1286 3325 epistula
1303 3247 1379 3306 602
1402 3255 1487 3308 stru-

298 3354 429 3424 mentum
451 3346 586 3426 habent,
612 3359 647 3410 ut
669 3367 763 3428 saepe
787 3349 1020 3428 scriptumest,
1045 3349 1145 3410 veluti
1169 3349 1201 3408 in
1217 3347 1381 3410 Philoxeni
1403 3349 1487 3430 glos-

297 3449 380 3510 sario
409 3449 508 3511 dotale
535 3459 745 3512 strumentum.
798 3452 831 3511 in
855 3451 990 3530 epistula
1013 3451 1053 3512 20
1079 3453 1096 3511 9
1128 3451 1221 3530 vulgo
1244 3451 1397 3513 scribitur
1418 3471 1484 3514 cum

298 3550 383 3612 illum
413 3553 479 3614 vidi
504 3554 620 3615 nudum
648 3561 760 3634 puonto
786 3555 886 3616 minus
908 3571 999 3634 quom
1022 3555 1053 3615 in
1076 3557 1252 3616 stramentis
1274 3553 1483 3616 incubantem:

296 3653 353 3715 sed
376 3655 538 3734 plerique,
565 3665 600 3717 ut
615 3656 760 3733 videtur,
786 3655 861 3716 libri
885 3657 1019 3735 iungunt
1042 3657 1267 3733 instromenta,
1293 3667 1329 3720 ut
1350 3675 1484 3738 praepo-

296 3755 408 3820 sitione
432 3758 534 3820 ‹leleta
554 3758 783 3820 restituendam
799 3777 868 3819 esse
885 3757 1036 3838 adpareat
1052 3767 1171 3821 rectam
1187 3760 1337 3822 orationis
1353 3759 1481 3822 formam

295 3876 358 3936 qua
385 3869 416 3922 et
444 3861 498 3922 alii
527 3871 662 3922 utuntur
688 3871 719 3922 et
743 3862 888 3922 Horatius
911 3881 982 3922 cum
1005 3861 1082 3924 dicit
1105 3862 1207 3924 Serm.
1234 3863 1297 3922 113
1325 3861 1383 3924 ll'l
1407 3865 1438 3924 si
1458 3871 1482 3924 et

293 3965 470 4025 strumentis
497 3961 615 4025 incubet
636 3963 716 4024 uotde
740 3964 895 4045 Octopinto
916 3982 1012 4026 ornos
1034 3973 1146 4027 notus:
1176 3963 1233 4026 ubi
1256 3964 1480 4028 abstinendum

294 4073 362 4124 erat
383 4065 424 4126 ab
444 4067 529 4126 omni
545 4064 721 4126 coniciendi
737 4067 931 4145 temeritate,
958 4085 1029 4129 cum
1050 4067 1131 4129 unde
1153 4070 1302 4150 cotopinto
1323 4069 1479 4130 notionem

295 4165 430 4228 hominis
458 4185 535 4228 aevo
565 4168 694 4248 grandis
722 4169 836 4230 melius
859 4171 970 4247 etiam,
1002 4189 1064 4230 non
1094 4170 1161 4249 ipsa
1184 4170 1316 4249 quidem
1339 4189 1390 4246 re,
1423 4167 1477 4232 sed
1580 4205 1581 4208 =

251 4269 397 4346 tespecie
415 4279 446 4330 et
460 4289 546 4348 sono,
566 4271 701 4332 inculcet
716 4289 812 4350 quam
827 4272 984 4354 octupiis-to,
1002 4284 1089 4334 recte
1104 4280 1210 4334 autem
1225 4259 1315 4333 uodo*
1338 4289 1477 4334 seorsum

291 4380 443 4450 ponatur,
474 4372 558 4450 quod
582 4374 798 4435 Lachmannus
824 4393 935 4434 comm.
961 4376 994 4436 in
1017 4378 1108 4436 Lucr.
1133 4394 1166 4454 p.
1192 4377 1254 4436 230
1278 4374 1473 4454 significavit.

291 4473 337 4533 sie
354 4473 385 4533 in
401 4475 608 4554 inscriptione
620 4476 793 4555 Saguntina
805 4477 938 4556 Augusti
954 4486 1057 4539 aetate
1072 4495 1135 4538 non
1152 4477 1250 4539 multo
1266 4477 1415 4540 inferiore
1435 4477 1475 4558 (in
