3186 5108
338 385 407 455 140
632 399 728 458 lsnnx'
742 417 907 459 naorrorru
931 415 1108 458 resumtum
1126 395 1219 456 4858.

332 589 424 650 siculi
448 587 727 650 conformationem
751 586 886 668 probaro
912 585 1027 667 poterit
1049 585 1075 646 si
1100 584 1197 646 libros
1220 585 1408 646 contulerit?
1438 605 1503 666 quo-

334 711 404 754 rum
422 703 512 753 vetus
535 691 635 754 codex
651 690 823 752 Camerarii
840 691 916 752 baec
934 688 1041 767 habet,
1067 689 1160 749 deam
1184 691 1297 750 uirtute
1319 695 1336 749 e
1358 681 1506 751 lacerande

331 794 458 876 dospritio
488 795 632 876 accipient
660 793 743 876 opud
772 813 819 855 me
851 797 1021 870 enormiter,
1059 810 1165 872 neque
1195 791 1313 854 distant
1342 792 1506 855 decurtatus

333 899 503 960 Camerarii
535 896 619 959 liber
640 907 671 960 et
695 895 779 958 liber
801 896 922 976 Vrsini,
946 896 1015 957 nisi
1039 895 1123 976 quod
1148 895 1200 956 ille
1224 897 1336 957 uirtute
1365 903 1408 957 est
1427 896 1506 977 pleno

332 1003 486 1082 scriptum
516 1009 547 1064 et
577 1001 609 1062 in
641 999 703 1061 lino
732 1000 816 1081 opud
845 1018 890 1061 nte
918 1007 963 1062 est
990 999 1114 1061 comites
1145 997 1258 1076 habet,
1289 999 1394 1060 Vrsini
1423 998 1507 1060 codor

332 1105 448 1186 ospitio.
497 1105 610 1166 merito
639 1103 830 1165 llitscbelius
860 1101 945 1184 quod
974 1104 1101 1183 scripsit
1130 1103 1200 1164 sine
1231 1101 1344 1166 fiducia
1375 1103 1505 1183 protulit:

333 1207 410 1270 dicit
432 1209 518 1270 enim
541 1227 574 1270 se
603 1208 746 1287 posuisse
775 1205 860 1286 quod
889 1217 1051 1286 praestare
1081 1205 1282 1284 intellegeret
1310 1204 1432 1268 duobus
1451 1205 1509 1266 aliis

333 1309 526 1373 emendandi
551 1311 705 1391 exemplis
721 1311 819 1389 hisce,
845 1310 941 1370 Deum
963 1311 1076 1372 virtute
1097 1317 1151 1384 est,
1177 1307 1322 1390 hospitem
1344 1309 1422 1370 orale
1441 1309 1509 1369 occi-

330 1416 416 1496 piem
438 1421 514 1495 opat
535 1433 581 1475 me
603 1415 736 1486 comiter,
764 1415 860 1474 Deam
882 1413 993 1474 uirtute
1015 1419 1069 1485 est,
1096 1412 1173 1473 elios
1195 1411 1276 1474 eade
1298 1411 1421 1494 bospitio
1442 1413 1510 1472 occi-

330 1519 416 1599 piam
445 1518 577 1579 conciter.
632 1527 798 1598 praeterea
828 1515 916 1578 addit
954 1535 1017 1578 non
1050 1513 1293 1596 inprobabiliter
1321 1517 1510 1598 Bemaysium

334 1619 542 1684 scribendum
572 1621 717 1682 conicere
748 1623 843 1680 Deum
871 1621 982 1681 uirtute
1011 1627 1056 1682 est
1082 1619 1202 1700 offatim
1228 1618 1321 1680 ande.
1375 1615 1510 1681 eiusmodi

334 1724 401 1786 ludi
431 1725 555 1805 siquem
586 1722 665 1784 lorte
696 1722 873 1803 delectant,
906 1731 991 1784 certe
1020 1721 1276 1804 probabilitatem
1306 1741 1369 1785 non
1396 1719 1509 1798 habunt,

334 1826 393 1889 scd
420 1826 551 1889 arcendi
583 1836 658 1888 sunt
686 1825 727 1888 ab
757 1827 835 1888 artis
864 1827 1045 1888 severitate.
1092 1824 1185 1888 nobis
1214 1825 1355 1907 primum
1377 1827 1512 1886 innocens

335 1929 415 1993 illud
438 1930 566 2011 hospitii
590 1928 777 1992 vocabulum
801 1927 1054 1993 conservandum
1077 1947 1146 1991 esse
1170 1928 1315 2008 videtur,
1341 1927 1512 2010 praesertim

334 2053 406 2096 curn
429 2033 515 2114 apud
537 2034 673 2095 Nonium
696 2053 728 2114 p.
749 2033 809 2094 lib
835 2034 867 2095 in
892 2031 1076 2094 melioribus
1098 2030 1191 2093 libris
1217 2051 1292 2113 pars
1314 2031 1459 2094 versiculi
1479 2031 1512 2090 ita

334 2138 450 2217 scripta
473 2139 525 2216 sit,
551 2136 639 2198 deam
656 2138 768 2199 virtute
789 2145 835 2200 eet
856 2136 982 2198 eundem
1001 2134 1127 2217 bospitio
1150 2137 1310 2216 coeptam.
1351 2133 1462 2198 deinde
1482 2151 1513 2194 cr

335 2240 393 2301 hae
422 2241 490 2320 ipsa
517 2240 608 2303 Nonii
636 2239 790 2302 librorum
820 2241 978 2321 scriptura
1010 2237 1042 2300 id
1071 2238 1156 2320 quod
1180 2239 1308 2302 Plautus
1331 2238 1412 2302 dixit
1440 2235 1513 2300 nullo

335 2344 460 2423 negotio
485 2363 721 2424 recuperamus,

421 2445 507 2508 decom
524 2448 636 2509 virtute
658 2455 702 2510 ert
724 2453 752 2509 te
771 2445 854 2508 ande
874 2445 1000 2528 bospitio
1023 2447 1170 2528 occeptum
1193 2445 1277 2528 opud
1291 2463 1339 2507 me
1353 2445 1478 2509 comiter.

337 2567 429 2611 unam
464 2547 646 2613 addidimus
680 2550 874 2612 litterulam:
915 2567 987 2612 nem
1021 2550 1102 2612 ande
1139 2550 1199 2632 ipsi
1236 2547 1362 2612 codices
1396 2546 1513 2611 Plautini

336 2651 504 2734 praebent.

421 2757 487 2817 Non
505 2756 622 2817 maiore
645 2776 739 2837 opera
763 2757 823 2818 alia
847 2755 1012 2820 emendari
1027 2766 1170 2838 possunt.
1212 2755 1366 2819 eiusmodi
1384 2749 1515 2834 estquod

337 2879 366 2918 v.
378 2861 440 2919 809
457 2857 531 2919 libri
550 2857 679 2938 habent,
696 2879 802 2941 neque
818 2861 977 2922 sententia
994 2861 1116 2941 integra
1134 2878 1238 2940 neque
1254 2860 1361 2942 plenis
1376 2855 1514 2922 numeris.
1580 2901 1581 2920 t

421 2964 604 3023 ntemiaero:
629 2969 673 3024 set
695 2963 768 3043 qnid
791 2965 962 3026 montiniaco
984 2963 1016 3026 id
1038 2961 1133 3044 refert
1155 2982 1206 3046 epo
1230 2969 1257 3025 te
1279 2969 1390 3025 tamem

338 3065 388 3126 bic
412 3065 602 3126 llitschelius
624 3066 752 3146 scripsit

422 3168 604 3229 meminero:
628 3175 674 3230 set
694 3167 767 3249 qreid
789 3172 960 3233 mearira'sse
983 3169 1014 3232 id
1035 3170 1142 3252 refert,
1168 3188 1219 3253 epo
1242 3171 1342 3232 nescio
1362 3177 1467 3232 marea.

339 3270 444 3351 itaque
474 3277 501 3331 te
529 3271 561 3331 in
592 3273 691 3333 rtcscio
720 3273 863 3334 mutavit.
905 3273 1081 3336 verendum
1111 3283 1160 3335 est
1188 3292 1229 3334 ne
1253 3273 1279 3334 si
1304 3272 1377 3334 talia
1399 3271 1515 3334 artificia

338 3373 500 3435 imitemur
522 3384 616 3454 atque
642 3372 774 3436 lortasse
797 3375 838 3436 ad
861 3374 938 3437 alios
960 3377 1132 3457 scriptores
1155 3373 1400 3454 transieramus,
1430 3383 1530 3436 artcm'

339 3477 369 3537 in
395 3475 569 3538 ludibrium
592 3489 755 3539 vertamus
779 3479 905 3560 ipsique
928 3500 945 3542 e
968 3480 1181 3558 grammaticis
1211 3479 1324 3541 fiamus
1346 3477 1517 3560 praestigia·

337 3590 433 3641 tores.
474 3580 532 3640 etsi
557 3580 642 3641 enim
667 3582 698 3642 in
722 3593 831 3662 aperta
855 3583 1032 3644 sententiae
1048 3583 1240 3644 necessitate
1259 3600 1301 3643 ne
1323 3583 1440 3668 acriorp
1454 3579 1517 3660 qui-

336 3681 408 3744 dem
426 3683 575 3744 vitiorum
599 3681 739 3745 remedia
765 3684 953 3764 refugimus,
980 3695 1083 3746 tamen
1108 3685 1160 3746 hie
1182 3684 1268 3747 nulla
1292 3703 1385 3748 causa
1408 3693 1452 3746 est
1469 3698 1517 3742 cur

337 3786 521 3847 l‘leusiclem
546 3786 598 3848 illo
619 3789 724 3866 potius
748 3787 839 3850 modo
864 3789 999 3850 locutum
1024 3807 1093 3850 esse
1118 3791 1338 3851 existimemus
1355 3807 1445 3870 quam
1465 3783 1515 3846 alio

336 3909 432 3970 quem
456 3889 520 3952 loni
536 3892 708 3952 mutatione
732 3889 898 3954 allicimus.
940 3911 1012 3953 nam
1035 3892 1202 3972 scripsisse
1219 3892 1361 3954 Plautum
1384 3901 1515 3974 putamus

422 3995 595 4055 meminero.
643 4001 687 4055 set
709 3994 782 4074 qnid
804 3997 974 4057 memira'ese
997 3993 1029 4055 id
1050 3995 1167 4077 reserat
1190 4015 1260 4078 repo
1283 4003 1310 4057 tc-
1333 4003 1439 4058 tamen.

339 4095 510 4176 respondet
534 4096 703 4159 Palaestrio

423 4217 474 4282 epo
497 4201 577 4260 enim
599 4199 699 4262 dicam
721 4208 783 4262 tum
807 4201 927 4282 putando
949 4219 1025 4264 usus
1044 4209 1156 4283 poscet.
1204 4203 1322 4263 intereo
1344 4209 1423 4278 lore·

422 4309 643 4383 tellumonem
666 4304 754 4365 etiem
777 4303 825 4366 itio
848 4311 914 4388 opct
937 4313 1071 4367 actatum
1089 4305 1192 4386 portes
1215 4304 1362 4386 defendas
1384 4312 1457 4368 taos.

337 4425 393 4468 nos
415 4407 441 4466 si
464 4414 589 4467 nostras
611 4417 717 4487 partes
741 4407 825 4469 baud
844 4408 924 4470 male
941 4406 1125 4470 defendisse
1141 4395 1390 4488 visi‘tuertrous,
1416 4407 1515 4468 iucun-

339 4507 415 4571 dum
439 4508 517 4570 erit:
544 4509 666 4572 interea
688 4529 746 4572 nos
769 4528 896 4592 quoque
920 4521 1071 4574 tacemus.

838 4647 1041 4664 mem
