<?xml version="1.0" encoding="UTF-8"?>
<!DOCTYPE html PUBLIC "-//W3C//DTD XHTML 1.0 Transitional//EN"
    "http://www.w3.org/TR/xhtml1/DTD/xhtml1-transitional.dtd">
<html xmlns="http://www.w3.org/1999/xhtml" xml:lang="en" lang="en">
 <head>
  <title>
</title>
<meta http-equiv="Content-Type" content="text/html;charset=utf-8" />
  <meta name='ocr-system' content='tesseract 3.04.00' />
  <meta name='ocr-capabilities' content='ocr_page ocr_carea ocr_par ocr_line ocrx_word'/>
</head>
<body>
  <div class='ocr_page' id='page_1' title='image "./mavriciihavptii00haupgoog/mavriciihavptii00haupgoog_0307.png"; bbox 0 0 3184 5108; ppageno 0'>
   <div class='ocr_carea' id='block_1_1' title="bbox 262 323 1187 398">
    <p class='ocr_par' dir='ltr' id='par_1_1' title="bbox 262 323 1187 398">
     <span class='ocr_line' id='line_1_1' title="bbox 262 323 1187 398; baseline -0.002 -2"><span class='ocrx_word' id='word_1_1' title='bbox 262 370 265 376; x_wconf 95' lang='lat'>·</span> <span class='ocrx_word' id='word_1_2' title='bbox 295 323 369 396; x_wconf 81' lang='grc'><strong>294</strong></span> <span class='ocrx_word' id='word_1_3' title='bbox 595 337 682 396; x_wconf 76' lang='lat' dir='ltr'><strong>{son</strong></span> <span class='ocrx_word' id='word_1_4' title='bbox 705 353 868 398; x_wconf 79' lang='lat' dir='ltr'><strong>tecrrorva</strong></span> <span class='ocrx_word' id='word_1_5' title='bbox 893 353 1070 396; x_wconf 75' lang='lat' dir='ltr'><strong>maritanas</strong></span> <span class='ocrx_word' id='word_1_6' title='bbox 1092 334 1187 394; x_wconf 84' lang='grc'><strong>4865.</strong></span> 
     </span>
    </p>
   </div>
   <div class='ocr_carea' id='block_1_2' title="bbox 257 522 1588 4538">
    <p class='ocr_par' dir='ltr' id='par_1_2' title="bbox 257 522 1588 4538">
     <span class='ocr_line' id='line_1_2' title="bbox 296 522 1475 606; baseline -0.004 -17"><span class='ocrx_word' id='word_1_7' title='bbox 296 527 481 589; x_wconf 79' lang='lat' dir='ltr'><strong>scholiastae</strong></span> <span class='ocrx_word' id='word_1_8' title='bbox 497 523 627 606; x_wconf 88' lang='lat' dir='ltr'><strong>quidam</strong></span> <span class='ocrx_word' id='word_1_9' title='bbox 651 525 861 586; x_wconf 77' lang='lat' dir='ltr'><strong>recentissimi</strong></span> <span class='ocrx_word' id='word_1_10' title='bbox 886 524 1105 605; x_wconf 70' lang='lat' dir='ltr'><strong>explicationis</strong></span> <span class='ocrx_word' id='word_1_11' title='bbox 1120 543 1214 586; x_wconf 85' lang='lat' dir='ltr'><strong>eausa</strong></span> <span class='ocrx_word' id='word_1_12' title='bbox 1233 522 1475 603; x_wconf 80' lang='lat' dir='ltr'><strong>adscripsemnt‚</strong></span> 
     </span>
     <span class='ocr_line' id='line_1_3' title="bbox 296 624 1477 709; baseline -0.005 -17"><span class='ocrx_word' id='word_1_13' title='bbox 296 629 336 692; x_wconf 90' lang='lat' dir='ltr'><strong>ab</strong></span> <span class='ocrx_word' id='word_1_14' title='bbox 365 629 433 709; x_wconf 92' lang='lat' dir='ltr'><strong>ipso</strong></span> <span class='ocrx_word' id='word_1_15' title='bbox 459 627 615 708; x_wconf 77' lang='lat' dir='ltr'><strong>Aeschylo</strong></span> <span class='ocrx_word' id='word_1_16' title='bbox 644 628 819 707; x_wconf 88' lang='lat' dir='ltr'><strong>proiectum</strong></span> <span class='ocrx_word' id='word_1_17' title='bbox 848 647 917 688; x_wconf 89' lang='lat' dir='ltr'><strong>csse</strong></span> <span class='ocrx_word' id='word_1_18' title='bbox 946 626 1135 688; x_wconf 83' lang='lat' dir='ltr'><strong>adfirmavit.</strong></span> <span class='ocrx_word' id='word_1_19' title='bbox 1183 645 1246 688; x_wconf 89' lang='lat' dir='ltr'><strong>nan</strong></span> <span class='ocrx_word' id='word_1_20' title='bbox 1276 624 1477 688; x_wconf 88' lang='lat' dir='ltr'><strong>adsentimur.</strong></span> 
     </span>
     <span class='ocr_line' id='line_1_4' title="bbox 299 728 1476 809; baseline -0.003 -15"><span class='ocrx_word' id='word_1_21' title='bbox 299 751 371 794; x_wconf 91' lang='lat' dir='ltr'><strong>nam</strong></span> <span class='ocrx_word' id='word_1_22' title='bbox 402 731 586 792; x_wconf 87' lang='lat' dir='ltr'><strong>scholiastae</strong></span> <span class='ocrx_word' id='word_1_23' title='bbox 615 730 661 791; x_wconf 91' lang='lat' dir='ltr'><strong>illi</strong></span> <span class='ocrx_word' id='word_1_24' title='bbox 691 731 771 792; x_wconf 87' lang='lat' dir='ltr'><strong>nihil</strong></span> <span class='ocrx_word' id='word_1_25' title='bbox 801 749 841 792; x_wconf 83' lang='lat' dir='ltr'><strong>ex</strong></span> <span class='ocrx_word' id='word_1_26' title='bbox 872 731 1029 809; x_wconf 78' lang='lat' dir='ltr'><strong>incognito</strong></span> <span class='ocrx_word' id='word_1_27' title='bbox 1065 728 1156 790; x_wconf 91' lang='lat' dir='ltr'><strong>nobis</strong></span> <span class='ocrx_word' id='word_1_28' title='bbox 1186 728 1270 790; x_wconf 90' lang='lat' dir='ltr'><strong>lonte</strong></span> <span class='ocrx_word' id='word_1_29' title='bbox 1300 729 1476 806; x_wconf 86' lang='lat' dir='ltr'><strong>hauserunt,</strong></span> 
     </span>
     <span class='ocr_line' id='line_1_5' title="bbox 297 831 1480 914; baseline -0.002 -18"><span class='ocrx_word' id='word_1_30' title='bbox 297 834 365 913; x_wconf 86' lang='lat' dir='ltr'><strong>sed,</strong></span> <span class='ocrx_word' id='word_1_31' title='bbox 392 843 427 896; x_wconf 89' lang='lat' dir='ltr'><strong>ut</strong></span> <span class='ocrx_word' id='word_1_32' title='bbox 449 853 543 914; x_wconf 87' lang='lat' dir='ltr'><strong>saepe</strong></span> <span class='ocrx_word' id='word_1_33' title='bbox 567 833 656 911; x_wconf 81' lang='lat' dir='ltr'><strong>alias,</strong></span> <span class='ocrx_word' id='word_1_34' title='bbox 688 853 784 896; x_wconf 89' lang='lat' dir='ltr'><strong>sensu</strong></span> <span class='ocrx_word' id='word_1_35' title='bbox 807 831 943 913; x_wconf 85' lang='lat' dir='ltr'><strong>quodam</strong></span> <span class='ocrx_word' id='word_1_36' title='bbox 966 831 1118 894; x_wconf 86' lang='lat' dir='ltr'><strong>admoniti</strong></span> <span class='ocrx_word' id='word_1_37' title='bbox 1141 831 1380 912; x_wconf 88' lang='lat' dir='ltr'><strong>adscripserunt</strong></span> <span class='ocrx_word' id='word_1_38' title='bbox 1401 831 1480 912; x_wconf 88' lang='lat' dir='ltr'><strong>quod</strong></span> 
     </span>
     <span class='ocr_line' id='line_1_6' title="bbox 297 933 1481 1016; baseline -0.003 -16"><span class='ocrx_word' id='word_1_39' title='bbox 297 939 472 1000; x_wconf 88' lang='lat' dir='ltr'><strong>sententiae</strong></span> <span class='ocrx_word' id='word_1_40' title='bbox 496 937 667 999; x_wconf 89' lang='lat' dir='ltr'><strong>convenire</strong></span> <span class='ocrx_word' id='word_1_41' title='bbox 684 934 861 1014; x_wconf 77' lang='lat' dir='ltr'><strong>videretur,</strong></span> <span class='ocrx_word' id='word_1_42' title='bbox 892 933 970 996; x_wconf 92' lang='lat' dir='ltr'><strong>illud</strong></span> <span class='ocrx_word' id='word_1_43' title='bbox 993 943 1099 996; x_wconf 85' lang='lat' dir='ltr'><strong>autem</strong></span> <span class='ocrx_word' id='word_1_44' title='bbox 1122 953 1278 1014; x_wconf 89' lang='lat' dir='ltr'><strong>quaerere</strong></span> <span class='ocrx_word' id='word_1_45' title='bbox 1295 935 1481 1016; x_wconf 90' lang='lat' dir='ltr'><strong>supersede-</strong></span> 
     </span>
     <span class='ocr_line' id='line_1_7' title="bbox 298 1038 1480 1121; baseline -0.003 -19"><span class='ocrx_word' id='word_1_46' title='bbox 298 1052 372 1104; x_wconf 88' lang='lat' dir='ltr'><strong>runt</strong></span> <span class='ocrx_word' id='word_1_47' title='bbox 394 1039 550 1121; x_wconf 90' lang='lat' dir='ltr'><strong>quomodo</strong></span> <span class='ocrx_word' id='word_1_48' title='bbox 573 1059 609 1101; x_wconf 89' lang='lat' dir='ltr'><strong>ea</strong></span> <span class='ocrx_word' id='word_1_49' title='bbox 631 1039 789 1100; x_wconf 82' lang='lat' dir='ltr'><strong>sententia</strong></span> <span class='ocrx_word' id='word_1_50' title='bbox 817 1057 856 1098; x_wconf 83' lang='lat' dir='ltr'><strong>ex</strong></span> <span class='ocrx_word' id='word_1_51' title='bbox 879 1038 925 1100; x_wconf 91' lang='lat' dir='ltr'><strong>eis</strong></span> <span class='ocrx_word' id='word_1_52' title='bbox 948 1057 1029 1118; x_wconf 87' lang='lat' dir='ltr'><strong>quae</strong></span> <span class='ocrx_word' id='word_1_53' title='bbox 1053 1039 1169 1118; x_wconf 85' lang='lat' dir='ltr'><strong>scripta</strong></span> <span class='ocrx_word' id='word_1_54' title='bbox 1192 1048 1284 1100; x_wconf 91' lang='lat' dir='ltr'><strong>erant</strong></span> <span class='ocrx_word' id='word_1_55' title='bbox 1308 1049 1392 1100; x_wconf 89' lang='lat' dir='ltr'><strong>recte</strong></span> <span class='ocrx_word' id='word_1_56' title='bbox 1414 1039 1480 1100; x_wconf 86' lang='lat' dir='ltr'><strong>elici</strong></span> 
     </span>
     <span class='ocr_line' id='line_1_8' title="bbox 257 1132 1482 1224; baseline 0 -22"><span class='ocrx_word' id='word_1_57' title='bbox 257 1132 424 1224; x_wconf 75' lang='grc' dir='ltr'><strong>τοροεοοι.Ι</strong></span> <span class='ocrx_word' id='word_1_58' title='bbox 463 1153 493 1205; x_wconf 93' lang='lat' dir='ltr'><strong>et</strong></span> <span class='ocrx_word' id='word_1_59' title='bbox 515 1142 664 1205; x_wconf 90' lang='lat' dir='ltr'><strong>videmur</strong></span> <span class='ocrx_word' id='word_1_60' title='bbox 687 1141 778 1204; x_wconf 90' lang='lat' dir='ltr'><strong>nobis</strong></span> <span class='ocrx_word' id='word_1_61' title='bbox 801 1142 989 1221; x_wconf 81' lang='lat' dir='ltr'><strong>intellegere</strong></span> <span class='ocrx_word' id='word_1_62' title='bbox 1011 1142 1067 1220; x_wconf 93' lang='lat' dir='ltr'><strong>qui</strong></span> <span class='ocrx_word' id='word_1_63' title='bbox 1089 1139 1205 1202; x_wconf 86' lang='lat' dir='ltr'><strong>lactum</strong></span> <span class='ocrx_word' id='word_1_64' title='bbox 1229 1141 1269 1202; x_wconf 89' lang='lat' dir='ltr'><strong>sit</strong></span> <span class='ocrx_word' id='word_1_65' title='bbox 1292 1151 1328 1204; x_wconf 87' lang='lat' dir='ltr'><strong>nt</strong></span> <span class='ocrx_word' id='word_1_66' title='bbox 1350 1140 1482 1224; x_wconf 79' lang='grc' dir='ltr'><strong>θαλερο-</strong></span> 
     </span>
     <span class='ocr_line' id='line_1_9' title="bbox 296 1241 1483 1332; baseline -0.003 -22"><span class='ocrx_word' id='word_1_67' title='bbox 296 1246 374 1332; x_wconf 73' lang='lat' dir='ltr'><strong>cipp</strong></span> <span class='ocrx_word' id='word_1_68' title='bbox 403 1247 487 1310; x_wconf 92' lang='lat' dir='ltr'><strong>idem</strong></span> <span class='ocrx_word' id='word_1_69' title='bbox 511 1265 580 1308; x_wconf 91' lang='lat' dir='ltr'><strong>esse</strong></span> <span class='ocrx_word' id='word_1_70' title='bbox 605 1255 754 1326; x_wconf 90' lang='lat' dir='ltr'><strong>putarent</strong></span> <span class='ocrx_word' id='word_1_71' title='bbox 783 1255 879 1324; x_wconf 89' lang='lat' dir='ltr'><strong>atque</strong></span> <span class='ocrx_word' id='word_1_72' title='bbox 907 1241 1124 1328; x_wconf 80' lang='grc' dir='ltr'><strong>μαλακωτέριρ.</strong></span> <span class='ocrx_word' id='word_1_73' title='bbox 1172 1243 1302 1307; x_wconf 90' lang='lat' dir='ltr'><strong>luerunt</strong></span> <span class='ocrx_word' id='word_1_74' title='bbox 1326 1247 1408 1307; x_wconf 88' lang='lat' dir='ltr'><strong>enim</strong></span> <span class='ocrx_word' id='word_1_75' title='bbox 1430 1247 1483 1326; x_wconf 88' lang='lat' dir='ltr'><strong>qui</strong></span> 
     </span>
     <span class='ocr_line' id='line_1_10' title="bbox 298 1340 1479 1434; baseline -0.004 -22"><span class='ocrx_word' id='word_1_76' title='bbox 298 1344 426 1434; x_wconf 75' lang='grc' dir='ltr'><strong>θαλερὸν</strong></span> <span class='ocrx_word' id='word_1_77' title='bbox 450 1343 546 1434; x_wconf 78' lang='grc' dir='ltr'><strong>δάκρυ</strong></span> <span class='ocrx_word' id='word_1_78' title='bbox 566 1351 773 1429; x_wconf 79' lang='lat' dir='ltr'><strong>opinarentur</strong></span> <span class='ocrx_word' id='word_1_79' title='bbox 797 1366 865 1409; x_wconf 91' lang='lat' dir='ltr'><strong>esse</strong></span> <span class='ocrx_word' id='word_1_80' title='bbox 888 1340 1023 1409; x_wconf 76' lang='grc' dir='ltr'><strong>ἅπαλόνε</strong></span> <span class='ocrx_word' id='word_1_81' title='bbox 1057 1365 1089 1407; x_wconf 89' lang='grc' dir='ltr'><strong>ν.</strong></span> <span class='ocrx_word' id='word_1_82' title='bbox 1107 1348 1210 1428; x_wconf 90' lang='lat' dir='ltr'><strong>Etym.</strong></span> <span class='ocrx_word' id='word_1_83' title='bbox 1230 1367 1272 1408; x_wconf 88' lang='lat' dir='ltr'><strong>m.</strong></span> <span class='ocrx_word' id='word_1_84' title='bbox 1298 1367 1330 1427; x_wconf 92' lang='lat' dir='ltr'><strong>p.</strong></span> <span class='ocrx_word' id='word_1_85' title='bbox 1350 1349 1404 1409; x_wconf 82' lang='lat' dir='ltr'><strong>tlt</strong></span> <span class='ocrx_word' id='word_1_86' title='bbox 1429 1350 1479 1408; x_wconf 74' lang='lat'><strong>32.</strong></span> 
     </span>
     <span class='ocr_line' id='line_1_11' title="bbox 297 1450 1483 1538; baseline -0.003 -22"><span class='ocrx_word' id='word_1_87' title='bbox 297 1451 502 1538; x_wconf 83' lang='grc' dir='ltr'><strong>χαλαρωτέρῳ</strong></span> <span class='ocrx_word' id='word_1_88' title='bbox 533 1451 611 1515; x_wconf 94' lang='lat' dir='ltr'><strong>illud</strong></span> <span class='ocrx_word' id='word_1_89' title='bbox 635 1451 806 1514; x_wconf 88' lang='lat' dir='ltr'><strong>llermanni</strong></span> <span class='ocrx_word' id='word_1_90' title='bbox 833 1450 1031 1530; x_wconf 86' lang='lat' dir='ltr'><strong>aptissimum</strong></span> <span class='ocrx_word' id='word_1_91' title='bbox 1054 1459 1114 1512; x_wconf 91' lang='lat' dir='ltr'><strong>est.</strong></span> <span class='ocrx_word' id='word_1_92' title='bbox 1162 1450 1219 1511; x_wconf 89' lang='lat' dir='ltr'><strong>sed</strong></span> <span class='ocrx_word' id='word_1_93' title='bbox 1242 1450 1416 1514; x_wconf 90' lang='lat' dir='ltr'><strong>videndum</strong></span> <span class='ocrx_word' id='word_1_94' title='bbox 1439 1461 1483 1512; x_wconf 92' lang='lat' dir='ltr'><strong>ta-</strong></span> 
     </span>
     <span class='ocr_line' id='line_1_12' title="bbox 298 1553 1586 1636; baseline -0.002 -18"><span class='ocrx_word' id='word_1_95' title='bbox 298 1575 370 1618; x_wconf 89' lang='lat' dir='ltr'><strong>men</strong></span> <span class='ocrx_word' id='word_1_96' title='bbox 394 1565 441 1618; x_wconf 93' lang='lat' dir='ltr'><strong>est</strong></span> <span class='ocrx_word' id='word_1_97' title='bbox 470 1575 510 1617; x_wconf 90' lang='lat' dir='ltr'><strong>ne</strong></span> <span class='ocrx_word' id='word_1_98' title='bbox 532 1554 619 1618; x_wconf 88' lang='lat' dir='ltr'><strong>eliud</strong></span> <span class='ocrx_word' id='word_1_99' title='bbox 647 1555 698 1616; x_wconf 91' lang='lat' dir='ltr'><strong>hic</strong></span> <span class='ocrx_word' id='word_1_100' title='bbox 726 1554 821 1615; x_wconf 84' lang='lat' dir='ltr'><strong>lateat</strong></span> <span class='ocrx_word' id='word_1_101' title='bbox 845 1553 1046 1630; x_wconf 86' lang='lat' dir='ltr'><strong>vocabulum,</strong></span> <span class='ocrx_word' id='word_1_102' title='bbox 1078 1553 1194 1614; x_wconf 90' lang='lat' dir='ltr'><strong>litteris</strong></span> <span class='ocrx_word' id='word_1_103' title='bbox 1224 1553 1301 1615; x_wconf 87' lang='lat' dir='ltr'><strong>lalso</strong></span> <span class='ocrx_word' id='word_1_104' title='bbox 1327 1555 1371 1614; x_wconf 94' lang='lat' dir='ltr'><strong>illi</strong></span> <span class='ocrx_word' id='word_1_105' title='bbox 1395 1553 1484 1616; x_wconf 78' lang='lat' dir='ltr'><strong>hols-</strong></span> <span class='ocrx_word' id='word_1_106' title='bbox 1585 1627 1586 1636; x_wconf 16' lang='grc' dir='ltr'><strong>ρ</strong></span> 
     </span>
     <span class='ocr_line' id='line_1_13' title="bbox 298 1647 1586 1743; baseline -0.003 -21"><span class='ocrx_word' id='word_1_107' title='bbox 298 1657 420 1743; x_wconf 79' lang='grc' dir='ltr'><strong>ριυτέρνρ</strong></span> <span class='ocrx_word' id='word_1_108' title='bbox 442 1677 504 1720; x_wconf 89' lang='lat' dir='ltr'><strong>non</strong></span> <span class='ocrx_word' id='word_1_109' title='bbox 524 1661 628 1720; x_wconf 76' lang='lat' dir='ltr'><strong>suiuus</strong></span> <span class='ocrx_word' id='word_1_110' title='bbox 642 1657 800 1734; x_wconf 86' lang='lat' dir='ltr'><strong>adsimile,</strong></span> <span class='ocrx_word' id='word_1_111' title='bbox 825 1655 882 1718; x_wconf 90' lang='lat' dir='ltr'><strong>sed</strong></span> <span class='ocrx_word' id='word_1_112' title='bbox 905 1665 1036 1736; x_wconf 89' lang='lat' dir='ltr'><strong>propter</strong></span> <span class='ocrx_word' id='word_1_113' title='bbox 1054 1655 1253 1718; x_wconf 86' lang='lat' dir='ltr'><strong>insolentiam</strong></span> <span class='ocrx_word' id='word_1_114' title='bbox 1270 1655 1482 1737; x_wconf 86' lang='lat' dir='ltr'><strong>depravationi</strong></span> <span class='ocrx_word' id='word_1_115' title='bbox 1585 1647 1586 1724; x_wconf 42' lang='lat' dir='ltr'>g</span> 
     </span>
     <span class='ocr_line' id='line_1_14' title="bbox 299 1757 1486 1843; baseline -0.003 -19"><span class='ocrx_word' id='word_1_116' title='bbox 299 1763 398 1841; x_wconf 78' lang='lat' dir='ltr'><strong>magis</strong></span> <span class='ocrx_word' id='word_1_117' title='bbox 420 1762 510 1843; x_wconf 87' lang='lat' dir='ltr'><strong>quasi</strong></span> <span class='ocrx_word' id='word_1_118' title='bbox 534 1760 716 1822; x_wconf 84' lang='lat' dir='ltr'><strong>obnoxium.</strong></span> <span class='ocrx_word' id='word_1_119' title='bbox 764 1769 912 1839; x_wconf 88' lang='lat' dir='ltr'><strong>putamus</strong></span> <span class='ocrx_word' id='word_1_120' title='bbox 935 1760 1019 1820; x_wconf 89' lang='lat' dir='ltr'><strong>enim</strong></span> <span class='ocrx_word' id='word_1_121' title='bbox 1042 1760 1208 1838; x_wconf 86' lang='lat' dir='ltr'><strong>scripsisse</strong></span> <span class='ocrx_word' id='word_1_122' title='bbox 1224 1757 1414 1840; x_wconf 73' lang='lat' dir='ltr'><strong>Aeschylum</strong></span> <span class='ocrx_word' id='word_1_123' title='bbox 1437 1759 1486 1822; x_wconf 79' lang='grc' dir='ltr'><strong>θι-</strong></span> 
     </span>
     <span class='ocr_line' id='line_1_15' title="bbox 298 1857 1484 1949; baseline -0.003 -21"><span class='ocrx_word' id='word_1_124' title='bbox 298 1862 459 1949; x_wconf 78' lang='grc' dir='ltr'><strong>λτμτυτέρφ</strong></span> <span class='ocrx_word' id='word_1_125' title='bbox 479 1857 637 1945; x_wconf 74' lang='grc' dir='ltr'><strong>πνεύματι,</strong></span> <span class='ocrx_word' id='word_1_126' title='bbox 676 1872 710 1926; x_wconf 90' lang='lat' dir='ltr'><strong>nt</strong></span> <span class='ocrx_word' id='word_1_127' title='bbox 733 1862 815 1924; x_wconf 86' lang='lat' dir='ltr'><strong>dixit</strong></span> <span class='ocrx_word' id='word_1_128' title='bbox 843 1864 875 1924; x_wconf 91' lang='lat' dir='ltr'><strong>in</strong></span> <span class='ocrx_word' id='word_1_129' title='bbox 899 1860 1104 1941; x_wconf 91' lang='lat' dir='ltr'><strong>Supplicibus</strong></span> <span class='ocrx_word' id='word_1_130' title='bbox 1127 1881 1157 1922; x_wconf 92' lang='lat' dir='ltr'><strong>v.</strong></span> <span class='ocrx_word' id='word_1_131' title='bbox 1178 1861 1239 1922; x_wconf 79' lang='lat'><strong>997</strong></span> <span class='ocrx_word' id='word_1_132' title='bbox 1264 1864 1371 1924; x_wconf 90' lang='lat' dir='ltr'><strong>Herm.</strong></span> <span class='ocrx_word' id='word_1_133' title='bbox 1396 1885 1484 1926; x_wconf 89' lang='grc' dir='ltr'><strong>ποτα-</strong></span> 
     </span>
     <span class='ocr_line' id='line_1_16' title="bbox 299 1960 1483 2051; baseline -0.004 -21"><span class='ocrx_word' id='word_1_134' title='bbox 299 1963 371 2051; x_wconf 76' lang='grc' dir='ltr'><strong>μοὺς</strong></span> <span class='ocrx_word' id='word_1_135' title='bbox 396 1961 424 2029; x_wconf 84' lang='grc' dir='ltr'><strong>δ’</strong></span> <span class='ocrx_word' id='word_1_136' title='bbox 452 1964 481 2030; x_wconf 88' lang='grc' dir='ltr'><strong>οἳ</strong></span> <span class='ocrx_word' id='word_1_137' title='bbox 504 1961 555 2029; x_wconf 81' lang='grc' dir='ltr'><strong>διὰ</strong></span> <span class='ocrx_word' id='word_1_138' title='bbox 578 1960 683 2051; x_wconf 76' lang='grc' dir='ltr'><strong>χώρας</strong></span> <span class='ocrx_word' id='word_1_139' title='bbox 705 1960 833 2048; x_wconf 77' lang='grc' dir='ltr'><strong>θελεμὸν</strong></span> <span class='ocrx_word' id='word_1_140' title='bbox 855 1968 948 2046; x_wconf 84' lang='grc' dir='ltr'>πῶμα</span> <span class='ocrx_word' id='word_1_141' title='bbox 969 1962 1102 2048; x_wconf 84' lang='grc' dir='ltr'><strong>χέουσιν.</strong></span> <span class='ocrx_word' id='word_1_142' title='bbox 1151 1963 1195 2025; x_wconf 92' lang='lat' dir='ltr'><strong>ihi</strong></span> <span class='ocrx_word' id='word_1_143' title='bbox 1219 1965 1313 2027; x_wconf 87' lang='lat' dir='ltr'><strong>lanus</strong></span> <span class='ocrx_word' id='word_1_144' title='bbox 1336 1967 1483 2040; x_wconf 76' lang='lat' dir='ltr'><strong>hostaris,</strong></span> 
     </span>
     <span class='ocr_line' id='line_1_17' title="bbox 298 2063 1485 2152; baseline -0.005 -18"><span class='ocrx_word' id='word_1_145' title='bbox 298 2071 354 2151; x_wconf 91' lang='lat' dir='ltr'><strong>qui</strong></span> <span class='ocrx_word' id='word_1_146' title='bbox 378 2071 554 2132; x_wconf 89' lang='lat' dir='ltr'><strong>Parisinum</strong></span> <span class='ocrx_word' id='word_1_147' title='bbox 577 2069 695 2132; x_wconf 89' lang='lat' dir='ltr'><strong>librum</strong></span> <span class='ocrx_word' id='word_1_148' title='bbox 717 2069 855 2148; x_wconf 86' lang='lat' dir='ltr'><strong>scripsit,</strong></span> <span class='ocrx_word' id='word_1_149' title='bbox 881 2087 938 2148; x_wconf 91' lang='lat' dir='ltr'><strong>pro</strong></span> <span class='ocrx_word' id='word_1_150' title='bbox 962 2068 1067 2146; x_wconf 79' lang='lat' dir='ltr'><strong>ignoto</strong></span> <span class='ocrx_word' id='word_1_151' title='bbox 1085 2065 1235 2130; x_wconf 89' lang='lat' dir='ltr'><strong>vocahulo</strong></span> <span class='ocrx_word' id='word_1_152' title='bbox 1258 2063 1391 2152; x_wconf 83' lang='grc' dir='ltr'><strong>θαλερόν</strong></span> <span class='ocrx_word' id='word_1_153' title='bbox 1411 2068 1485 2131; x_wconf 93' lang='lat' dir='ltr'><strong>suh-</strong></span> 
     </span>
     <span class='ocr_line' id='line_1_18' title="bbox 298 2169 1485 2256; baseline -0.002 -20"><span class='ocrx_word' id='word_1_154' title='bbox 298 2174 412 2252; x_wconf 75' lang='lat' dir='ltr'><strong>stituit‚</strong></span> <span class='ocrx_word' id='word_1_155' title='bbox 437 2172 542 2253; x_wconf 89' lang='lat' dir='ltr'><strong>paullo</strong></span> <span class='ocrx_word' id='word_1_156' title='bbox 565 2170 695 2252; x_wconf 86' lang='lat' dir='ltr'><strong>quidem</strong></span> <span class='ocrx_word' id='word_1_157' title='bbox 719 2173 830 2234; x_wconf 87' lang='lat' dir='ltr'><strong>scitius</strong></span> <span class='ocrx_word' id='word_1_158' title='bbox 851 2189 945 2251; x_wconf 88' lang='lat' dir='ltr'><strong>quem</strong></span> <span class='ocrx_word' id='word_1_159' title='bbox 965 2170 1020 2249; x_wconf 94' lang='lat' dir='ltr'><strong>qui</strong></span> <span class='ocrx_word' id='word_1_160' title='bbox 1044 2170 1107 2230; x_wconf 91' lang='lat' dir='ltr'><strong>illic</strong></span> <span class='ocrx_word' id='word_1_161' title='bbox 1130 2169 1330 2256; x_wconf 79' lang='grc' dir='ltr'><strong>θαλεροπέρφ</strong></span> <span class='ocrx_word' id='word_1_162' title='bbox 1352 2173 1485 2252; x_wconf 75' lang='lat' dir='ltr'><strong>scripse·</strong></span> 
     </span>
     <span class='ocr_line' id='line_1_19' title="bbox 300 2255 1587 2353; baseline -0.002 -15"><span class='ocrx_word' id='word_1_163' title='bbox 300 2286 390 2353; x_wconf 88' lang='lat' dir='ltr'><strong>runt,</strong></span> <span class='ocrx_word' id='word_1_164' title='bbox 428 2275 485 2337; x_wconf 90' lang='lat' dir='ltr'><strong>sed</strong></span> <span class='ocrx_word' id='word_1_165' title='bbox 514 2274 555 2337; x_wconf 91' lang='lat' dir='ltr'><strong>ad</strong></span> <span class='ocrx_word' id='word_1_166' title='bbox 585 2275 669 2337; x_wconf 90' lang='lat' dir='ltr'><strong>idem</strong></span> <span class='ocrx_word' id='word_1_167' title='bbox 705 2284 809 2336; x_wconf 89' lang='lat' dir='ltr'><strong>tamen</strong></span> <span class='ocrx_word' id='word_1_168' title='bbox 839 2271 949 2334; x_wconf 91' lang='lat' dir='ltr'><strong>ecdem</strong></span> <span class='ocrx_word' id='word_1_169' title='bbox 985 2272 1075 2334; x_wconf 91' lang='lat' dir='ltr'><strong>modo</strong></span> <span class='ocrx_word' id='word_1_170' title='bbox 1104 2273 1293 2335; x_wconf 89' lang='lat' dir='ltr'><strong>vocabulum</strong></span> <span class='ocrx_word' id='word_1_171' title='bbox 1320 2273 1482 2336; x_wconf 87' lang='lat' dir='ltr'><strong>aberrans.</strong></span> <span class='ocrx_word' id='word_1_172' title='bbox 1586 2255 1587 2304; x_wconf 48' lang='grc' dir='ltr'><strong>θ</strong></span> 
     </span>
     <span class='ocr_line' id='line_1_20' title="bbox 299 2373 1485 2461; baseline -0.003 -19"><span class='ocrx_word' id='word_1_173' title='bbox 299 2373 426 2461; x_wconf 83' lang='grc' dir='ltr'><strong>θτλτμὸν</strong></span> <span class='ocrx_word' id='word_1_174' title='bbox 447 2381 541 2460; x_wconf 80' lang='grc' dir='ltr'><strong>πῶμα</strong></span> <span class='ocrx_word' id='word_1_175' title='bbox 563 2377 739 2440; x_wconf 87' lang='lat' dir='ltr'><strong>Guilelmus</strong></span> <span class='ocrx_word' id='word_1_176' title='bbox 760 2375 942 2438; x_wconf 89' lang='lat' dir='ltr'><strong>Dindorlius</strong></span> <span class='ocrx_word' id='word_1_177' title='bbox 972 2377 1005 2438; x_wconf 92' lang='lat' dir='ltr'><strong>in</strong></span> <span class='ocrx_word' id='word_1_178' title='bbox 1029 2376 1181 2456; x_wconf 88' lang='lat' dir='ltr'><strong>Stephani</strong></span> <span class='ocrx_word' id='word_1_179' title='bbox 1206 2377 1368 2439; x_wconf 84' lang='lat' dir='ltr'><strong>Thesauro</strong></span> <span class='ocrx_word' id='word_1_180' title='bbox 1394 2397 1485 2458; x_wconf 90' lang='lat' dir='ltr'><strong>spon-</strong></span> 
     </span>
     <span class='ocr_line' id='line_1_21' title="bbox 299 2477 1485 2561; baseline -0.003 -16"><span class='ocrx_word' id='word_1_181' title='bbox 299 2494 427 2545; x_wconf 90' lang='lat' dir='ltr'><strong>taneum</strong></span> <span class='ocrx_word' id='word_1_182' title='bbox 452 2500 522 2544; x_wconf 88' lang='lat' dir='ltr'><strong>esse</strong></span> <span class='ocrx_word' id='word_1_183' title='bbox 545 2480 809 2542; x_wconf 90' lang='lat' dir='ltr'><strong>comminiscitur:</strong></span> <span class='ocrx_word' id='word_1_184' title='bbox 844 2489 891 2541; x_wconf 91' lang='lat' dir='ltr'><strong>est</strong></span> <span class='ocrx_word' id='word_1_185' title='bbox 913 2481 1018 2560; x_wconf 89' lang='lat' dir='ltr'><strong>potius</strong></span> <span class='ocrx_word' id='word_1_186' title='bbox 1041 2477 1199 2560; x_wconf 87' lang='lat' dir='ltr'><strong>placidum</strong></span> <span class='ocrx_word' id='word_1_187' title='bbox 1230 2489 1260 2540; x_wconf 88' lang='lat' dir='ltr'><strong>et</strong></span> <span class='ocrx_word' id='word_1_188' title='bbox 1283 2481 1485 2561; x_wconf 86' lang='lat' dir='ltr'><strong>tranquillum</strong></span> 
     </span>
     <span class='ocr_line' id='line_1_22' title="bbox 301 2577 1482 2665; baseline -0.003 -18"><span class='ocrx_word' id='word_1_189' title='bbox 301 2594 451 2665; x_wconf 91' lang='lat' dir='ltr'><strong>recteque</strong></span> <span class='ocrx_word' id='word_1_190' title='bbox 475 2586 673 2646; x_wconf 85' lang='lat' dir='ltr'><strong>llermannus</strong></span> <span class='ocrx_word' id='word_1_191' title='bbox 703 2581 864 2644; x_wconf 88' lang='lat' dir='ltr'><strong>adnotavit</strong></span> <span class='ocrx_word' id='word_1_192' title='bbox 896 2583 927 2642; x_wconf 92' lang='lat' dir='ltr'><strong>in</strong></span> <span class='ocrx_word' id='word_1_193' title='bbox 951 2579 1107 2644; x_wconf 88' lang='lat' dir='ltr'><strong>Hesiodiis</strong></span> <span class='ocrx_word' id='word_1_194' title='bbox 1130 2583 1192 2643; x_wconf 92' lang='lat' dir='ltr'><strong>illis</strong></span> <span class='ocrx_word' id='word_1_195' title='bbox 1214 2583 1273 2663; x_wconf 95' lang='lat' dir='ltr'><strong>Op.</strong></span> <span class='ocrx_word' id='word_1_196' title='bbox 1295 2584 1369 2662; x_wconf 85' lang='grc'><strong>448,</strong></span> <span class='ocrx_word' id='word_1_197' title='bbox 1402 2581 1431 2646; x_wconf 85' lang='grc' dir='ltr'><strong>οἳ</strong></span> <span class='ocrx_word' id='word_1_198' title='bbox 1457 2577 1482 2644; x_wconf 81' lang='grc' dir='ltr'><strong>δ’</strong></span> 
     </span>
     <span class='ocr_line' id='line_1_23' title="bbox 299 2678 1486 2770; baseline -0.003 -19"><span class='ocrx_word' id='word_1_199' title='bbox 299 2683 445 2770; x_wconf 74' lang='grc' dir='ltr'><strong>ἐθελημοὶ</strong></span> <span class='ocrx_word' id='word_1_200' title='bbox 464 2678 601 2770; x_wconf 84' lang='grc' dir='ltr'><strong>Ἥσυχοι</strong></span> <span class='ocrx_word' id='word_1_201' title='bbox 627 2682 702 2769; x_wconf 75' lang='grc' dir='ltr'><strong>ἔργα</strong></span> <span class='ocrx_word' id='word_1_202' title='bbox 729 2683 870 2766; x_wconf 81' lang='grc' dir='ltr'><strong>νέμοντο,</strong></span> <span class='ocrx_word' id='word_1_203' title='bbox 903 2685 1121 2762; x_wconf 83' lang='lat' dir='ltr'><strong>grammaticos</strong></span> <span class='ocrx_word' id='word_1_204' title='bbox 1151 2685 1257 2747; x_wconf 87' lang='lat' dir='ltr'><strong>dicere</strong></span> <span class='ocrx_word' id='word_1_205' title='bbox 1286 2685 1432 2770; x_wconf 71' lang='grc' dir='ltr'><strong>ἐθελημοὶ</strong></span> <span class='ocrx_word' id='word_1_206' title='bbox 1459 2696 1486 2748; x_wconf 88' lang='lat' dir='ltr'><strong>et</strong></span> 
     </span>
     <span class='ocr_line' id='line_1_24' title="bbox 299 2779 1485 2875; baseline -0.005 -21"><span class='ocrx_word' id='word_1_207' title='bbox 299 2783 410 2875; x_wconf 77' lang='grc' dir='ltr'><strong>ἥσυχοι</strong></span> <span class='ocrx_word' id='word_1_208' title='bbox 438 2790 539 2870; x_wconf 85' lang='lat' dir='ltr'><strong>posita</strong></span> <span class='ocrx_word' id='word_1_209' title='bbox 566 2807 636 2850; x_wconf 90' lang='lat' dir='ltr'><strong>esse</strong></span> <span class='ocrx_word' id='word_1_210' title='bbox 665 2786 699 2850; x_wconf 79' lang='grc' dir='ltr'><strong>ἐκ</strong></span> <span class='ocrx_word' id='word_1_211' title='bbox 720 2779 930 2872; x_wconf 82' lang='grc' dir='ltr'><strong>παραλλήλου,</strong></span> <span class='ocrx_word' id='word_1_212' title='bbox 962 2785 1048 2867; x_wconf 86' lang='lat' dir='ltr'><strong>apud</strong></span> <span class='ocrx_word' id='word_1_213' title='bbox 1071 2788 1263 2867; x_wconf 89' lang='lat' dir='ltr'><strong>Hesychium</strong></span> <span class='ocrx_word' id='word_1_214' title='bbox 1286 2799 1405 2865; x_wconf 79' lang='lat' dir='ltr'><strong>autem,</strong></span> <span class='ocrx_word' id='word_1_215' title='bbox 1437 2789 1485 2851; x_wconf 91' lang='lat' dir='ltr'><strong>uhi</strong></span> 
     </span>
     <span class='ocr_line' id='line_1_25' title="bbox 300 2881 1484 2976; baseline -0.001 -20"><span class='ocrx_word' id='word_1_216' title='bbox 300 2896 377 2956; x_wconf 86' lang='lat' dir='ltr'><strong>haec</strong></span> <span class='ocrx_word' id='word_1_217' title='bbox 412 2893 572 2972; x_wconf 80' lang='lat' dir='ltr'><strong>leguntur,</strong></span> <span class='ocrx_word' id='word_1_218' title='bbox 605 2889 747 2972; x_wconf 80' lang='grc' dir='ltr'><strong>θέλτμον,</strong></span> <span class='ocrx_word' id='word_1_219' title='bbox 776 2883 911 2972; x_wconf 79' lang='grc' dir='ltr'><strong>οἰκτρόν,</strong></span> <span class='ocrx_word' id='word_1_220' title='bbox 949 2881 1064 2973; x_wconf 81' lang='grc' dir='ltr'><strong>ἥσυχον</strong></span> <span class='ocrx_word' id='word_1_221' title='bbox 1096 2900 1127 2951; x_wconf 91' lang='lat' dir='ltr'><strong>et</strong></span> <span class='ocrx_word' id='word_1_222' title='bbox 1157 2889 1313 2972; x_wconf 75' lang='grc' dir='ltr'><strong>θτλέμτος,</strong></span> <span class='ocrx_word' id='word_1_223' title='bbox 1348 2885 1484 2976; x_wconf 78' lang='grc' dir='ltr'><strong>ἡσύχως,</strong></span> 
     </span>
     <span class='ocr_line' id='line_1_26' title="bbox 299 2991 1588 3080; baseline 0.001 -21"><span class='ocrx_word' id='word_1_224' title='bbox 299 2997 441 3080; x_wconf 77' lang='grc' dir='ltr'><strong>οἰκτρῶς,</strong></span> <span class='ocrx_word' id='word_1_225' title='bbox 479 2996 611 3056; x_wconf 91' lang='lat' dir='ltr'><strong>alteram</strong></span> <span class='ocrx_word' id='word_1_226' title='bbox 646 2994 942 3074; x_wconf 89' lang='lat' dir='ltr'><strong>interpretationem</strong></span> <span class='ocrx_word' id='word_1_227' title='bbox 978 2992 1019 3055; x_wconf 91' lang='lat' dir='ltr'><strong>ad</strong></span> <span class='ocrx_word' id='word_1_228' title='bbox 1054 2991 1142 3054; x_wconf 92' lang='lat' dir='ltr'><strong>aliud</strong></span> <span class='ocrx_word' id='word_1_229' title='bbox 1176 2994 1270 3074; x_wconf 86' lang='lat' dir='ltr'><strong>plane</strong></span> <span class='ocrx_word' id='word_1_230' title='bbox 1304 2994 1485 3057; x_wconf 82' lang='lat' dir='ltr'><strong>vocabulum</strong></span> <span class='ocrx_word' id='word_1_231' title='bbox 1587 3013 1588 3060; x_wconf 76' lang='lat' dir='ltr'><strong>l</strong></span> 
     </span>
     <span class='ocr_line' id='line_1_27' title="bbox 300 3096 1588 3180; baseline -0.003 -18"><span class='ocrx_word' id='word_1_232' title='bbox 300 3099 493 3180; x_wconf 89' lang='lat' dir='ltr'><strong>pertinuisse</strong></span> <span class='ocrx_word' id='word_1_233' title='bbox 522 3097 637 3159; x_wconf 88' lang='lat' dir='ltr'><strong>videri.</strong></span> <span class='ocrx_word' id='word_1_234' title='bbox 692 3098 724 3158; x_wconf 92' lang='lat' dir='ltr'><strong>in</strong></span> <span class='ocrx_word' id='word_1_235' title='bbox 754 3097 851 3158; x_wconf 88' lang='lat' dir='ltr'><strong>altera</strong></span> <span class='ocrx_word' id='word_1_236' title='bbox 886 3105 1013 3176; x_wconf 87' lang='lat' dir='ltr'><strong>praeter</strong></span> <span class='ocrx_word' id='word_1_237' title='bbox 1046 3096 1229 3158; x_wconf 80' lang='lat' dir='ltr'><strong>scholiastes</strong></span> <span class='ocrx_word' id='word_1_238' title='bbox 1259 3096 1388 3159; x_wconf 91' lang='lat' dir='ltr'><strong>llesiodi</strong></span> <span class='ocrx_word' id='word_1_239' title='bbox 1416 3117 1485 3158; x_wconf 90' lang='lat' dir='ltr'><strong>con-</strong></span> <span class='ocrx_word' id='word_1_240' title='bbox 1587 3109 1588 3180; x_wconf 49' lang='lat'><em>5</em></span> 
     </span>
     <span class='ocr_line' id='line_1_28' title="bbox 301 3197 1485 3282; baseline -0.003 -19"><span class='ocrx_word' id='word_1_241' title='bbox 301 3203 424 3282; x_wconf 87' lang='lat' dir='ltr'><strong>spirant</strong></span> <span class='ocrx_word' id='word_1_242' title='bbox 447 3201 692 3281; x_wconf 79' lang='lat' dir='ltr'><strong>Etymologicum</strong></span> <span class='ocrx_word' id='word_1_243' title='bbox 717 3220 748 3280; x_wconf 90' lang='lat' dir='ltr'><strong>p.</strong></span> <span class='ocrx_word' id='word_1_244' title='bbox 767 3200 829 3258; x_wconf 86' lang='grc'><strong>348</strong></span> <span class='ocrx_word' id='word_1_245' title='bbox 855 3199 906 3278; x_wconf 77' lang='lat' dir='ltr'><strong>ta,</strong></span> <span class='ocrx_word' id='word_1_246' title='bbox 938 3197 994 3261; x_wconf 90' lang='lat' dir='ltr'><strong>uhi</strong></span> <span class='ocrx_word' id='word_1_247' title='bbox 1018 3198 1145 3262; x_wconf 88' lang='lat' dir='ltr'><strong>llesiodi</strong></span> <span class='ocrx_word' id='word_1_248' title='bbox 1170 3218 1281 3261; x_wconf 84' lang='lat' dir='ltr'><strong>versus</strong></span> <span class='ocrx_word' id='word_1_249' title='bbox 1304 3199 1417 3262; x_wconf 89' lang='lat' dir='ltr'><strong>codem</strong></span> <span class='ocrx_word' id='word_1_250' title='bbox 1440 3199 1485 3260; x_wconf 94' lang='lat' dir='ltr'><strong>illo</strong></span> 
     </span>
     <span class='ocr_line' id='line_1_29' title="bbox 301 3297 1486 3386; baseline -0.003 -20"><span class='ocrx_word' id='word_1_251' title='bbox 301 3303 393 3366; x_wconf 89' lang='lat' dir='ltr'><strong>modo</strong></span> <span class='ocrx_word' id='word_1_252' title='bbox 415 3304 602 3384; x_wconf 83' lang='lat' dir='ltr'><strong>explicatur,</strong></span> <span class='ocrx_word' id='word_1_253' title='bbox 628 3313 695 3364; x_wconf 91' lang='lat' dir='ltr'><strong>tum</strong></span> <span class='ocrx_word' id='word_1_254' title='bbox 714 3301 828 3364; x_wconf 89' lang='lat' dir='ltr'><strong>Suidas</strong></span> <span class='ocrx_word' id='word_1_255' title='bbox 851 3303 984 3364; x_wconf 87' lang='lat' dir='ltr'><strong>Zonaras</strong></span> <span class='ocrx_word' id='word_1_256' title='bbox 1007 3302 1155 3384; x_wconf 74' lang='lat' dir='ltr'><strong>Cyrinus,</strong></span> <span class='ocrx_word' id='word_1_257' title='bbox 1181 3303 1236 3383; x_wconf 89' lang='lat' dir='ltr'><strong>qui</strong></span> <span class='ocrx_word' id='word_1_258' title='bbox 1260 3297 1411 3386; x_wconf 79' lang='grc' dir='ltr'><strong>ἐθελημὸς</strong></span> <span class='ocrx_word' id='word_1_259' title='bbox 1433 3321 1486 3382; x_wconf 85' lang='lat' dir='ltr'><strong>per</strong></span> 
     </span>
     <span class='ocr_line' id='line_1_30' title="bbox 300 3399 1485 3491; baseline -0.004 -21"><span class='ocrx_word' id='word_1_260' title='bbox 300 3399 414 3491; x_wconf 82' lang='grc' dir='ltr'><strong>ἥσυχος</strong></span> <span class='ocrx_word' id='word_1_261' title='bbox 437 3409 702 3486; x_wconf 85' lang='lat' dir='ltr'><strong>interpretantur,</strong></span> <span class='ocrx_word' id='word_1_262' title='bbox 728 3404 868 3485; x_wconf 83' lang='lat' dir='ltr'><strong>denique</strong></span> <span class='ocrx_word' id='word_1_263' title='bbox 890 3406 1030 3486; x_wconf 90' lang='lat' dir='ltr'><strong>pertinet</strong></span> <span class='ocrx_word' id='word_1_264' title='bbox 1053 3405 1115 3467; x_wconf 92' lang='lat' dir='ltr'><strong>huc</strong></span> <span class='ocrx_word' id='word_1_265' title='bbox 1139 3405 1279 3466; x_wconf 91' lang='lat' dir='ltr'><strong>scholion</strong></span> <span class='ocrx_word' id='word_1_266' title='bbox 1302 3405 1344 3468; x_wconf 89' lang='lat' dir='ltr'><strong>ad</strong></span> <span class='ocrx_word' id='word_1_267' title='bbox 1366 3405 1485 3486; x_wconf 78' lang='lat' dir='ltr'><strong>Apollo</strong></span> 
     </span>
     <span class='ocr_line' id='line_1_31' title="bbox 301 3503 1484 3592; baseline -0.002 -20"><span class='ocrx_word' id='word_1_268' title='bbox 301 3511 346 3572; x_wconf 93' lang='lat' dir='ltr'><strong>nii</strong></span> <span class='ocrx_word' id='word_1_269' title='bbox 371 3508 483 3570; x_wconf 87' lang='lat' dir='ltr'><strong>llhodii</strong></span> <span class='ocrx_word' id='word_1_270' title='bbox 507 3507 613 3570; x_wconf 82' lang='grc'><strong>11557</strong></span> <span class='ocrx_word' id='word_1_271' title='bbox 637 3507 844 3589; x_wconf 88' lang='lat' dir='ltr'><strong>adscriptum,</strong></span> <span class='ocrx_word' id='word_1_272' title='bbox 876 3505 1044 3592; x_wconf 78' lang='grc' dir='ltr'><strong>θελήμονα,</strong></span> <span class='ocrx_word' id='word_1_273' title='bbox 1067 3504 1221 3592; x_wconf 85' lang='grc' dir='ltr'><strong>πρόθυμον</strong></span> <span class='ocrx_word' id='word_1_274' title='bbox 1245 3503 1296 3570; x_wconf 72' lang='grc' dir='ltr'><strong>καὶ</strong></span> <span class='ocrx_word' id='word_1_275' title='bbox 1318 3505 1484 3590; x_wconf 69' lang='grc' dir='ltr'><strong>ἐπιτεταμέ-</strong></span> 
     </span>
     <span class='ocr_line' id='line_1_32' title="bbox 301 3604 1069 3696; baseline -0.004 -21"><span class='ocrx_word' id='word_1_276' title='bbox 301 3631 371 3696; x_wconf 90' lang='grc' dir='ltr'><strong>νην·</strong></span> <span class='ocrx_word' id='word_1_277' title='bbox 404 3606 438 3676; x_wconf 80' lang='grc' dir='ltr'><strong>οὐ</strong></span> <span class='ocrx_word' id='word_1_278' title='bbox 460 3605 518 3695; x_wconf 80' lang='grc' dir='ltr'><strong>γὰρ</strong></span> <span class='ocrx_word' id='word_1_279' title='bbox 540 3606 594 3693; x_wconf 72' lang='grc' dir='ltr'><strong>την</strong></span> <span class='ocrx_word' id='word_1_280' title='bbox 616 3604 742 3696; x_wconf 72' lang='grc' dir='ltr'><strong>ἡσύχιον</strong></span> <span class='ocrx_word' id='word_1_281' title='bbox 764 3610 896 3674; x_wconf 76' lang='grc' dir='ltr'><strong>ἐνταῦθα</strong></span> <span class='ocrx_word' id='word_1_282' title='bbox 919 3608 1069 3694; x_wconf 79' lang='grc' dir='ltr'><strong>σημαίνει.</strong></span> 
     </span>
     <span class='ocr_line' id='line_1_33' title="bbox 387 3712 1485 3798; baseline 0.003 -22"><span class='ocrx_word' id='word_1_283' title='bbox 387 3713 450 3778; x_wconf 89' lang='lat' dir='ltr'><strong>Sed</strong></span> <span class='ocrx_word' id='word_1_284' title='bbox 474 3724 582 3776; x_wconf 86' lang='lat' dir='ltr'><strong>utrum</strong></span> <span class='ocrx_word' id='word_1_285' title='bbox 606 3724 690 3776; x_wconf 88' lang='lat' dir='ltr'><strong>recte</strong></span> <span class='ocrx_word' id='word_1_286' title='bbox 719 3734 759 3776; x_wconf 89' lang='lat' dir='ltr'><strong>an</strong></span> <span class='ocrx_word' id='word_1_287' title='bbox 782 3735 873 3776; x_wconf 90' lang='lat' dir='ltr'><strong>secus</strong></span> <span class='ocrx_word' id='word_1_288' title='bbox 902 3717 934 3776; x_wconf 91' lang='lat' dir='ltr'><strong>in</strong></span> <span class='ocrx_word' id='word_1_289' title='bbox 958 3712 1103 3796; x_wconf 77' lang='lat' dir='ltr'><strong>Aeschyli</strong></span> <span class='ocrx_word' id='word_1_290' title='bbox 1131 3716 1272 3778; x_wconf 87' lang='lat' dir='ltr'><strong>carmine</strong></span> <span class='ocrx_word' id='word_1_291' title='bbox 1296 3714 1485 3798; x_wconf 76' lang='grc' dir='ltr'><strong>θελεμωτέρῳ</strong></span> 
     </span>
     <span class='ocr_line' id='line_1_34' title="bbox 300 3815 1484 3900; baseline -0.003 -19"><span class='ocrx_word' id='word_1_292' title='bbox 300 3815 447 3900; x_wconf 75' lang='grc' dir='ltr'><strong>πνεύματι</strong></span> <span class='ocrx_word' id='word_1_293' title='bbox 468 3815 674 3880; x_wconf 90' lang='lat' dir='ltr'><strong>scribendum</strong></span> <span class='ocrx_word' id='word_1_294' title='bbox 697 3837 766 3879; x_wconf 89' lang='lat' dir='ltr'><strong>esse</strong></span> <span class='ocrx_word' id='word_1_295' title='bbox 789 3819 957 3898; x_wconf 90' lang='lat' dir='ltr'><strong>opinemur</strong></span> <span class='ocrx_word' id='word_1_296' title='bbox 979 3817 1113 3880; x_wconf 90' lang='lat' dir='ltr'><strong>aliorum</strong></span> <span class='ocrx_word' id='word_1_297' title='bbox 1136 3829 1203 3880; x_wconf 90' lang='lat' dir='ltr'><strong>esto</strong></span> <span class='ocrx_word' id='word_1_298' title='bbox 1227 3817 1393 3882; x_wconf 90' lang='lat' dir='ltr'><strong>iudicium.</strong></span> <span class='ocrx_word' id='word_1_299' title='bbox 1434 3837 1484 3878; x_wconf 82' lang='grc' dir='ltr'><strong>ντ-</strong></span> 
     </span>
     <span class='ocr_line' id='line_1_35' title="bbox 302 3914 1483 4006; baseline -0.003 -22"><span class='ocrx_word' id='word_1_300' title='bbox 302 3941 372 3984; x_wconf 89' lang='lat' dir='ltr'><strong>rum</strong></span> <span class='ocrx_word' id='word_1_301' title='bbox 402 3939 527 3984; x_wconf 87' lang='lat' dir='ltr'><strong>causam</strong></span> <span class='ocrx_word' id='word_1_302' title='bbox 558 3938 628 3982; x_wconf 91' lang='lat' dir='ltr'><strong>esse</strong></span> <span class='ocrx_word' id='word_1_303' title='bbox 657 3939 809 3999; x_wconf 81' lang='lat' dir='ltr'><strong>negamus</strong></span> <span class='ocrx_word' id='word_1_304' title='bbox 836 3920 933 3982; x_wconf 90' lang='lat' dir='ltr'><strong>ullam</strong></span> <span class='ocrx_word' id='word_1_305' title='bbox 961 3939 1019 3981; x_wconf 92' lang='lat' dir='ltr'><strong>cur</strong></span> <span class='ocrx_word' id='word_1_306' title='bbox 1044 3914 1177 4003; x_wconf 83' lang='grc' dir='ltr'><strong>λήματος</strong></span> <span class='ocrx_word' id='word_1_307' title='bbox 1205 3921 1350 4006; x_wconf 86' lang='grc' dir='ltr'><strong>τροπαίαν</strong></span> <span class='ocrx_word' id='word_1_308' title='bbox 1381 3923 1483 3984; x_wconf 81' lang='lat' dir='ltr'><strong>volun·</strong></span> 
     </span>
     <span class='ocr_line' id='line_1_36' title="bbox 301 4023 1588 4104; baseline -0.002 -18"><span class='ocrx_word' id='word_1_309' title='bbox 301 4026 374 4086; x_wconf 88' lang='lat' dir='ltr'><strong>tatis</strong></span> <span class='ocrx_word' id='word_1_310' title='bbox 396 4025 601 4086; x_wconf 87' lang='lat' dir='ltr'><strong>mutationem</strong></span> <span class='ocrx_word' id='word_1_311' title='bbox 625 4023 802 4103; x_wconf 81' lang='lat' dir='ltr'><strong>significare</strong></span> <span class='ocrx_word' id='word_1_312' title='bbox 824 4024 957 4085; x_wconf 85' lang='lat' dir='ltr'><strong>aliterve</strong></span> <span class='ocrx_word' id='word_1_313' title='bbox 973 4023 1088 4085; x_wconf 87' lang='lat' dir='ltr'><strong>dictem</strong></span> <span class='ocrx_word' id='word_1_314' title='bbox 1105 4043 1174 4086; x_wconf 89' lang='lat' dir='ltr'><strong>esse</strong></span> <span class='ocrx_word' id='word_1_315' title='bbox 1195 4044 1383 4088; x_wconf 89' lang='lat' dir='ltr'><strong>censeamus</strong></span> <span class='ocrx_word' id='word_1_316' title='bbox 1398 4043 1481 4104; x_wconf 87' lang='lat' dir='ltr'><strong>qnam</strong></span> <span class='ocrx_word' id='word_1_317' title='bbox 1587 4041 1588 4052; x_wconf 57' lang='lat'>¹</span> 
     </span>
     <span class='ocr_line' id='line_1_37' title="bbox 301 4113 1588 4212; baseline -0.002 -23"><span class='ocrx_word' id='word_1_318' title='bbox 301 4121 408 4212; x_wconf 77' lang='grc' dir='ltr'><strong>φρενὸς</strong></span> <span class='ocrx_word' id='word_1_319' title='bbox 429 4122 574 4210; x_wconf 89' lang='grc' dir='ltr'><strong>τροπαίαν</strong></span> <span class='ocrx_word' id='word_1_320' title='bbox 606 4126 638 4186; x_wconf 94' lang='lat' dir='ltr'><strong>in</strong></span> <span class='ocrx_word' id='word_1_321' title='bbox 660 4125 895 4205; x_wconf 84' lang='lat' dir='ltr'><strong>Agamemnone</strong></span> <span class='ocrx_word' id='word_1_322' title='bbox 920 4145 950 4186; x_wconf 90' lang='lat' dir='ltr'><strong>v.</strong></span> <span class='ocrx_word' id='word_1_323' title='bbox 969 4126 1042 4186; x_wconf 72' lang='lat' dir='ltr'><strong>ets.</strong></span> <span class='ocrx_word' id='word_1_324' title='bbox 1090 4125 1149 4188; x_wconf 89' lang='lat' dir='ltr'><strong>sed</strong></span> <span class='ocrx_word' id='word_1_325' title='bbox 1172 4137 1255 4202; x_wconf 86' lang='lat' dir='ltr'><strong>esto;</strong></span> <span class='ocrx_word' id='word_1_326' title='bbox 1291 4127 1410 4190; x_wconf 88' lang='lat' dir='ltr'><strong>dixerit</strong></span> <span class='ocrx_word' id='word_1_327' title='bbox 1431 4127 1482 4188; x_wconf 91' lang='lat' dir='ltr'><strong>ali·</strong></span> <span class='ocrx_word' id='word_1_328' title='bbox 1587 4113 1588 4116; x_wconf 26' lang='lat'>¹</span> 
     </span>
     <span class='ocr_line' id='line_1_38' title="bbox 301 4227 1480 4312; baseline -0.002 -20"><span class='ocrx_word' id='word_1_329' title='bbox 301 4231 375 4309; x_wconf 90' lang='lat' dir='ltr'><strong>quis</strong></span> <span class='ocrx_word' id='word_1_330' title='bbox 396 4231 479 4312; x_wconf 81' lang='grc' dir='ltr'><strong>λῆμα</strong></span> <span class='ocrx_word' id='word_1_331' title='bbox 502 4228 541 4292; x_wconf 93' lang='lat' dir='ltr'><strong>de</strong></span> <span class='ocrx_word' id='word_1_332' title='bbox 564 4229 736 4306; x_wconf 80' lang='lat' dir='ltr'><strong>voluntate,</strong></span> <span class='ocrx_word' id='word_1_333' title='bbox 769 4227 854 4307; x_wconf 91' lang='lat' dir='ltr'><strong>quod</strong></span> <span class='ocrx_word' id='word_1_334' title='bbox 884 4227 999 4291; x_wconf 87' lang='lat' dir='ltr'><strong>iactum</strong></span> <span class='ocrx_word' id='word_1_335' title='bbox 1023 4248 1092 4290; x_wconf 89' lang='lat' dir='ltr'><strong>esse</strong></span> <span class='ocrx_word' id='word_1_336' title='bbox 1121 4248 1183 4290; x_wconf 91' lang='lat' dir='ltr'><strong>non</strong></span> <span class='ocrx_word' id='word_1_337' title='bbox 1207 4230 1379 4294; x_wconf 86' lang='lat' dir='ltr'><strong>credemus</strong></span> <span class='ocrx_word' id='word_1_338' title='bbox 1399 4239 1480 4292; x_wconf 84' lang='lat' dir='ltr'><strong>antea</strong></span> 
     </span>
     <span class='ocr_line' id='line_1_39' title="bbox 301 4331 1588 4412; baseline -0.003 -18"><span class='ocrx_word' id='word_1_339' title='bbox 301 4351 396 4412; x_wconf 89' lang='lat' dir='ltr'><strong>quam</strong></span> <span class='ocrx_word' id='word_1_340' title='bbox 412 4342 497 4394; x_wconf 91' lang='lat' dir='ltr'><strong>certo</strong></span> <span class='ocrx_word' id='word_1_341' title='bbox 520 4331 664 4411; x_wconf 80' lang='lat' dir='ltr'><strong>exemplo</strong></span> <span class='ocrx_word' id='word_1_342' title='bbox 680 4331 898 4394; x_wconf 86' lang='lat' dir='ltr'><strong>confirmatum</strong></span> <span class='ocrx_word' id='word_1_343' title='bbox 915 4331 1107 4394; x_wconf 90' lang='lat' dir='ltr'><strong>viderimus:</strong></span> <span class='ocrx_word' id='word_1_344' title='bbox 1141 4333 1241 4394; x_wconf 91' lang='lat' dir='ltr'><strong>nihilo</strong></span> <span class='ocrx_word' id='word_1_345' title='bbox 1263 4345 1371 4407; x_wconf 87' lang='lat' dir='ltr'><strong>tamen</strong></span> <span class='ocrx_word' id='word_1_346' title='bbox 1395 4331 1481 4410; x_wconf 74' lang='lat' dir='ltr'><strong>usagio</strong></span> <span class='ocrx_word' id='word_1_347' title='bbox 1587 4365 1588 4368; x_wconf 61' lang='lat'><em>=</em></span> 
     </span>
     <span class='ocr_line' id='line_1_40' title="bbox 302 4426 1588 4538; baseline -0.002 -42"><span class='ocrx_word' id='word_1_348' title='bbox 302 4433 504 4497; x_wconf 85' lang='lat' dir='ltr'><strong>concedimus</strong></span> <span class='ocrx_word' id='word_1_349' title='bbox 519 4435 704 4514; x_wconf 88' lang='lat' dir='ltr'><strong>Sophoclem</strong></span> <span class='ocrx_word' id='word_1_350' title='bbox 727 4434 894 4513; x_wconf 90' lang='lat' dir='ltr'><strong>scripsisse</strong></span> <span class='ocrx_word' id='word_1_351' title='bbox 917 4430 986 4505; x_wconf 83' lang='grc' dir='ltr'>Διὸς</span> <span class='ocrx_word' id='word_1_352' title='bbox 1009 4426 1131 4518; x_wconf 76' lang='grc' dir='ltr'><strong>εὔφρονι</strong></span> <span class='ocrx_word' id='word_1_353' title='bbox 1153 4429 1276 4518; x_wconf 87' lang='grc' dir='ltr'><strong>λη’μπτι.</strong></span> <span class='ocrx_word' id='word_1_354' title='bbox 1325 4456 1397 4498; x_wconf 87' lang='lat' dir='ltr'><strong>nam</strong></span> <span class='ocrx_word' id='word_1_355' title='bbox 1419 4451 1480 4496; x_wconf 88' lang='lat' dir='ltr'><strong>oum</strong></span> <span class='ocrx_word' id='word_1_356' title='bbox 1586 4463 1588 4538; x_wconf 37' lang='grc' dir='ltr'><strong>ρ</strong></span> 
     </span>
    </p>
   </div>
   <div class='ocr_carea' id='block_1_3' title="bbox 0 0 1604 5108">
    <p class='ocr_par' dir='ltr' id='par_1_3' title="bbox 0 0 1604 5108">
     <span class='ocr_line' id='line_1_41' title="bbox 0 0 1604 5108; baseline 0 0"><span class='ocrx_word' id='word_1_357' title='bbox 0 0 1604 5108; x_wconf 95' lang='lat' dir='ltr'><strong> </strong></span> 
     </span>
    </p>
   </div>
  </div>
 </body>
</html>
