3204 5104
303 348 377 419 328
599 363 688 424 lunen
711 381 876 425 onorronrn
900 381 1077 425 nesrrvnnvn
1097 363 1190 424 4866.

297 552 409 631 pituita
439 553 503 631 ipso
526 552 627 612 calore
649 551 803 613 oculorum
829 551 1009 634 qlutinosior
1035 555 1104 613 visa
1122 551 1229 633 suerit.
1277 552 1482 614 Tertullianus

301 653 455 716 adversus
477 654 712 716 Valentinianos
741 672 810 735 cap.
836 655 876 714 tt
906 656 936 716 si
962 656 1041 716 enim
1065 653 1159 735 fusile
1182 663 1211 716 et
1228 655 1342 736 fluoeile
1364 656 1481 736 liquoris

300 764 345 818 est
366 757 509 836 paulitas,
535 757 634 837 liquor
656 763 756 818 ouum
777 758 874 818 amnis
889 757 926 818 de
942 757 1071 838 Sophiae
1084 757 1203 837 fletibus
1222 758 1330 838 (lucit,
1355 759 1482 838 sequitur

300 866 333 920 ut
355 860 459 921 limum
482 878 524 920 erc
542 860 661 940 pituitis
684 867 712 921 et
731 862 849 942 pramis
872 860 1002 941 Sophiae
1023 863 1190 923 constitisse
1211 860 1387 938 credamus,
1413 879 1483 940 quae

300 961 501 1023 lacrimarum
520 963 651 1043 proinde
673 970 745 1024 sunt
763 962 865 1044 faeces
888 965 964 1025 sieut
986 981 1139 1044 aqttarum
1161 962 1239 1044 quod
1261 963 1377 1025 desidet
1398 964 1482 1024 limis

300 1072 353 1126 cst.
400 1065 519 1126 Nonius
541 1085 574 1145 p.
602 1065 662 1124 tle
688 1065 727 1124 lS
749 1067 902 1147 prumiae,
926 1067 1054 1146 pituitae
1076 1067 1243 1129 vestiarum.

386 1167 420 1226 ln
449 1166 583 1248 epistula
607 1165 646 1227 tt
671 1170 690 1227 9
720 1168 920 1230 manifestum
951 1166 1102 1230 mendum
1126 1177 1185 1230 est.
1232 1178 1268 1229 ut
1290 1166 1484 1230 declaremus

298 1268 454 1349 quomodo
477 1268 509 1330 id
533 1269 706 1331 tollendum
723 1289 793 1332 esse
808 1287 994 1332 censeamus
1009 1271 1148 1350 longiora
1162 1269 1262 1332 verba
1276 1269 1484 1332 adscribenda

296 1383 384 1434 sunt.
431 1373 572 1452 loquitur
594 1374 713 1434 Seneca
737 1372 777 1434 de
800 1375 934 1435 Fortuna
957 1391 1040 1454 quae
1063 1372 1154 1435 ludos
1176 1372 1270 1434 faciat
1292 1382 1324 1435 et
1346 1374 1380 1434 in
1403 1391 1485 1434 mor-

296 1474 406 1536 talium
423 1485 546 1536 eoelum
563 1493 696 1538 munere
712 1477 865 1554 excutiat,
891 1493 973 1556 quae
990 1484 1095 1537 tamen
1111 1474 1152 1536 ad
1167 1493 1284 1555 paucos
1302 1474 1481 1538 deveniant.

298 1579 360 1638 iam
383 1579 425 1639 ita
447 1580 568 1659 pergit,
594 1579 675 1640 nulli
694 1597 783 1654 vero,
809 1581 899 1640 ettam
921 1579 973 1640 cui
992 1579 1105 1659 rapina
1124 1577 1255 1659 feliciter
1276 1579 1383 1657 cessr't,
1408 1596 1483 1660 qau-

298 1679 381 1742 dium
410 1683 495 1762 rapti
523 1681 649 1743 duravit
674 1683 707 1743 in
733 1689 900 1762 posterum.
951 1682 1052 1762 itaque
1077 1681 1338 1761 prudentissimus
1362 1681 1484 1761 quisque

297 1801 365 1844 cum
386 1784 519 1864 primum
541 1783 647 1846 induci
666 1783 749 1846 videt
768 1785 952 1846 munuscula
973 1803 994 1845 a
1015 1783 1132 1845 deamo
1149 1782 1231 1866 suqit
1252 1790 1281 1845 et
1301 1784 1358 1845 scit
1378 1801 1484 1865 maqnv

293 1905 399 1966 parva
420 1895 579 1948 constare:
602 1905 688 1948 nemo
702 1904 827 1948 maium
842 1888 975 1950 conserit
988 1905 1054 1948 cum
1070 1886 1241 1962 recedente,
1266 1904 1353 1946 nenio
1368 1903 1484 1947 warn-

296 1996 354 2050 tem
372 1988 464 2070 serit,
491 1991 576 2050 circa
594 1991 767 2070 praemium
789 1991 867 2051 rima
882 1997 937 2052 est.
983 1988 1063 2050 idem
1084 1989 1118 2049 in
1139 1988 1186 2051 llis
1204 1991 1305 2050 evenit
1319 2006 1396 2070 quae
1411 1989 1484 2049 For-

295 2097 371 2151 tuna
387 2090 517 2172 desuper
532 2094 643 2154 iactet:
667 2099 842 2155 aestuamus
858 2093 974 2168 miseri,
999 2091 1223 2174 distm'nqimur,
1248 2091 1362 2152 multas
1377 2089 1483 2151 babere

295 2195 434 2274 cupimus
456 2213 583 2270 manus,
608 2194 693 2256 modo
716 2197 749 2256 in
770 2194 1002 2276 lampertum,
1028 2193 1115 2255 modo
1136 2197 1168 2254 in
1184 2194 1270 2256 illam
1285 2194 1481 2274 respicimus·

295 2298 387 2358 nimis
410 2297 497 2358 tarde
518 2296 604 2358 nobis
626 2299 704 2359 mitti
724 2297 867 2358 videntur
896 2316 973 2378 quae
995 2297 1174 2378 cupiditates
1195 2303 1320 2357 nostros
1343 2297 1479 2368 inritant,

296 2398 337 2459 ad
356 2418 470 2479 paucos
489 2407 696 2480 perventura,
728 2407 887 2481 eoepectata
908 2399 1064 2476 omnibus,·
1095 2400 1140 2460 ire
1169 2397 1288 2460 obviam
1310 2397 1481 2460 cadentibus

295 2504 454 2581 cupimus;
487 2502 655 2584 qaudemus
687 2502 788 2583 siquid
821 2504 991 2566 invasimus
1021 2501 1243 2582 invadendique
1270 2501 1390 2582 aliquos
1418 2517 1481 2581 spes

295 2623 379 2664 vana
400 2603 528 2680 delusit;
556 2606 645 2667 vilem
665 2605 816 2686 praedam
838 2625 946 2688 maqoo
968 2605 1069 2686 aliquo
1092 2603 1274 2666 incommodo
1297 2603 1412 2665 luimus
1432 2609 1480 2662 aut

295 2707 364 2768 inde
389 2705 541 2787 fallimur.
590 2707 667 2769 haee
695 2709 806 2770 ultima
836 2707 905 2770 inde
923 2707 1067 2789 fallimur
1089 2707 1207 2768 nullam
1230 2705 1390 2786 praebere
1413 2723 1481 2767 sen-

295 2811 426 2870 tentiam
443 2807 645 2872 manilestum
661 2820 721 2872 est.
762 2811 893 2872 Hessius
913 2809 1092 2890 adsumpsit
1113 2808 1199 2890 quod
1220 2808 1296 2870 libri
1321 2827 1385 2870 non
1408 2806 1480 2869 nulli

295 2911 414 2972 habent
436 2912 548 2973 luimus
570 2919 626 2973 out
646 2911 814 2994 decipimur
836 2920 890 2974 aut
907 2911 1061 2994 fallimur.
1113 2911 1170 2972 sed
1193 2912 1251 2973 hoe
1273 2921 1479 2973 aommentnm

296 3024 343 3075 est
372 3015 507 3076 hominis
535 3016 669 3077 alicuius
698 3017 752 3096 qui
784 3014 869 3096 quod
898 3015 1038 3094 intellegi
1068 3033 1131 3076 non
1160 3033 1252 3094 posse
1275 3013 1358 3076 vidit
1381 3015 1479 3094 aliquo

296 3116 387 3178 modo
417 3117 548 3179 reficere
579 3118 711 3180 studuit.
759 3117 843 3198 quod
873 3117 949 3179 lecit
977 3127 1008 3179 et
1036 3127 1158 3179 temere
1186 3127 1217 3179 et
1245 3117 1365 3198 inepte.
1412 3134 1477 3177 nam

295 3237 401 3298 neque
424 3219 577 3281 eiusmodi
602 3223 772 3301 quicquam
795 3222 894 3282 latere
917 3229 1020 3300 potest
1043 3221 1076 3279 in
1099 3219 1151 3280 illo
1178 3227 1233 3282 aut
1253 3220 1324 3280 iude
1342 3219 1479 3301 fallimur

295 3339 400 3402 neque
423 3321 606 3402 decipiendi
631 3334 662 3384 et
683 3322 814 3385 lullendi
838 3324 899 3384 tale
921 3333 1024 3402 potest
1043 3323 1172 3402 eogitari
1196 3321 1369 3385 discrimen
1393 3333 1427 3383 nt
1446 3339 1478 3381 ea

294 3425 337 3485 ita
354 3426 506 3486 Senecam
531 3425 714 3488 distinxisse
737 3425 890 3487 credibile
913 3427 964 3486 sit.
1011 3424 1133 3486 accedit
1155 3424 1240 3504 quod
1263 3443 1304 3486 ne
1328 3427 1395 3505 ipsa
1411 3425 1478 3504 qui·

295 3526 368 3588 dem
390 3526 520 3590 fallendi
542 3529 627 3590 notio
650 3530 702 3590 hie
723 3530 799 3590 satis
822 3529 989 3609 perspicua
1012 3539 1043 3588 et
1059 3529 1165 3607 gravis
1181 3529 1386 3607 Senecaeque
1409 3545 1479 3588 aau-

295 3631 380 3690 mine
410 3630 505 3710 digna
534 3640 592 3692 est.
640 3629 787 3692 facillima
816 3634 989 3693 mutatione
1018 3629 1189 3692 scribimus
1218 3631 1308 3692 vilem
1334 3629 1477 3712 praedam

294 3751 403 3814 maqno
431 3735 531 3815 aliquo
559 3734 740 3796 incommodo
768 3735 880 3796 luimus
904 3743 958 3796 aut
979 3733 1049 3795 inde
1071 3750 1224 3794 ranorum.
1273 3751 1356 3813 quae
1379 3743 1477 3794 autem

293 3845 385 3897 antea
415 3835 566 3898 dicuntur
592 3837 760 3918 pandemus
790 3837 890 3918 siquid
919 3839 1089 3898 invasimus
1116 3835 1340 3916 invadendique
1368 3835 1479 3915 aliquos

293 3957 363 4020 spes
386 3957 469 4000 vana
490 3939 602 4000 delusit
622 3937 798 4001 tolerabilia
814 3938 893 4002 liunt
916 3941 943 4000 si
966 3937 1117 4000 scribitur
1139 3939 1232 4014 alios,
1258 3937 1345 4018 qnod
1368 3937 1480 4017 legitur

294 4042 327 4102 in
351 4059 413 4102 non
436 4041 532 4103 nullis
555 4029 667 4102 libris,¹
754 4077 759 4088 ·

250 4159 282 4206 le
380 4143 475 4205 llulto
501 4145 601 4224 magis
627 4162 722 4224 quam
756 4143 860 4206 adhuc
892 4143 1089 4206 intellectum
1123 4152 1172 4205 est
1203 4142 1378 4223 depravata
1410 4149 1477 4204 sunt

293 4265 375 4326 quae
398 4247 430 4306 in
453 4246 589 4327 epistula
612 4247 651 4306 83
672 4247 712 4306 26
737 4247 896 4326 leguntur.
940 4245 1008 4327 sere
1029 4246 1224 4308 vinolentiam
1246 4246 1414 4308 multas
1434 4261 1477 4305 se-

292 4351 407 4430 quitur.
460 4349 594 4410 violatur
623 4349 702 4410 enim
731 4357 996 4430 eoeasperaturque
1025 4349 1143 4411 sanitas
1171 4351 1292 4412 mentis.
1313 4413 1315 4416 ,
1338 4345 1476 4429 quemad

292 4451 414 4513 modum
442 4450 579 4532 difficiles
603 4450 724 4532 faciunt
753 4451 852 4513 oculos
881 4451 992 4514 diutini
1018 4451 1117 4514 mmbi
1143 4453 1234 4514 etiam
1263 4451 1305 4514 ad
1326 4453 1473 4514 mutinum
