3268 5108
318 357 361 430 16
430 373 526 434 Sacas
549 389 766 434 vnrvsnsrrlrre
790 389 978 434 ermannus
1000 373 1177 434 Fumantem
1200 372 1380 432 Gvununs.

313 579 407 642 quam
430 569 522 624 antea
545 559 787 646 difficultatibus
808 561 920 623 allecta
943 570 1018 623 sunt
1043 558 1287 640 timendumque
1309 579 1412 640 paene
1436 579 1506 622 esse

313 663 442 726 videtur
457 683 497 726 ne
512 663 738 726 universitates
754 663 939 744 litterariae,
964 663 991 725 si
1008 682 1071 725 non
1086 664 1193 743 specie
1210 680 1277 741 sua,
1302 673 1334 724 at
1349 681 1385 724 re
1400 672 1506 726 umen

313 769 398 848 ipsa,
432 768 464 828 in
487 765 685 846 singularum
708 767 824 828 artium
847 766 968 828 scholas
990 765 1153 847 paullatim
1177 765 1392 828 dissolvantur
1414 767 1507 827 iuve-

312 887 453 949 numque
476 867 581 931 studia
603 871 721 950 partim
742 879 904 949 tamquam
926 870 1070 950 angustis
1092 867 1285 949 quibusdam
1308 878 1340 930 et
1362 887 1504 931 seorsum

286 971 424 1034 rdivisis
444 971 613 1034 domiciliis
628 970 868 1051 concludantur,
892 972 1010 1053 partim
1032 972 1065 1033 in
1088 971 1263 1034 illiberales
1284 959 1418 1034 labores
1435 990 1506 1034 mu·

310 1084 434 1153 tantur,
471 1075 533 1136 nisi
563 1075 728 1156 exemplar
757 1072 838 1137 illud
867 1075 1019 1137 scientiae
1054 1075 1308 1155 eximiorumque
1341 1074 1505 1136 hominum

312 1179 424 1258 imago,
449 1177 561 1258 quales
576 1177 708 1240 inerunt
723 1195 859 1258 quorum
881 1179 1034 1240 memoria
1055 1196 1126 1240 curn
1146 1177 1308 1240 initiorum
1324 1186 1504 1240 nostrorum

311 1280 528 1343 recordatione
548 1279 804 1341 coniunctissima
820 1290 879 1360 est,
904 1282 1059 1342 acerrima
1081 1290 1177 1364 atque
1191 1281 1403 1342 attentissima
1419 1279 1505 1360 cogi-

310 1385 428 1445 tatione
451 1381 628 1445 identidem
651 1391 849 1463 repetantur.
889 1382 976 1465 quod
998 1369 1116 1446 iactum
1138 1393 1187 1446 est
1207 1403 1270 1446 non
1287 1381 1410 1445 desidia
1433 1401 1505 1446 sae-

310 1487 390 1566 euli,
427 1504 489 1567 quo
518 1485 640 1547 nullum
670 1483 769 1548 inisse
803 1497 951 1568 putamus
984 1479 1189 1565 laboriosius,
1226 1505 1332 1567 neque
1361 1485 1504 1548 socordia

310 1607 419 1651 eorum
442 1590 498 1669 qui
521 1589 665 1650 civitates
688 1587 926 1667 administrant,
959 1590 1078 1670 quippe
1102 1590 1157 1669 qui
1180 1587 1384 1670 diligentiore
1408 1590 1503 1651 etiam

309 1709 404 1772 quam
427 1691 501 1752 olim
524 1690 593 1752 lieri
622 1690 743 1753 solebat
765 1711 842 1754 eura
863 1693 967 1755 omnia
990 1711 1072 1772 quae
1094 1691 1136 1754 ad
1158 1691 1372 1754 eruditionem
1401 1693 1503 1773 perti-

309 1802 388 1856 nent
403 1794 667 1875 eomplectuntur,
693 1793 750 1857 sed
774 1813 811 1856 ea
827 1796 895 1877 ipsa
911 1813 993 1876 quae
1009 1795 1115 1857 minus
1130 1794 1295 1876 probanda
1313 1814 1383 1858 csse
1406 1805 1503 1874 atque

308 1895 350 1957 ab
373 1898 500 1978 egregio
522 1898 651 1978 pristini
678 1899 830 1978 temporis
858 1899 1003 1979 exemplo
1031 1898 1174 1979 paullum
1196 1897 1368 1962 deflexisse
1390 1899 1504 1960 existi-

308 2019 430 2062 mamus
458 2019 521 2062 non
552 2009 685 2081 possunt
714 2003 855 2081 separari
886 2000 927 2062 ab
957 2003 1074 2082 insigni
1102 2011 1228 2064 nostrae
1256 2003 1369 2064 aetatis
1392 1999 1500 2063 laude.

308 2097 462 2165 nimirum
483 2122 546 2164 non
562 2103 732 2184 voluptatis
755 2113 877 2165 tantum
899 2123 936 2165 ac
957 2105 1075 2167 doloris
1097 2113 1254 2187 perpetua
1273 2087 1432 2185 quaedum
1456 2113 1504 2164 est

195 2267 198 2276 ,
307 2207 496 2284 coniunctio,
523 2204 563 2267 de
580 2224 642 2286 qua
658 2206 794 2268 Platonis
816 2205 870 2267 ille
887 2207 1030 2270 Socrates
1046 2207 1134 2287 dicit,
1159 2226 1273 2269 verum
1287 2206 1392 2269 laudis
1408 2208 1501 2269 etiam

281 2298 339 2370 ''et
360 2308 622 2390 vituperationis,
654 2326 760 2389 neque
789 2311 916 2371 omnino
945 2310 1082 2373 humano
1111 2312 1223 2391 generi
1246 2328 1431 2400 muccosum
1455 2318 1503 2372 est

306 2421 343 2472 ut
365 2410 449 2491 quod
472 2411 652 2474 absolutum
675 2413 717 2474 sit
739 2421 772 2474 et
794 2413 972 2493 perlectum
994 2423 1048 2476 aut
1070 2423 1259 2494 assequatur
1280 2423 1336 2476 aut
1357 2415 1401 2474 ita
1424 2431 1501 2492 per-

306 2523 460 2594 sequatur
481 2525 516 2576 ut
539 2534 613 2592 non,
638 2513 694 2576 ubi
718 2515 823 2594 aliqua
847 2516 879 2576 in
898 2526 988 2597 parte
1010 2515 1052 2578 ad
1067 2517 1198 2580 meliora
1212 2517 1371 2597 pervenit,
1399 2525 1502 2578 retar-

306 2615 457 2679 daturin
480 2617 541 2679 alia
564 2628 597 2679 et
620 2607 705 2680 retro
727 2616 818 2680 cedat
834 2619 938 2698 sitque
962 2620 1109 2682 continua
1124 2637 1351 2700 progressuum
1375 2637 1503 2698 regres-

306 2739 464 2801 suumque
487 2721 645 2782 successio
667 2731 763 2801 atque
785 2720 865 2783 adeo
888 2724 1107 2784 communitas.

393 2823 432 2884 Et
460 2842 647 2904 progressus
676 2823 807 2904 quidem
838 2824 896 2885 boe
923 2826 1047 2888 saeculo
1080 2827 1113 2886 in
1144 2825 1292 2887 omnibus
1321 2825 1500 2887 litterarum

307 2926 479 3008 generibus
498 2925 570 2988 lacti
593 2937 668 2989 sunt
691 2927 811 3006 eximii,
836 2926 1028 3007 quibusdam
1051 2939 1158 2991 autem
1180 2938 1243 2990 tam
1266 2946 1348 2990 nova
1370 2937 1500 3007 tamque

306 3031 467 3111 insperata
490 3031 546 3091 lus
567 3030 659 3091 allata
675 3041 723 3092 est
744 3039 780 3092 ut
803 3049 870 3092 eam
895 3040 968 3094 ante
984 3033 1216 3114 quinquaginta
1231 3050 1331 3094 annos
1346 3049 1387 3092 ne
1404 3047 1501 3110 prae-

306 3134 409 3213 sagire
432 3131 564 3213 quidem
587 3134 773 3213 cuiusquam
795 3136 920 3196 animus
942 3136 1082 3214 potuisse
1104 3134 1263 3197 videatur.
1310 3134 1419 3212 itaque
1442 3151 1501 3212 pe-

306 3237 441 3298 rieulum
464 3245 575 3298 estne
599 3235 751 3317 splendor
779 3238 891 3298 aetatis
919 3247 1045 3300 nostrae
1076 3235 1363 3317 contemplantibus
1387 3246 1419 3297 ει
1441 3233 1500 3296 ad-

305 3338 495 3400 mirantibus
518 3340 635 3400 mentis
657 3340 756 3400 aciem
787 3340 999 3420 praestringat
1027 3339 1289 3420 hebetioremque
1321 3336 1438 3400 reddat
1459 3335 1500 3399 ad

306 3440 522 3522 intellegenda
551 3460 647 3504 verae
682 3425 870 3504 eruditionis
904 3453 1049 3505 veterum
1083 3442 1229 3524 exemplo
1263 3439 1500 3504 conservandae

305 3544 532 3627 impedimenta
561 3552 657 3625 atque
688 3544 884 3607 incommoda
913 3564 995 3627 quae
1024 3565 1096 3608 cum
1123 3547 1190 3626 ipso
1218 3546 1271 3607 illo
1294 3563 1356 3625 quo
1386 3543 1500 3604 merito

305 3648 481 3727 gaudemus
503 3647 682 3710 litterarum
697 3648 774 3710 llore
797 3651 964 3710 coniuncta
987 3658 1077 3711 sunt:
1104 3667 1295 3729 quamquam
1319 3644 1411 3708 nobis
1426 3647 1501 3726 qui-

305 3749 378 3812 dem
400 3761 463 3812 tam
487 3769 549 3811 non
574 3749 726 3813 videntur
749 3769 818 3814 esse
840 3751 974 3832 obscura
996 3761 1033 3813 ut
1055 3749 1275 3814 adumbranda
1298 3751 1403 3832 potius
1423 3746 1500 3810 bre-

304 3854 388 3916 viter·
411 3872 505 3934 quam
536 3853 628 3934 longo
655 3872 800 3916 sermone
829 3853 1043 3916 describenda
1072 3873 1270 3916 censeamus.
1318 3853 1499 3914 cumcuim

305 3956 533 4037 plerarumque
558 3954 798 4037 disciplinarum
822 3957 971 4020 materies
999 3976 1120 4030 summa
1144 3956 1307 4019 doctorum
1336 3956 1500 4016 bominum

304 4058 462 4121 industria
485 4059 618 4121 mirifice
641 4069 732 4122 aucta
755 4059 796 4121 sit
822 4070 1040 4140 augeaturque
1069 4061 1102 4122 in
1125 4059 1195 4122 dies
1217 4058 1393 4139 divisisque
1417 4060 1501 4120 inter

304 4161 459 4242 plurimos
482 4160 645 4224 laboribus
674 4162 771 4225 multa
799 4181 880 4243 quae
903 4164 978 4225 olim
1007 4173 1062 4225 aut
1089 4164 1268 4225 summatim
1295 4163 1424 4224 tractari
1446 4171 1500 4222 aut

305 4263 373 4326 lere
396 4264 522 4344 neglegi
550 4263 694 4326 solebant
719 4284 806 4328 nunc
828 4267 984 4328 minutius
1007 4276 1038 4328 ει
1060 4266 1276 4347 scrupulosius
1304 4265 1499 4345 perquiran-

305 4379 373 4446 tur,
404 4365 474 4428 fieri
498 4385 560 4429 non
584 4376 687 4448 potest
708 4369 787 4448 quin
810 4369 907 4430 multo
938 4388 1032 4449 quarn
1055 4368 1334 4432 anteadiilicilius
1356 4367 1500 4447 singula-

305 4489 375 4532 rum
391 4469 606 4532 doctrinarum
621 4481 729 4550 partes
751 4472 847 4534 unius
869 4473 1006 4535 hominis
1023 4472 1152 4552 ingenio
1175 4469 1495 4552 comprehendantur.
