3240 5094
326 355 400 427 438
626 368 713 430 lsorr
736 353 902 429 nrorrom
924 385 1104 428 ιεετιιιειι
1122 365 1215 424 1871.

325 551 415 622 αὑτὸν
437 554 535 635 εἶναι,
559 553 622 620 οῖον
645 551 771 640 εὑπειθῆ
793 552 845 619 καί
865 557 1013 640 προσηνῆ.
1054 546 1149 625 οὑτως
1170 549 1334 636 Εἰρηναῖος
1354 545 1370 614 ὑ
1392 543 1499 613 ἀττικι-

325 656 396 745 στης
417 660 449 724 έν
471 663 514 746 τῷ
535 663 554 723 οῖ
577 658 728 746 στοιχείῳ.

414 764 464 825 111.
490 765 637 828 Scholion
660 765 817 826 Venatum
847 765 879 825 in
901 762 1122 843 Aristophanis
1144 761 1269 822 Plutum
1291 777 1323 818 ν.
1348 757 1387 820 tt
1409 750 1501 839 Εἰρη-

323 862 408 939 ναῖός
430 891 505 953 φησι
526 862 730 952 παροξυτόνως
749 860 894 937 Ἀττικοὺς
917 865 1014 950 λέγειν
1036 859 1070 928 τὸ
1093 863 1237 946 μέθεσθε.

413 971 463 1031 11.
495 971 601 1032 Basilii
624 971 764 1033 scholion
793 971 826 1031 in
849 969 992 1050 Gregorii
1014 968 1203 1030 Nazianzeni
1226 965 1281 1027 Or.
1307 963 1351 1035 εἰς
1372 955 1408 1025 τὰ
1428 957 1501 1022 Θεο-

323 1066 418 1158 μτῖνια
446 1071 488 1154 (p.
514 1075 576 1134 229
600 1075 695 1135 Herv.
719 1093 752 1154 p.
771 1074 854 1134 665·
876 1073 966 1153 Bon.)
993 1071 1151 1152 prolatum
1174 1087 1192 1131 a
1213 1067 1317 1130 Bastio
1339 1067 1372 1128 in
1394 1063 1503 1127 Sohae-

323 1177 383 1239 ieri
399 1175 594 1258 praefatione
611 1177 643 1238 in
659 1177 846 1257 Gregorium
864 1176 1061 1237 Corinthium
1077 1195 1109 1256 p.
1128 1192 1192 1250 ιιιι,
1219 1163 1336 1256 στιβάς,
1361 1159 1504 1252 στρωμνή,

322 1277 554 1364 χαμαικοίτιον,
578 1273 617 1350 ῶς
632 1275 794 1362 Εἰρηναῖος
817 1273 833 1343 ὑ
856 1271 1041 1361 ἀττικιστής,
1064 1267 1341 1360 καῖἈριστοφάνης
1363 1271 1394 1334 έν
1417 1291 1504 1353 στρα-

322 1380 416 1452 τείαις
439 1376 455 1444 ὑ
477 1375 628 1464 κωμικός,
659 1378 712 1445 καί
734 1383 766 1444 έν
789 1380 951 1467 Δραπέτισι
974 1377 1140 1466 Κρατῖνος,
1169 1373 1221 1442 καί
1248 1379 1305 1440 τῶν
1329 1369 1456 1460 ῥητόρων
1476 1371 1501 1434 oi

322 1483 467 1548 πλεῖστοι.
514 1478 593 1548 ἀλλὰ
620 1480 674 1569 τὴν
701 1482 804 1569 κλίνην
827 1476 913 1557 οὑτος
936 1479 1065 1570 στιβάδα
1086 1483 1191 1560 καλεῖ,
1221 1477 1260 1552 ῶς
1288 1481 1320 1542 ἐν
1343 1481 1386 1564 τῷ
1404 1471 1503 1561 πρῶτμ

323 1589 379 1651 τῶν
413 1585 643 1671 Στηλιτευτικιῖιν
680 1585 758 1652 “arti
796 1584 936 1675 στιβάδος
971 1581 1091 1674 ὑψηλῆς
1127 1581 1178 1650 καί
1215 1577 1385 1668 μετεοίρου”
1419 1573 1501 1666 φησὶν

328 1684 584 1773 ιιοἰνακείρυενος.”
626 1693 847 1774 Aristophanis
868 1711 982 1754 versus
1003 1691 1200 1772 significatur
1222 1690 1309 1750 Pacis
1331 1685 1411 1748 att:
1434 1701 1498 1745 nam

323 1793 355 1857 ἰν
389 1791 556 1877 στρατείαις
588 1795 799 1860 traiciendum
830 1806 878 1858 ost
906 1804 977 1876 post
1003 1791 1227 1880 χαμαικοίτιον.
1280 1790 1362 1852 dixit
1390 1788 1429 1874 do
1455 1787 1501 1848 his

323 1897 500 1959 Meinekius
524 1897 610 1959 Com.
636 1897 690 1959 Gr.
715 1906 739 1959 t.
765 1917 787 1960 ιι
810 1918 843 1979 p.
869 1899 922 1960 53.

411 2000 462 2063 12.
494 2000 592 2061 0ιίου
614 2021 646 2082 p.
675 2001 776 2062 1571
808 1994 975 2085 ὑπηρέσια·
1007 1998 1116 2085 κυρίως
1144 1992 1194 2061 ἐπί
1213 2000 1270 2060 τῶν
1299 1994 1423 2080 ἰρετῶν,
1451 1985 1499 2076 ἐρ’

322 2093 362 2165 ῶν
392 2101 575 2171 καθέζονται
603 2103 780 2188 ἐρέττοντες.
826 2096 920 2176 οὑτως
940 2099 1102 2189 Ἠρηναῖος
1129 2095 1308 2183 ἀττικιστης.
1357 2097 1502 2180 Εἰγιιιυίυ-

322 2207 426 2287 gioum
449 2227 482 2286 p.
509 2205 570 2266 780
595 2205 636 2268 tt
665 2201 844 2292 ὑπηρέσιον·
875 2205 984 2292 κυρίως
1007 2201 1058 2293 ἐφ’
1084 2197 1121 2271 οὑ
1142 2203 1319 2275 καθίζουσιν
1343 2201 1372 2266 οἱ
1393 2200 1503 2286 έρίται’

323 2301 456 2372 ἀπὸτοῦ
479 2307 605 2392 ἐρέσσω.
650 2305 701 2372 καί
729 2303 879 2394 ὑπηρέσια
906 2306 956 2374 έπί
984 2315 1040 2375 τῶν
1070 2305 1241 2394 ὑπηρετῶν,
1270 2301 1323 2392 ἐφ’
1350 2297 1390 2368 ὧν
1411 2300 1498 2367 καθέ-

323 2412 426 2481 ζονται
447 2411 630 2497 ἐρέττοντες,
660 2405 808 2498 ὑπηρέσιοῖ
829 2437 896 2477 τινα
924 2407 1079 2499 (ὑπερέζιά
1107 2435 1174 2476 τινα
1196 2412 1248 2473 vel
1270 2401 1423 2495 ὑπερείσιά
1443 2425 1499 2468 τινα

323 2514 522 2598 Sylburgius)
550 2507 633 2579 ὑντα.
679 2507 772 2588 οὑτως
796 2513 957 2602 Εἰρηναῖος
978 2510 995 2580 ὑ
1019 2509 1196 2600 ἀττικιστής.
1236 2505 1339 2599 Ὦρος.

412 2619 462 2679 13.
484 2619 629 2682 Socrates
644 2620 723 2682 Hist.
742 2620 819 2682 eooi.
837 2639 871 2682 ιιι
888 2620 907 2682 7
923 2642 956 2703 p.
978 2619 1038 2682 176
1054 2620 1122 2682 Val.
1141 2610 1210 2683 ἃδέ
1224 2612 1312 2702 ἡμεῖς
1327 2612 1395 2701 περί
1408 2607 1501 2681 οὖσίιις

321 2714 373 2784 καί
388 2714 577 2794 ὑποστάσεως
593 2717 678 2806 ἴσμεν
694 2716 781 2787 οὑδὲν
797 2717 907 2787 κωλὺει
922 2719 973 2787 διὰ
990 2722 1129 2810 βραχέων
1146 2721 1251 2785 εἰπεῖν.
1284 2721 1313 2783 οί
1328 2715 1383 2804 τὴν
1395 2711 1498 2797 Ἐλλη-

321 2818 406 2906 νικήν
417 2819 485 2908 παρ’
495 2817 626 2909 Ἕλλησι
638 2823 744 2911 σοφίαν
756 2825 915 2908 έκθέμενοι
925 2821 978 2911 τὴν
992 2823 1044 2910 μὲν
1061 2818 1166 2889 οὐσίαν
1182 2824 1344 2910 πολλαχῶς
1355 2817 1495 2906 ῶρίσαντο,

322 2919 513 2998 ὑποστάσεως
543 2925 577 2990 δέ
606 2921 672 2991 οὐδ’
698 2922 856 3012 ἡντιναοῦν
880 2923 999 3014 μνήμην
1021 2927 1208 3012 πεποίηνται.
1255 2923 1417 3012 Εἰρηναῖος
1437 2915 1500 2986 δὲὺ

321 3025 525 3113 γραμματικὸς
548 3031 579 3094 ἐν
601 3033 644 3115 τῷ
666 3026 744 3094 κατὰ
767 3031 914 3117 στοιχεῖον
930 3027 1091 3117 Ἀττικιστῇ
1114 3027 1167 3095 καὶ
1191 3023 1344 3117 βάρβαρον
1368 3022 1499 3092 ἀποκαλεῖ

321 3127 375 3216 τὴν
391 3131 487 3210 λέξιν,
506 3131 583 3218 μηδὲ
598 3127 655 3218 γὰρ
670 3128 753 3219 παρά
767 3157 827 3198 τισι
846 3136 912 3218 (τινι
927 3135 1102 3198 Meinekius
1119 3135 1204 3196 Com.
1223 3133 1278 3196 Gr.
1296 3143 1321 3196 t.
1341 3151 1371 3195 ιν
1384 3153 1415 3214 p.
1432 3127 1491 3204 206]

320 3236 376 3299 τῶν
406 3236 542 3299 παλαιῶν
572 3237 731 3321 εἰρῆσθαι,
764 3237 791 3300 εἰ
821 3238 855 3302 δέ
876 3261 934 3300 που
956 3233 1009 3300 καί
1035 3232 1153 3323 εἴρηται
1175 3231 1216 3321 μὴ
1239 3237 1335 3300 ταῦτα
1358 3232 1496 3320 σημαίνειν

320 3332 371 3423 ἐφ’
398 3330 438 3402 ὧν
468 3341 520 3403 νῶν
549 3334 839 3425 παραλαμβάνεται·
870 3335 954 3425 παρὰ
983 3337 1036 3424 μέν
1066 3334 1123 3426 γὰρ
1153 3338 1304 3425 Σοφοκλεῖ
1333 3338 1366 3402 ἰν
1395 3335 1500 3402 Φοίνικι

320 3440 444 3526 ἐνέδραν
468 3440 644 3526 σημαίνειν,
675 3437 758 3528 παρὰ
787 3441 820 3507 δὲ
843 3438 1010 3529 Μενάνδρῳ
1037 3439 1075 3509 τὰ
1096 3436 1329 3528 καρυκεὺματα,
1359 3437 1398 3514 ὡς
1418 3436 1445 3504 εῖ
1461 3461 1497 3507 τις

320 3544 404 3629 λέγοι
430 3538 484 3683 pipi
513 3545 545 3608 ἰν
566 3548 610 3631 τῷ
631 3545 712 3632 πίθῳ
735 3541 818 3611 οἴνου
838 3541 932 3632 τρὺγοι
962 3541 1135 3612 ὑπόστασιν.
1183 3546 1265 3610 υοιιί.
1291 3547 1367 3610 Lob.
1393 3547 1494 3625 Phryn.

321 3669 354 3729 p.
381 3647 433 3709 73.

295 3770 309 3814 τ
409 3750 460 3812 11.
486 3752 632 3814 Sohoiion
657 3753 689 3814 in
707 3754 906 3835 Hippocratis
929 3755 981 3816 ius
1003 3753 1175 3817 iurandum
1197 3763 1221 3815 t.
1240 3771 1275 3814 ιιι
1289 3773 1323 3836 p.
1343 3755 1404 3814 628
1419 3753 1494 3814 Littr.

325 3851 530 3934 (Daremhorg
553 3857 670 3918 Notioeo
699 3863 729 3918 et
757 3859 889 3920 eoetroito
915 3857 953 3918 de
973 3873 1047 3918 mss.
1072 3857 1236 3919 mddioooo:
1258 3877 1290 3938 p.
1316 3857 1389 3940 2⁴9)
1421 3851 1496 3940 γενέ-

320 3975 424 4040 τησιν·
455 3953 486 4019 οἳ
507 3953 561 4040 μέν
582 3959 645 4030 τοῖς
666 3960 821 4042 γονεῦσιν,
853 3955 882 4022 οἳ
904 3956 938 4023 δέ
961 3958 1149 4044 συγγενέσιν,
1181 3950 1275 4032 οὑτως
1294 3955 1425 4025 Ἀττικῶν
1450 3955 1496 4036 (iit

321 4058 603 4124 Schneidewinus:
630 4061 704 4123 iibri
720 4055 852 4144 οἰττικῶς)
881 4055 1045 4145 λεγόντων,
1069 4057 1108 4134 ῶς
1130 4059 1182 4126 καί
1199 4058 1346 4147 Φιλήμων
1375 4061 1496 4144 (Μουνυ-

321 4159 381 4222 der
396 4162 481 4225 Com.
501 4163 555 4224 Gr.
574 4173 597 4224 t.
616 4182 646 4225 ιν
665 4184 697 4245 p.
718 4163 788 4247 155)
815 4164 847 4227 έν
871 4159 990 4228 Κόλακί
1012 4186 1121 4251 φησιν,
1149 4160 1249 4230 “ιίλλ’
1276 4161 1347 4230 οὑδὲ
1368 4156 1496 4250 γεννήτην

321 4255 429 4347 δύναμ’
456 4259 552 4350 εὑρεῖν
588 4267 640 4348 (ita
663 4269 855 4330 Mainekius:
890 4267 965 4330 libri
987 4263 1112 4353 γενητην
1141 4270 1194 4332 vel
1215 4264 1360 4355 γεννήτας
1381 4261 1494 4348 δὺναμω

320 4358 428 4450 εὑρεῖν)
463 4361 573 4432 οὑδένα
596 4366 661 4432 Τῶν
693 4369 740 4451 (ἐκ
762 4371 819 4432 τῶν
842 4371 1118 4453 Hemsterhusius,
1149 4364 1243 4437 ὄντων
1266 4373 1491 4456 Luzaciusto-

320 4463 453 4548 σοιίτων,
477 4464 546 4535 ἀλλ’
574 4464 795 4558 ἄπολέλειμμαι
823 4472 875 4557 [ita
898 4475 1041 4539 Kleinius
1064 4477 1097 4538 in
1120 4479 1268 4540 Erotiano
1289 4495 1323 4558 p.
1348 4477 1403 4540 25:
1430 4469 1491 4534 iibri
