3268 5108
413 312 503 373 lnnsx
525 331 691 373 enarrem
713 329 894 374 stertunt!
919 310 1013 372 l85i.
1261 291 1308 364 47

120 517 154 558 ex
178 509 269 579 parte
293 501 512 580 inpressorum
536 502 726 582 recepimus,
751 519 791 564 en
815 499 876 562 sat
897 519 958 562 neu
973 497 1114 562 Aetnaeis
1129 499 1212 560 circs
1234 513 1311 578 ques

120 601 252 683 autumat
275 603 333 683 illi,
358 615 395 666 ut
416 605 469 666 elii
489 605 637 666 ltelarum
659 606 874 686 scripserunt:
901 602 1027 666 codices
1049 604 1136 664 enirn
1158 619 1236 683 quae
1257 609 1311 662 eut

119 722 170 785 quc
185 704 307 768 hebent
323 707 426 782 stilti,
445 705 709 770 Helmstediensis
724 717 757 769 et
770 706 1013 787 Rehdigerenus
1027 709 1117 768 eieci.
1127 706 1154 788 *l
1193 703 1311 767 deinde

120 827 298 888 manneus,
324 811 393 872 tuli
408 811 543 873 alicuius
558 822 590 873 et
605 810 812 874 Wernsdcrlii
829 811 1053 888 coniecturam,
1079 807 1209 872 lacobus
1225 817 1312 870 recte

121 913 257 994 recepit:
291 913 416 976 codices
439 923 471 976 et
500 915 649 996 plerique
676 915 815 996 inpressi
838 915 1011 998 adponeret.
1059 912 1144 992 quad
1166 912 1313 993 sequitur

120 1018 241 1080 secretis
270 1016 399 1079 callibus
421 1016 530 1079 humer
559 1019 708 1080 omittunt
734 1017 859 1080 codices
882 1015 1144 1080 Helmstsdiensis
1173 1025 1205 1078 et
1228 1015 1313 1078 Reh-

121 1117 303 1198 digersnus.
344 1120 396 1182 hic
416 1139 544 1202 queque
566 1123 714 1184 emissem
730 1141 843 1184 versus
865 1130 988 1202 partem
1011 1119 1053 1181 eb
1075 1119 1160 1181 Italis
1182 1119 1313 1200 supple-

122 1232 180 1284 tsm
204 1243 275 1286 esse
299 1234 370 1304 pest
393 1241 536 1305 eaquae
558 1224 663 1287 edhua
678 1224 912 1306 disputavimus
933 1243 997 1286 non
1019 1225 1136 1305 poterit
1158 1221 1311 1299 dubitari,

121 1345 189 1388 eum
212 1326 307 1407 longe
330 1326 417 1390 eliud
439 1327 593 1409 praebeat
608 1327 709 1390 codex
724 1328 1006 1409 Cantabrigiensis.
1047 1326 1104 1389 sed
1127 1326 1196 1408 ipss
1219 1327 1312 1386 etism

122 1429 218 1492 verba
240 1431 454 1511 suspicionem
477 1450 606 1494 movere
628 1431 808 1495 debebant:
834 1449 908 1494 nem
930 1451 1019 1494 suem
1040 1431 1201 1492 materiem
1223 1447 1315 1491 umor

123 1533 152 1594 in
186 1535 316 1595 Sacram
347 1535 484 1596 insulem
512 1534 668 1616 adgerere
698 1536 752 1596 vix
782 1547 868 1598 recte
895 1535 1023 1598 dicitur.
1080 1543 1189 1595 contre
1219 1532 1313 1613 plene

122 1639 285 1716 egregium
308 1648 356 1700 εει
386 1638 472 1719 quod
495 1638 767 1720 Cantabrigiensis
794 1638 879 1701 liber
903 1638 1120 1716 conservavit,
1152 1636 1314 1718 misertim

122 1739 279 1822 ulpereret
301 1761 394 1804 srevtt
417 1760 528 1805 mama
551 1762 660 1806 scens
676 1744 838 1806 Haterium
859 1743 1028 1824 silvamque
1042 1759 1131 1804 suam
1150 1755 1315 1822 pressoque

122 1844 225 1906 ccccli
251 1845 320 1906 Huc
341 1846 415 1909 illuc
442 1853 546 1930 eperat
570 1853 673 1908 ventas
696 1854 725 1908 et
747 1853 889 1928 pasceret
909 1848 1005 1929 ipues.
1052 1844 1217 1926 conparari
1241 1861 1315 1922 pes-

122 1956 194 2009 sunt
210 1965 293 2028 quae
308 1948 436 2010 Selinus
458 1969 527 2032 esp.
546 1969 575 2012 u
598 1949 712 2013 hebet:
739 1952 771 2012 m
784 1948 863 2032 frete
880 1951 981 2012 Simulo
997 1951 1101 2030 inquit
1116 1946 1315 2029 Hephaestius

124 2051 241 2113 msulae
262 2071 318 2114 xxv
340 2053 462 2115 mdibus
481 2071 633 2134 passuum
654 2052 692 2116 ab
715 2052 809 2116 Italia
831 2052 951 2115 absunt.
992 2054 1065 2116 Itali
1083 2053 1245 2114 Vulcanius
1260 2067 1315 2110 va-

124 2162 209 2216 emt:
240 2173 313 2216 acm
335 2163 364 2218 at
390 2157 476 2238 ipsae
497 2165 614 2219 natura
641 2157 700 2218 soli
725 2158 814 2240 ipuea
839 2176 898 2239 per
923 2157 1040 2219 castalia
1061 2157 1240 2218 commercia
1262 2159 1316 2214 cut

123 2265 303 2320 mutuantur
323 2256 439 2320 Aetnae
464 2260 605 2322 lacercdt'c
634 2267 689 2322 cut
716 2260 960 2322 subministrant.
1009 2261 1189 2340 recepimus
1210 2265 1314 2319 autern

124 2378 274 2440 mecum,
299 2380 317 2423 e
340 2363 505 2444 plerisque
522 2363 671 2426 omnibus
686 2365 799 2426 merita
815 2363 994 2445 probatum,
1021 2381 1061 2425 ex
1075 2361 1190 2424 Aldine
1206 2379 1316 2422 exem·
1435 2402 1436 2405 ,

124 2455 231 2543 pleriz¹
258 2474 411 2546 pasceret,
443 2467 595 2530 mendum
618 2467 736 2529 codicis
759 2465 1031 2547 cantabrigiensis
1059 2477 1092 2528 et
1118 2467 1356 2545 reliquorumtt

125 2567 294 2648 librorum,
326 2567 404 2632 tusa
426 2571 638 2650 explicatione
660 2569 829 2634 defensum
851 2581 911 2633 est.
958 2570 1044 2632 idem
1066 2567 1220 2651 pascendi
1242 2587 1317 2629 vcr-

126 2669 202 2734 bum
224 2683 316 2734 antea
337 2673 431 2735 aliter
452 2673 661 2755 deprevatum
684 2683 734 2736 est
760 2678 800 2750 (v.
821 2674 909 2758 tet),

253 2777 316 2839 illic
337 2779 484 2840 maurice
505 2780 658 2840 nascentis
680 2780 768 2858 cepta
789 2779 907 2840 maiar:

252 2880 305 2944 scd
325 2899 421 2963 emus
443 2880 497 2943 luc
518 2881 632 2962 lapidis
655 2881 842 2962 (certissima
863 2883 952 2963 sipnc
974 2881 1099 2961 scleris)l

253 2983 331 3064 qued
352 2984 457 3046 nullas
480 2985 628 3048 adiunxit
649 3003 729 3066 opes,
751 2985 887 3066 elaupuit
908 2985 1006 3067 ipsis:

125 3083 328 3149 scribendum
358 3096 406 3150 εει
434 3090 520 3150 enim
543 3090 691 3152 mulerme
713 3105 886 3166 resersus,
918 3089 1083 3168 gavisiquc
1112 3107 1222 3149 sumus
1244 3107 1315 3150 curn

126 3187 213 3250 idem
234 3192 393 3253 invenisse
410 3190 624 3254 Schradetum
647 3192 874 3254 intelleximus.
908 3191 966 3253 sed
988 3200 1059 3272 post
1080 3191 1150 3252 illos
1165 3189 1205 3252 de
1221 3193 1315 3252 Sacra

125 3294 231 3356 insula
251 3313 362 3357 versus
385 3313 422 3357 ee
444 3305 597 3358 secuntur
615 3315 698 3376 quse
721 3297 897 3377 praeterire
920 3295 1077 3374 nolumus,
1104 3315 1176 3358 cum
1191 3293 1254 3356 dua
1276 3315 1316 3355 ex

125 3399 172 3458 eis
195 3399 270 3460 vitis
292 3408 379 3460 certe
402 3400 622 3462 emendatione
646 3399 711 3461 talli
734 3401 867 3480 possint,

255 3502 308 3563 sad
328 3503 436 3566 meltius
457 3521 509 3565 res
531 3505 602 3584 ipsa
621 3511 694 3566 uota
716 3511 760 3566 cst
780 3511 971 3586 spectataque
992 3503 1075 3565 veris

255 3608 388 3668 accurrit
408 3609 505 3689 slpnis
526 3625 580 3669 uec
602 3615 697 3669 tentat
714 3605 827 3688 fallere
844 3615 970 3689 pestem.

126 3705 169 3769 ite
198 3707 344 3788 inpressi.
391 3708 449 3771 sed
478 3712 582 3791 prime
610 3710 710 3772 verbe
739 3729 835 3791 quern
864 3711 1034 3772 invenuste
1063 3711 1128 3772 sint
1156 3710 1317 3772 neminem

126 3821 234 3890 petest
253 3811 379 3893 lugere:
406 3813 528 3876 aceedit
544 3812 629 3894 quod
651 3813 726 3875 libri
743 3813 1007 3875 Helmstediensis
1030 3824 1063 3876 et
1078 3812 1318 3894 llehdigerenus

126 3931 189 3976 nan
215 3914 330 3978 habent
351 3923 423 3978 ποια
445 3924 505 3992 cel,
537 3917 595 3980 sed
616 3925 711 3980 mele.
757 3918 904 3980 ultimum
933 3917 1120 3980 vocabulum
1143 3917 1238 3998 plene
1260 3916 1319 3979 eb-

126 4017 260 4080 surdum
275 4031 333 4100 est,
358 4021 510 4101 Iosephus
531 4031 636 4083 autent
653 4021 806 4102 Scaliger,
831 4024 886 4102 qui
907 4021 1002 4102 pestis
1021 4021 1160 4102 scripsit,
1186 4022 1330 4088 formem.

125 4139 204 4183 sane
236 4124 381 4185 cretionis
409 4124 571 4186 meliorem
597 4124 755 4204 reddidit,
787 4123 846 4186 sed
876 4125 908 4184 in
940 4125 1048 4204 inepte
1070 4123 1224 4187 vocabulo
1254 4143 1317 4186 nan

215 4361 357 4431 ἯΕάιᾶιι
381 4363 509 4429 llnuptius
533 4369 594 4418 ttt:
621 4367 860 4430 Aetnaeo-igni.
904 4365 978 4416 iubet
997 4365 1089 4414 letnei
1117 4367 1196 4414 etium
1220 4365 1317 4416 Centu-
1409 4404 1412 4416 .

128 4449 291 4515 implentia]
