3186 5108
302 321 372 394 152
593 336 683 398 lunas
704 353 869 399 trarronrrr
892 355 1071 400 assrrvsnrr
1095 337 1189 398 ⁴859.

298 545 360 588 non
384 526 464 588 nulli
489 525 596 606 r'utlotn
617 543 698 602 roso,
731 527 764 587 in
787 526 937 588 Vossiano
967 525 1075 590 codiee
1098 546 1169 590 esse
1200 526 1319 590 dieitur
1343 525 1479 606 inflatae

298 638 330 691 et
352 626 471 690 deinde
494 647 629 691 vacuum
659 628 807 709 spatium.
855 648 918 692 non
946 649 1116 712 possumus
1146 649 1186 694 ex
1215 629 1354 691 mirabili
1377 627 1481 691 mendo

298 732 469 813 quicquam
503 731 622 794 elicere
656 731 850 795 commodius
890 751 986 814 quam
1020 732 1105 816 quod
1137 731 1239 795 Aldus
1279 731 1369 796 dedit
1400 750 1480 792 rora:

298 853 491 916 quamquam
521 833 607 916 quod
636 836 838 898 Burmannus
866 837 1040 900 Martialem
1062 857 1102 898 vn
1126 839 1166 898 69
1196 837 1345 898 similiter
1372 834 1482 897 dixisse

297 936 459 1000 adnotavit
488 939 575 1000 euius
599 939 740 1020 Cecropio
758 946 884 1020 perimo
912 959 983 1002 rore
1005 941 1137 1016 madent,
1170 959 1233 1002 non
1264 941 1378 1002 nititur
1406 948 1483 1000 certa

298 1041 374 1106 boni
403 1040 478 1103 libri
509 1043 706 1120 auctoritate,
746 1041 805 1104 sed
834 1043 987 1124 scriptum
1016 1054 1066 1106 est
1093 1045 1125 1106 in
1155 1043 1318 1125 plerisque
1350 1043 1484 1122 Cecropia
1576 1105 1577 1114 ,

298 1165 379 1223 voce,
405 1146 437 1207 in
461 1143 614 1226 perbonis
637 1143 762 1208 duobus
785 1145 924 1208 Palatino
953 1157 986 1209 et
1007 1145 1224 1210 Arundeliano
1249 1147 1393 1228 Cecropia
1414 1145 1482 1219 dale,

299 1248 397 1330 idque
419 1247 549 1312 videtur
572 1267 643 1310 asse
665 1267 790 1312 verum.
838 1250 982 1330 proximo
1004 1269 1102 1312 versu
1132 1248 1306 1312 aditionem
1327 1248 1485 1311 catalecta
1576 1231 1577 1262 Τ

299 1373 370 1416 rum
401 1351 531 1433 Vergilii
554 1352 707 1414 Venetam
737 1354 939 1416 Burmannus
972 1352 1092 1416 habere
1122 1353 1200 1416 dicit
1233 1360 1261 1414 et
1293 1371 1347 1416 uos
1375 1352 1487 1432 antiquit

298 1454 477 1537 Arquitique
505 1457 672 1536 Varraque,
710 1455 918 1518 vicentinam
941 1466 975 1518 at
1002 1458 1203 1518 Brixiensem
1232 1463 1259 1518 et
1287 1474 1340 1517 aas
1368 1456 1487 1536 setiquir

298 1560 464 1642 atquitiquc
487 1577 650 1640 varroque.
699 1560 731 1621 in
752 1557 860 1621 codiee
879 1560 1079 1622 Bruxellensi
1103 1559 1182 1621 haec
1204 1560 1366 1640 leguntur,
1390 1563 1418 1620 et
1438 1577 1486 1618 aas

299 1683 332 1726 se
355 1664 500 1746 liquirtcr
522 1657 618 1744 qirquc
639 1680 805 1743 carroque.
845 1661 946 1726 Aldus
967 1681 1050 1726 anno
1066 1681 1169 1726 anxur
1185 1661 1275 1725 dedit
1297 1671 1325 1725 ct
1345 1681 1401 1724 uas
1423 1662 1488 1723 seti-

299 1767 395 1848 quati,
420 1761 609 1848 Arquitique,
640 1762 785 1848 Varoque,
810 1785 894 1828 anno
916 1784 1062 1828 ramniu
1084 1774 1113 1829 et
1133 1783 1189 1828 uos
1213 1766 1275 1828 Sile
1296 1762 1409 1840 Albuti,
1434 1762 1489 1824 Ar-

300 1871 442 1952 quilique,
473 1870 636 1951 Varrcque.
684 1887 797 1931 verum
813 1867 983 1932 Albucium
999 1870 1099 1932 Silam
1122 1879 1216 1951 poeta
1237 1879 1403 1950 postquam
1426 1885 1490 1928 ora

300 1974 418 2036 tionem
451 1991 469 2033 a
504 1971 686 2035 rhetoribus
716 1970 756 2034 ad
791 1973 1012 2052 grammaticos
1044 1973 1201 2036 sermonis
1235 1982 1267 2034 et
1296 1971 1489 2052 antiquitatis

301 2074 416 2138 studiis
439 2073 564 2137 deditos
586 2076 743 2138 convertit
759 2094 1005 2138 commemorare
1029 2095 1091 2138 non
1115 2077 1229 2158 potuit.
1266 2074 1380 2156 quodsi
1396 2093 1489 2155 quaa-

302 2181 402 2240 rimus
424 2197 504 2260 quos
525 2179 658 2240 Varroni
689 2179 819 2241 comites
841 2178 981 2258 dederit,
1012 2189 1141 2260 praeter
1162 2181 1373 2261 Tarquitium,
1405 2179 1490 2241 cuius

301 2301 416 2344 nomen
439 2279 594 2343 lihrorum
617 2279 844 2364 depravatione
867 2283 982 2346 leviter
1009 2283 1212 2346 obscuratum
1236 2293 1302 2362 est,
1334 2282 1418 2345 ultro
1443 2300 1490 2342 oo·

300 2386 402 2448 currit
424 2387 457 2446 L.
483 2383 593 2448 Aelius
616 2385 704 2447 Stilo.
752 2383 809 2448 sed
832 2385 918 2467 quod
942 2387 1066 2448 lsaacus
1088 2387 1217 2450 Vossius
1244 2387 1276 2448 in
1300 2385 1491 2448 observatio-

301 2488 398 2552 nibus
428 2489 461 2551 in
485 2489 642 2552 Catullum
665 2509 698 2569 p.
717 2490 758 2550 39
790 2491 823 2551 in
846 2490 950 2552 veteri
979 2508 1036 2553 sao
1067 2489 1149 2552 libro
1177 2508 1306 2552 versum
1337 2490 1426 2552 illum
1453 2489 1490 2548 ita

301 2602 489 2674 conceptum
513 2610 583 2654 esse
606 2590 694 2672 dicit,
720 2599 748 2654 cl
769 2610 823 2654 vos
844 2588 968 2675 delique
984 2595 1189 2676 ¹Tarquitique
1210 2596 1373 2676 Varroque,
1399 2591 1490 2673 idque

301 2695 430 2778 probat,
467 2694 646 2758 verendum
675 2705 724 2758 est
753 2715 794 2758 ne
824 2695 898 2757 libri
928 2697 1122 2778 scripturam
1152 2716 1215 2760 non
1245 2698 1323 2760 satis
1351 2705 1490 2758 accurate

302 2800 542 2863 memoraverit:
576 2808 663 2861 aerte
688 2797 846 2862 refellitur
869 2818 1075 2864 numerorum
1097 2801 1179 2882 lage.
1221 2802 1339 2864 rectius
1358 2801 1491 2880 Scaliger

302 2903 428 2966 dixerat
450 2901 548 2965 scribi
571 2921 664 2983 posse
688 2911 716 2965 et
734 2921 786 2965 aas
804 2904 879 2966 Stilo
894 2900 971 2980 Aeli,
1001 2904 1206 2986 Tarquitique,
1230 2907 1394 2987 Vorraque.
1425 2921 1490 2964 nam

302 3006 387 3088 quod
411 3008 532 3088 lleynio
555 3007 684 3068 Stilonis
706 3025 822 3068 nomen
850 3007 953 3069 locum
977 3005 1161 3070 habiturum
1185 3027 1255 3070 esse
1278 3006 1448 3070 videbatur
1467 3006 1490 3066 si

303 3109 344 3172 dc
371 3110 479 3191 priore
514 3111 583 3173 eius
616 3107 736 3190 syllaba
767 3120 941 3189 constaret,
978 3119 1101 3192 potarat
1134 3111 1218 3172 scire
1250 3110 1385 3175 brevem
1415 3129 1489 3172 csse.

285 3214 422 3276 ¹etenim
445 3214 617 3276 Suetonius
646 3213 678 3274 in
709 3214 1013 3294 grammaticis'cap.
1032 3215 1050 3276 3
1075 3216 1109 3276 L.
1129 3211 1234 3278 Aelius
1264 3216 1370 3296 inquit
1391 3233 1492 3298 coquo
1576 3267 1577 3288 ,

303 3319 383 3410 qliae
404 3315 521 3398 duplici
537 3315 617 3398 suit:
648 3333 721 3378 raam
747 3318 1023 3396 clamabamus,
1054 3318 1133 3399 qaod
1158 3325 1250 3399 pater
1278 3319 1344 3380 eius
1372 3336 1493 3401 praeco-

303 3421 389 3482 nium
407 3418 534 3501 fecerat,
567 3418 745 3494 vocabatur,
777 3427 805 3482 ct
828 3421 914 3498 Stilo,
947 3420 1026 3503 qarod
1051 3422 1202 3484 orationes
1225 3421 1411 3484 nobilissimo
1433 3420 1491 3482 ait-

303 3543 360 3606 que
382 3522 516 3586 scribam
544 3523 668 3586 solebat.
716 3523 823 3604 itaque
853 3524 899 3587 sic
929 3536 1057 3586 carmen
1087 3525 1349 3604 amandavimus,
1381 3533 1408 3587 ct
1433 3540 1489 3594 uos,

304 3629 455 3700 Srrtoqu
482 3628 675 3710 Tarquitique
702 3629 867 3708 Varroquc.
914 3626 955 3690 de
979 3630 1142 3709 Tarquitio
1164 3638 1270 3691 autem
1293 3627 1422 3692 adlerre
1443 3645 1492 3686 vo-

304 3731 410 3794 lumus
432 3749 514 3812 quae
538 3731 745 3811 reperiuntur
766 3732 882 3792 omnia.
931 3732 1049 3794 Plinius
1079 3733 1177 3812 igitur
1206 3731 1325 3796 librum
1348 3728 1492 3794 naturalis

303 3835 456 3896 historiae
479 3851 501 3894 u
525 3852 559 3895 se
582 3834 808 3914 conscripsisse
832 3833 909 3896 dicit
937 3827 1121 3899 auctoribus
1149 3856 1242 3899 usum
1274 3844 1403 3918 praeter
1424 3833 1492 3894 alios

306 3939 448 4015 Curuae,
473 3939 527 4018 qui
547 3936 584 3998 dc
606 3939 738 4000 Etrusca
759 3935 933 4020 disciplina,
963 3941 1128 4021 Tarquitio,
1154 3940 1207 4020 qui
1228 3942 1309 4016 item,
1334 3937 1450 4000 librum
1466 3951 1491 3994 rr

305 4041 383 4104 lulio
406 4036 534 4122 Aqirita,
571 4042 624 4121 qui
653 4041 690 4102 dc
717 4043 849 4104 Etrusco
878 4041 1040 4123 disciplina
1069 4045 1209 4125 scripsit,
1251 4043 1414 4124 Tarquitio,
1448 4055 1492 4120 qut

306 4147 385 4207 ilem
433 4145 613 4207 Lactantius
633 4144 707 4206 inst.
726 4163 736 4204 r
755 4145 806 4224 lb,
831 4143 887 4207 ubi
910 4143 950 4208 de
966 4143 1154 4227 Aesculapio
1175 4146 1265 4226 dicit,
1291 4147 1370 4209 hacc
1391 4143 1488 4216 habet,

304 4247 385 4310 tuuc
414 4248 589 4328 Tarquitius
615 4246 652 4309 de
679 4247 849 4311 illustribus
875 4249 954 4312 viris
979 4249 1134 4312 disserens
1160 4252 1206 4312 ait
1234 4251 1359 4312 incertis
1385 4263 1492 4330 parea-
1576 4247 1577 4314 l

280 4349 384 4418 itibus
414 4358 536 4426 uatum,
569 4353 741 4432 conpositum
770 4359 798 4413 ct
823 4371 844 4414 a
866 4340 1069 4414 vcna'toribus
1097 4354 1264 4434 iacentum,
1296 4353 1404 4416 cauim
1425 4350 1492 4412 tacte

307 4457 474 4532 nutritum,
513 4453 639 4517 Gbiroiu'
674 4454 822 4517 traditum
854 4454 997 4518 didicisse
1031 4457 1232 4534 urediciriam5
1271 4457 1371 4540 fuisse
1401 4460 1491 4516 auem
