3240 5094
422 354 511 414 lrnnx
534 371 700 415 uncrrouvn
724 373 902 417 eusrrvlnvn
928 357 1021 417 l872.
1244 341 1318 413 457

117 548 146 604 ct
174 543 321 624 qratuiti.
368 541 494 604 Solinus
517 544 557 603 30
585 543 621 603 li
652 563 673 604 a
694 543 794 605 media
823 551 910 625 purte
938 563 1023 606 utores
1046 533 1149 608 editus
1166 547 1249 607 nturi
1269 549 1319 607 ia-

117 646 234 722 minet,
268 647 397 728 iaqeuuo
426 647 491 728 iqui
514 664 573 726 per
601 653 757 708 aeteruum
783 644 925 726 fervidus
956 655 984 708 et
1005 648 1134 729 inquiete
1167 647 1251 730 (nam
1273 651 1319 711 sic

116 749 195 810 olim
229 760 317 812 recte
345 749 499 828 scriptum
530 749 613 831 crat)
648 750 726 832 iupis
753 749 969 832 slapruatibue.
1016 769 1052 812 ao
1079 770 1120 813 ne
1143 753 1216 832 quis
1238 752 1319 814 forte

116 851 207 914 dicat
241 853 454 914 recentiorum
487 852 678 932 scriptorum
707 870 853 913 sermone
883 871 946 914 non
980 851 1110 933 probari
1137 855 1318 918 Lucretium

116 965 333 1016 externorum
349 953 516 1017 [luminum
531 954 720 1017 adventiciis
735 957 827 1035 aquis
842 957 1027 1036 opposuisse
1037 957 1191 1037 ingenuos
1203 956 1315 1038 fontes,

118 1056 152 1120 id
177 1067 231 1119 est
254 1059 288 1118 in
311 1059 379 1139 ipso
403 1059 482 1120 mari
505 1066 689 1138 nascentes,
725 1057 937 1140 reputandum
961 1070 1008 1120 est
1029 1061 1258 1141 principalem,
1284 1071 1320 1123 ut

116 1158 284 1240 diximus,
317 1161 399 1222 hano
421 1179 492 1222 esse
516 1159 661 1224 vocabuli
683 1161 843 1224 notionem
866 1181 908 1224 ex
929 1181 1030 1243 eaque
1054 1163 1195 1245 reliquas
1217 1164 1319 1245 signi·
1351 1211 1357 1216 .

117 1263 289 1326 ficationes
312 1283 382 1327 esse
404 1262 576 1326 derivatae.

209 1368 277 1428 Vll.
303 1367 412 1430 Cicero
435 1366 476 1430 de
498 1367 623 1448 legibus
647 1387 657 1428 r
683 1365 701 1451 §
723 1369 780 1446 26,
813 1377 980 1450 postquam
1003 1367 1085 1430 dixit
1105 1381 1252 1433 naturam
1275 1371 1318 1433 ita

117 1467 278 1533 formasse
301 1471 365 1532 oris
387 1471 517 1533 humani
540 1472 679 1552 speciem
702 1481 738 1534 ut
760 1474 793 1532 in
817 1489 854 1534 ee
869 1473 999 1552 penitus
1015 1469 1193 1533 reconditos
1214 1491 1319 1536 mores

116 1570 308 1654 effingeret,
341 1575 387 1636 sio
408 1574 532 1654 pergit,
564 1593 638 1636 uum
668 1581 698 1636 et
724 1576 805 1637 oculi
832 1576 923 1636 nimie
945 1576 1051 1658 arqati
1070 1575 1318 1656 quaemadmodum

117 1677 227 1736 aniam
242 1673 356 1758 adfecti
371 1679 467 1739 simus
490 1678 631 1739 locuntur
652 1685 681 1739 et
703 1679 728 1740 ie
751 1679 804 1758 qui
824 1678 1000 1760 adpellatur
1014 1679 1136 1754 vultus,
1161 1679 1214 1758 qui
1234 1679 1318 1740 mulio

117 1779 151 1839 iu
175 1780 336 1841 animante
351 1798 415 1842 erse
433 1786 560 1861 praeter
573 1780 722 1842 homiaem
740 1788 852 1861 potent,
879 1780 995 1842 indicat
1008 1799 1118 1843 mores.
1158 1780 1234 1842 libri
1249 1799 1318 1843 me-

117 1881 220 1944 liores
242 1880 363 1944 habent
386 1881 498 1963 adfecti
518 1901 640 1958 mmor,
670 1881 754 1963 quod
778 1882 908 1945 fuerunt
931 1884 986 1964 qui
1008 1902 1179 1966 perperam
1201 1883 1318 1964 proba-

119 1993 207 2046 rent.
256 1985 347 2047 multi
370 1995 475 2048 aulem
491 1987 640 2048 vitiosum
663 1985 846 2048 habuerunt
868 1987 948 2048 oculi
967 1989 1058 2048 nimie
1080 1989 1186 2070 arquti
1206 1996 1318 2067 protu-

117 2087 296 2168 leruntque
320 2087 532 2168 inprobabilia
555 2098 586 2150 et
608 2091 725 2170 partim
751 2087 901 2151 absurda.
948 2090 1048 2152 veluti
1071 2087 1245 2152 absurdum
1270 2099 1317 2151 est

118 2191 209 2270 quod
226 2210 333 2272 nuper
354 2201 441 2253 tanto
463 2192 583 2272 placuit
605 2209 702 2273 opere
725 2202 761 2254 ut
784 2191 959 2255 identidem
983 2192 1198 2272 reciperetur,
1224 2193 1313 2268 oculi,

118 2295 209 2356 mimi
237 2295 351 2376 arquti.
399 2295 547 2356 similiter
568 2295 642 2356 olim
669 2296 841 2376 ineptierat
863 2297 1014 2358 Moserus.
1061 2296 1213 2358 nimirum
1236 2295 1315 2356 nihil

119 2415 194 2458 oum
218 2398 326 2459 mimis
348 2398 514 2479 conparari
537 2407 640 2478 potest
661 2399 723 2460 nisi
747 2399 780 2459 in
804 2418 866 2480 quo
888 2409 937 2461 est
959 2399 1106 2477 imitatio,
1133 2399 1317 2460 imitationis

118 2510 229 2562 autem
244 2510 341 2582 atque
358 2502 460 2562 omnis
482 2501 610 2562 omnino
632 2503 710 2563 artis
731 2520 768 2563 ac
783 2503 954 2563 voluntatis
969 2501 1154 2581 significatio
1177 2503 1316 2582 pessime

120 2602 187 2664 illic
210 2601 417 2671 admiscetur,
457 2611 545 2665 recte
568 2621 644 2664 vero
666 2605 820 2684 scriptum
843 2613 875 2667 et
896 2605 1069 2666 al'ahleno
1090 2614 1251 2666 servatum
1268 2614 1317 2666 est

120 2708 203 2769 oculi
231 2708 322 2769 nimis
354 2708 466 2790 arquti.
521 2724 626 2787 neque
656 2707 742 2768 enim
771 2705 979 2769 metuendum
1010 2716 1078 2768 erat
1102 2706 1245 2768 Ciceroni
1274 2727 1316 2768 ne
1348 2711 1351 2718 '

120 2807 285 2891 indignari
308 2808 477 2872 videretur
505 2810 723 2890 loquacitatem
752 2811 913 2872 oculorum
942 2812 969 2871 si
993 2809 1116 2872 diceret
1145 2829 1198 2872 eos
1220 2811 1316 2871 nimis

120 2923 267 2994 argutos:
295 2913 414 2993 quippe
437 2913 656 2993 apertissimae
679 2913 856 2975 sententiae
879 2913 966 2976 nulla
990 2931 1183 2994 quemquam
1206 2913 1315 2974 tallere

119 3024 247 3093 poterat
267 3014 469 3095 ambiguitas.
506 3014 563 3077 sed
578 3003 703 3096 negant¹
726 3018 817 3078 m'mic
839 3015 1024 3078 aCicerone
1048 3017 1091 3077 ita
1109 3014 1172 3076 dici
1195 3024 1231 3077 ut
1252 3031 1358 3078 nonio

121 3120 258 3182 multum
288 3118 372 3180 absit
400 3139 418 3180 a
447 3119 538 3180 vaide
566 3119 783 3199 similiumque
811 3118 1038 3181 adverbiorum
1071 3117 1312 3198 significatione.

121 3231 153 3281 at
176 3222 259 3285 dixit
281 3223 313 3282 in
336 3223 469 3284 Verrem
491 3223 614 3283 actione
636 3221 777 3284 secunda
799 3219 868 3305 1v§
893 3222 953 3283 432
976 3221 1083 3284 Made
1104 3221 1152 3284 bic
1175 3227 1313 3296 ornatus,

121 3322 195 3388 laec
219 3343 313 3406 opera
335 3331 423 3406 atque
445 3325 592 3405 artifieio,
619 3328 724 3408 riqiza,
750 3325 872 3388 tabulae
890 3328 1005 3406 pictae,
1034 3325 1165 3386 Graecos
1183 3322 1315 3386 homiues

120 3430 214 3516 nimio
237 3445 326 3510 opere
348 3428 512 3504 delectant,
545 3427 630 3508 quod
659 3447 723 3488 non
751 3430 845 3490 aliter
874 3427 1125 3509 intellegendum
1149 3437 1197 3489 est
1220 3444 1315 3506 quam

121 3529 147 3590 si
164 3530 355 3612 'scripsisset
378 3532 513 3592 muoeimo
536 3549 635 3611 opere.
675 3549 781 3611 neque
803 3531 891 3593 aliud
915 3549 988 3593 eum
1005 3531 1143 3592 voluisse
1167 3539 1315 3611 putamus

123 3650 193 3695 cum
218 3633 299 3695 dixit
315 3633 347 3694 in
364 3632 534 3694 Paradoxis
555 3631 573 3716 ξ
588 3636 629 3695 36
652 3637 788 3716 atquem
802 3636 878 3716 pari
891 3635 1107 3696 stultitiarum
1123 3651 1196 3714 quoe
1211 3633 1312 3715 riqiza,

121 3752 194 3814 quior
218 3735 355 3812 tabulae,
381 3755 454 3818 quos
477 3737 626 3798 caelatum
642 3745 819 3821 arpentum,
844 3753 917 3818 quos
935 3736 1091 3798 Corinthia
1106 3753 1216 3817 opera,
1242 3753 1315 3816 quoe

121 3841 259 3921 aedificia
282 3841 442 3922 maquifim
463 3840 555 3900 m‘mio
578 3857 667 3921 opere
689 3839 847 3902 delectant.
893 3849 961 3902 tum
984 3838 1066 3900 libro
1088 3838 1129 3900 de
1153 3837 1271 3900 finibus
1287 3856 1315 3898 ιν

122 3939 138 4023 ᾗ
154 3943 193 4004 70
212 3945 254 4004 ita
269 3943 427 4023 loquitur,
450 3942 504 4004 sed
519 3942 645 4024 differre
660 3943 954 4005 interlocutione
969 3949 1057 4022 turpe
1072 3942 1200 4002 nimium
1216 3959 1316 4022 queau-

121 4051 198 4119 tum,
223 4047 323 4108 nescio
338 4045 411 4127 quid
425 4048 612 4122 inmensum,
637 4047 716 4107 iuter
731 4054 848 4108 ceterae
862 4063 913 4107 res
928 4043 1005 4107 uiuit
1020 4045 1140 4106 omniuo
1155 4045 1311 4106 iuteresse.

122 4157 151 4208 et
174 4151 208 4211 in
224 4149 356 4211 Oratore
380 4145 453 4231 §87
477 4147 546 4210 buta
567 4151 673 4231 qeneri
693 4151 841 4210 orationis
862 4147 1086 4231 adaperqentur
1108 4147 1198 4208 etiam
1219 4148 1312 4224 sales,

122 4254 173 4330 qm·
194 4254 226 4314 ia
249 4251 373 4314 dicendo
395 4253 522 4313 nimium
544 4259 690 4334 meantum
705 4253 817 4314 voleat.
859 4250 999 4331 denique
1016 4269 1086 4312 oum
1109 4250 1238 4330 scripsit
1252 4251 1311 4331 Ep.

123 4352 160 4415 ad
182 4351 321 4418 Atticum
344 4371 374 4416 rx
397 4353 415 4415 7
437 4355 455 4414 6
479 4353 511 4415 id
532 4353 680 4416 mandavi
703 4343 873 4430 Philotimo,
898 4353 1013 4416 bomini
1030 4352 1109 4434 sorti
1128 4371 1165 4414 nc
1186 4355 1315 4415 m'mium

123 4459 273 4537 optimati,
298 4456 524 4538 putabimusne
548 4477 621 4519 eum
646 4455 884 4538 reprehendere
907 4456 1046 4520 voluisse
1070 4455 1292 4518 Philotimum?
