3204 5104
334 380 408 451 414
627 396 716 457 lunrx
739 414 906 457 ιτοττοκνκ
930 414 1114 460 arrianum
1134 396 1226 456 ί869.

333 583 502 646 Pausanias
525 602 546 644 u
561 584 579 644 3
597 584 628 662 5,
653 579 722 646 οίδα
745 581 779 646 δὲ
801 581 852 647 καὶ
872 581 990 666 Δηλίων
1013 586 1129 647 τοιοδτο
1152 578 1284 655 ἀκούσας
1306 583 1414 668 ἕτερον,
1435 576 1502 668 ύδωρ

332 676 348 748 δ
372 687 513 749 καλοδσιν
533 680 655 749 Ἰνωπὸν
686 683 765 750 εἶναί
794 711 893 772 σφισιν
922 687 957 748 ἐκ
982 687 1034 750 τοδ
1058 683 1179 760 Νείλου.
1226 681 1277 750 καί
1299 682 1337 771 δὴ
1360 683 1408 751 καὶ
1428 681 1501 751 αύτδν

333 783 399 871 ἔχει
420 781 469 849 τὸν
487 784 595 852 Νεῖλον
619 782 705 873 λόγος
720 783 883 874 Εὐφράτην
906 779 978 852 όντα
999 789 1030 860 ἐς
1053 789 1119 861 ἕλος
1143 785 1346 875 ἀφανίζεσθαι
1367 785 1416 854 καὶ
1430 781 1502 861 αὖθις

334 883 456 953 ἀνιόντα
478 885 553 976 δπὲρ
576 889 738 963 Αἰθιοπίας
762 890 871 956 Νεῖλον
894 891 1042 978 γίνεσθαι.
1092 893 1298 956 Philostratus
1319 893 1418 975 Apoll.
1441 895 1500 954 120

334 987 390 1054 είσί
413 988 440 1056 δ’
460 991 491 1057 οἵ
511 1018 601 1080 φασιν
624 995 655 1067 ἐς
678 997 744 1068 ἕλος
768 991 968 1082 ἀφανίζεσθαι
989 989 1023 1060 τό
1045 989 1121 1059 πολδ
1142 996 1196 1059 τοδ
1212 989 1371 1081 Εύφράτου
1392 993 1440 1060 καὶ
1458 1019 1502 1058 τε·

333 1096 440 1159 λευτδιν
469 1093 518 1161 τὸν
545 1093 678 1182 ποταμόν
707 1101 810 1164 τοῦτον
836 1099 869 1162 δν
896 1099 933 1184 τῇ
962 1100 1013 1185 γῇ.
1061 1092 1152 1183 λόγου
1180 1090 1208 1161 δ’
1234 1095 1308 1162 ἔνιοι
1335 1097 1503 1184 δρασυτέρου

333 1192 532 1284 ἐφάπτονται,
563 1196 726 1288 φάσκοντες
753 1197 843 1268 αότδν
871 1197 927 1266 δπδ
954 1204 992 1288 τῇ
1020 1203 1061 1288 γῇ
1089 1201 1195 1287 δέοντα
1216 1201 1248 1273 ἐς
1270 1197 1418 1288 Αἴγυπτον
1438 1197 1503 1266 α’να-

335 1301 499 1388 φαίνεσθαι
521 1300 571 1368 καί
595 1299 697 1392 Νείλῳ
720 1295 996 1391 συγκεράννυσθαι.Ι

309 1415 322 1461 t
421 1409 534 1470 Phison
550 1409 714 1472 Danubius
737 1420 784 1473 est
800 1411 972 1472 Severiano
995 1408 1183 1472 Gabalorum
1208 1409 1372 1490 episeopo,
1396 1409 1502 1490 aequali

335 1510 459 1572 loannis
482 1493 711 1593 Giu’ysostomi,
740 1511 781 1575 do
804 1511 914 1576 muudi
938 1514 1097 1574 creatione
1119 1531 1166 1572 or.
1193 1532 1212 1572 v
1234 1533 1267 1594 p.
1294 1512 1355 1574 i87
1379 1511 1500 1589 Montet,

333 1608 464 1697 ποταμός
486 1612 520 1677 δὲ
535 1609 728 1700 ἐκπορεύεται
743 1615 774 1686 ἐξ
785 1610 877 1698 Ἐδὲμ
893 1613 1025 1686 ποτίζειν
1039 1609 1088 1678 τὸν
1104 1609 1286 1700 παράδεισον
1307 1616 1397 1698 (Gen.
1414 1618 1432 1679 Ξ
1448 1615 1500 1696 tt).

334 1709 393 1780 άπδ
415 1713 520 1781 τούτου
542 1713 624 1802 μάίλε
645 1711 692 1782 ότι
713 1712 749 1782 ού
771 1721 914 1803 κηποδριν
937 1709 973 1802 ἦν
997 1712 1013 1782 ό
1034 1711 1215 1802 παράδεισος
1246 1712 1350 1803 μικρὸν
1372 1717 1446 1804 ἔχων
1475 1718 1501 1800 (ί.

333 1816 415 1904 ἔχον)
443 1819 566 1906 μέτρον,
596 1812 662 1909 <δν>
691 1816 823 1905 ποταμός
849 1823 988 1892 τοσοδτος
1017 1813 1138 1904 ἀρδεύει
1166 1813 1239 1884 ὥστε
1262 1815 1322 1886 ἀπὸ
1342 1823 1394 1886 roi>
1414 1843 1503 1905 περιτ-

333 1916 478 2006 τεύματος
500 1916 593 1988 αύτοδ
621 1923 768 2009 τέσσαρας
797 1921 875 1988 εἶναι
903 1917 1064 2007 ποταμούς.
1111 1918 1243 2008 ποταμός
1272 1922 1306 1988 δὲ
1329 1917 1503 2009 ἐκπορεύεται

333 2025 364 2097 ἐξ
383 2022 484 2110 ’Bato
496 2025 624 2098 ποτίζειν
646 2022 696 2092 τὸν
718 2021 916 2114 παράδεισον·
942 2027 1059 2090 ἐκεϊίίεν
1083 2020 1158 2110 μετὰ
1176 2022 1209 2092 τό
1230 2025 1350 2092 ποτίσαι
1373 2026 1503 2111 μερίζεται

333 2129 376 2200 είς
398 2129 545 2214 τέσσαρας
568 2125 682 2216 ἀρχάς,
706 2130 750 2202 είς
771 2125 820 2195 τὸν
836 2127 956 2217 Τίγριν,
981 2130 1024 2202 είς
1045 2125 1095 2194 τὸν
1113 2123 1239 2206 Νεῖλον,
1264 2129 1308 2202 εἰς
1327 2125 1376 2194 τόν
1391 2123 1503 2215 Εὐφρά-

332 2255 404 2316 την,
434 2233 477 2305 είς
504 2228 554 2297 τδν
584 2233 616 2296 ἐν
645 2235 807 2320 τῇγραφῇ
830 2231 990 2318 λεγόμενον
1014 2227 1151 2308 natanto,
1180 2225 1213 2296 δν
1236 2235 1288 2297 νδν
1312 2233 1428 2319 λέγουσι
1446 2231 1502 2295 Δα-

333 2337 445 2421 νοδβιν.
492 2337 625 2400 uberius
646 2339 787 2418 loquitur
808 2339 944 2419 scriptor
968 2330 1107 2402 ίίεύσεων
1131 2338 1198 2400 sive
1221 2337 1417 2418 Dialogorum
1438 2337 1503 2398 Gae-

332 2440 415 2502 sario
437 2439 527 2502 iratri
550 2440 693 2521 Gregorii
716 2441 903 2504 Nazianzoni
926 2439 1003 2502 iaiso
1024 2439 1248 2502 attributorum
1271 2459 1307 2502 nr
1325 2442 1383 2502 tit
1406 2461 1435 2521 p.
1451 2438 1502 2499 ou

338 2541 427 2623 (Bibl.
439 2553 521 2623 patr.
534 2543 602 2605 Par.
614 2553 636 2606 t.
647 2543 702 2624 κν),
717 2533 810 2608 όίκουε
820 2541 917 2608 τοίνυν
929 2545 982 2607 τοδ
994 2542 1190 2629 συγγραφέως
1201 2535 1269 2614 τούς
1281 2542 1317 2606 ἐκ
1330 2546 1398 2628 μιᾶς
1408 2536 1501 2628 κρήνης

333 2640 533 2730 άπορρέοντας
554 2645 702 2732 τέσσαρας
723 2641 876 2731 ποταμούς
897 2640 1169 2732 προσαγορεύοντος
1190 2641 1242 2710 καί
1264 2642 1357 2712 οἱονεὶ
1371 2646 1502 2712 δακτυλο-

332 2749 516 2821 δεικτοδντος
539 2742 646 2821 αύτούς
667 2771 704 2834 τη
726 2749 923 2836 προσηγορία.
962 2745 1013 2814 καί
1033 2741 1130 2833 όνομα
1149 2749 1190 2834 τῷ
1206 2744 1249 2812 ἑνί
1264 2745 1395 2814 Φεισιόν.
1431 2739 1501 2816 οὗτος

332 2849 366 2916 δὲ
388 2847 441 2936 τὴν
463 2849 625 2916 Αἰθιοπίαν
633 2899 643 2930 ,
674 2851 765 2938 φησί,
795 2848 846 2916 καί
874 2847 927 2938 τὴν
947 2846 1071 2936 Ἰνδικὴν
1101 2846 1276 2937 παροδεύων
1301 2847 1416 2938 Γάγγης
1436 2844 1498 2934 παρ’

333 2950 428 3020 αὐτῶν
450 2952 724 3041 προσαγορεύεται,
747 2950 830 3042 παρὰ
852 2953 885 3020 δὲ
895 2948 1040 3040 Ἕλλησιν
1057 2947 1169 3041 Ἴστρος
1191 2952 1242 3019 καί
1262 2951 1354 3028 ’ίνδδς
1374 2949 1499 3036 ποταμός,

331 3053 413 3144 παρὰ
436 3057 470 3122 δὲ
482 3055 636 3146 ’ίλλυρίοις
658 3053 885 3131 καίῬιπιανοῖς
906 3061 968 3132 τοῖς
986 3057 1141 3145 παρυίκοις
1156 3061 1208 3124 τοδ
1217 3050 1335 3144 Ἴστρου
1350 3051 1498 3142 Δανούβης,

331 3157 414 3248 παρὰ
444 3160 477 3228 δὲ
499 3156 623 3238 Γότδοις
645 3162 822 3235 Δουναδτις·
853 3165 952 3229 πᾶσαν
977 3160 1011 3226 δὲ
1037 3157 1090 3246 τὴν
1115 3164 1171 3247 γῆν
1194 3155 1309 3227 Εὐιλᾶτ
1331 3162 1439 3226 κυκλῶν
1457 3151 1500 3241 τήν

332 3266 474 3352 δευτέραν
497 3264 660 3332 Αίίίιοπίαν
688 3261 739 3330 καί
765 3261 802 3331 τὰ
831 3265 906 3352 μέρη
933 3269 990 3330 τῶν
1009 3250 1199 3351 Ἐλυμαίων,
1230 3261 1283 3330 καί
1311 3265 1437 3330 διαθέων
1458 3254 1501 3343 τήν

331 3364 447 3456 πρώτην
464 3367 648 3447 Αίίλιυπίαν,
672 3363 731 3433 εἶδ’
758 3360 852 3442 ούτως
874 3370 986 3455 ἐκρίων
1009 3365 1057 3433 ἐπὶ
1077 3364 1116 3433 τὰ
1137 3364 1221 3434 νότια
1243 3365 1295 3432 καί
1317 3364 1369 3453 την
1392 3365 1501 3448 ἑσπέραν

331 3473 446 3538 ἔσωδεν
470 3471 622 3560 Γαδείρων
645 3466 737 3544 είς
709 3497 758 3536 τον
781 3466 942 3559 διαβόητον
957 3471 1123 3559 ἐκκρίνεται
1135 3467 1288 3538 Ὠκεανόν.
1328 3474 1413 3534 auxit
1433 3485 1501 3550 quae

332 3580 482 3657 leguntur
508 3577 593 3658 apud
622 3577 833 3659 Epiphanium
862 3575 977 3640 Anoor.
1011 3597 1037 3638 o.
1063 3578 1104 3638 58
1134 3597 1166 3659 p.
1194 3577 1254 3640 i52
1284 3575 1393 3654 nina„
1423 3563 1502 3652 όνορο

330 3703 374 3806 τιρ
356 3677 432 3744 ἑνί
447 3675 585 3758 Φεισιύν,
609 3673 683 3744 καί
674 3681 788 3764 ορῶμεν
802 3673 852 3743 τδν
868 3675 985 3744 Φειαων
998 3675 1050 3743 ἐπ’
1072 3671 1209 3766 οψεσιν
1196 3681 1296 3804 ημρδν.
1335 3672 1387 3743 καί
1400 3666 1501 3740 Φενεόν

332 3785 385 3867 μέν
409 3785 487 3848 ἐστιν
510 3779 526 3848 ό
550 3778 773 3868 Γάγγηςα
689 3805 773 3867 παρα
794 3783 855 3854 τοῖς
874 3777 976 3856 Ἰνδοῖς
997 3777 1182 3868 καλούμενος
1204 3805 1256 3846 και
1246 3771 1502 3901 Αίίίίρψιν,Ἓλ·

330 3889 419 3972 ληνες
448 3885 483 3951 δὲ
509 3890 613 3952 τοῦτον
643 3888 785 3950 καλοδσιν
806 3880 896 3950 ’ίνδδν
924 3881 1075 3972 ποταμόν·
1109 3888 1209 3951 πᾶσαν
1237 3878 1296 3970 γάρ
1327 3879 1382 3969 τὴν
1406 3873 1504 3946 iltuit
1578 3913 1579 3964 ι

330 3991 521 4077 περικυκλοῖ,
550 3985 603 4075 τὴν
634 3985 740 4075 μικρόν
769 3986 819 4054 καί
840 3983 894 4075 τήν
918 3983 1069 4076 μεγάλην,
1099 3983 1139 4054 τά
1161 3987 1236 4075 μέρη
1258 3990 1315 4054 τῶν
1336 3981 1502 4068 Ἐλυμαίων»

331 4096 460 4180 διαπερᾷ
482 4092 516 4159 δὲ
537 4089 590 4178 τὴν
615 4087 748 4178 μεγάλην
764 4091 926 4158 Αίδιοπίαν
949 4089 1001 4159 καί
1016 4093 1117 4172 πίπτει
1137 4092 1181 4165 εἰς
1201 4084 1252 4156 τδν
1267 4085 1352 4158 νότον
1367 4087 1416 4158 καί
1435 4083 1502 4154 δύνει

242 4247 249 4257 .
331 4195 446 4264 ἔαωίίεν
469 4195 622 4284 Γαδείρων
649 4197 692 4268 εἰς
720 4190 769 4261 τόν
800 4197 893 4283 μέγαν
913 4191 1066 4262 Ὠκεανόν.
1114 4197 1198 4259 idem
1226 4205 1334 4258 autern
1355 4193 1502 4259 Caesarius
1578 4271 1579 4286 γ

332 4305 386 4383 qui
411 4303 528 4367 dicitur
551 4322 560 4364 ι
584 4304 624 4363 68
648 4321 681 4382 ρ.
703 4301 764 4361 588
788 4301 866 4362 hoec
889 4300 1001 4381 habat,
1025 4336 1067 4347 -·
1090 4293 1140 4364 τόν
1163 4299 1276 4363 ἕνα
1237 4321 1295 4362 των
1317 4293 1454 4382 τεττάρων
1472 4292 1499 4354 ἐκ
1578 4287 1579 4376 J

331 4409 384 4488 τῆς
406 4406 479 4468 ἐν
460 4407 577 4490 παραδε
581 4404 635 4524 ίση)
664 4398 782 4522 κρίνης
805 4397 930 4488 δεόντων
958 4405 1117 4486 ποταμῶν,
1144 4397 1193 4466 τόν
1216 4401 1357 4468 Φεισιδνα
1377 4393 1451 4484 παρὰ
1468 4419 1497 4476 τί
1578 4459 1579 4476 ,

332 4505 404 4574 καίΓ
430 4504 510 4592 ἡμας
532 4533 653 4592 γραφη,
677 4529 738 4592 παρ
767 4499 952 4590 Ελλησιδὲ
968 4499 1029 4570 Ἴστ
1032 4531 1100 4591 ρ,ον
1124 4501 1262 4590 παρὰδὲ
1271 4500 1430 4589 Ρωμαίοις
1419 4499 1496 4562 δα-
