3186 5108
312 369 360 444 92
607 389 696 450 lanas
717 405 884 452 nsorrosrs
907 406 1093 452 ursianam
1110 388 1203 450 taes.

311 579 404 658 gello.
451 589 541 660 putat
563 579 648 642 enim
671 597 734 640 nou
764 579 881 659 integri
904 595 1019 642 versus
1046 577 1299 642 emendationem
1329 577 1487 660 petendam

311 699 380 744 esse
403 701 445 744 ex
476 683 522 744 eis
551 701 633 762 quae
655 682 795 745 Donatus
823 680 863 744 ad
889 681 1029 744 Terentii
1052 683 1194 746 Heauton
1224 684 1451 746 timorumenen
1469 701 1489 744 u

310 785 403 846 3ldl
432 783 657 867 adseripserit,
688 787 726 848 Io
751 803 859 847 eurem
887 787 1050 848 utrumve.
1098 785 1160 848 loeo
1185 785 1360 868 proverbii,
1392 787 1423 847 ie
1447 804 1489 848 eos
1586 832 1587 857 t

310 890 362 970 pai
382 889 485 951 seueri
505 896 533 952 et
554 889 641 952 otiosi
661 890 756 951 vitam
778 887 903 950 dueum.
950 888 1022 952 telis
1044 889 1192 951 reiteratio
1217 895 1245 951 et
1265 889 1352 971 apud
1373 891 1490 952 dmon-

309 991 417 1070 dream,
453 1009 532 1074 quoe
557 989 663 1055 Latine
691 994 737 1055 sic
764 991 964 1074 deprimitur,
1000 993 1037 1053 Io
1065 1009 1172 1054 uorem
1198 999 1375 1074 utromque,
1410 1011 1490 1075 parm

309 1095 428 1177 paidom
450 1096 554 1158 dotato
575 1102 630 1174 est,
656 1093 750 1159 subet.
794 1112 853 1177 per
875 1113 984 1158 eurem
1005 1095 1150 1158 domuum
1172 1096 1319 1158 omrem
1341 1096 1421 1159 leues
1445 1095 1491 1158 de-
1587 1181 1588 1184 Ἴ

309 1201 421 1284 sipont,
450 1217 508 1282 per
529 1199 690 1263 sinistram
719 1217 791 1261 vore
820 1199 902 1261 tetus
931 1199 1103 1262 sinistmm.
1150 1217 1262 1262 verum
1284 1198 1395 1262 ilonati
1422 1200 1490 1263 nulli
1587 1191 1588 1196 ’

309 1302 439 1366 suntad
456 1299 597 1366 Heauton
619 1303 853 1366 timornmenon
876 1302 1104 1380 commentarii,
1122 1301 1210 1365 ‘illud
1232 1311 1341 1366 antem
1362 1303 1492 1366 scholion

309 1406 350 1469 ad
380 1406 528 1469 iohannis
550 1406 736 1488 Galphurnii
766 1407 1028 1469 eommentarinm
1055 1403 1200 1468 additum
1229 1416 1279 1468 est
1307 1404 1349 1468 ab
1375 1407 1492 1468 homine
1587 1421 1588 1426 ’

309 1511 365 1592 qui
389 1510 534 1592 inpresso
555 1511 661 1590 alique
684 1517 793 1572 vetere
820 1509 961 1572 noetium
982 1506 1159 1572 Attieurum
1187 1511 1363 1591 exemplari
1388 1507 1494 1573 uteba·
1588 1549 1589 1558 ι

309 1623 373 1693 tur,
400 1614 432 1676 in
455 1613 573 1695 quibus
596 1611 835 1694 exemplaribus
851 1612 1009 1675 versieulo
1025 1610 1216 1676 llenandreo
1239 1613 1318 1676 haee
1340 1614 1493 1695 interpre-
1587 1655 1589 1699 3

308 1718 385 1780 tatio
407 1715 528 1780 adieota
552 1727 611 1794 est,
644 1719 680 1778 lo
708 1733 817 1778 eurem
843 1723 1021 1798 auremque,
1052 1715 1294 1799 qrtendoquidem
1320 1716 1424 1780 dolote
1444 1723 1492 1794 est,
1587 1736 1590 1751 ·

309 1820 403 1883 odet.
450 1818 589 1883 ostendit
612 1820 670 1882 hoe
692 1819 883 1901 Spengelius
906 1819 938 1880 iu
962 1819 1009 1882 eis
1032 1835 1114 1900 qnae
1137 1839 1220 1882 anno
1235 1838 1437 1882 sueocxxruu
1458 1818 1494 1881 de
1589 1901 1590 1908 ἵ

310 1924 345 1985 C.
371 1922 506 1986 Gaeeilio
533 1924 634 1986 Statio
662 1922 837 2004 disputavit
867 1920 919 2004 (ita
950 1923 1035 1986 enim
1071 1923 1156 1987 hune
1189 1932 1312 2005 poetam
1342 1925 1491 1996 nominat;
1589 1929 1590 1976 ἲ

309 2028 378 2109 ipse
409 2026 565 2090 Caeoilius
594 2045 657 2089 nne
686 2025 777 2088 Statii
814 2023 1021 2106 praenomine
1052 2035 1219 2090 eontentus
1256 2025 1316 2090 luit
1349 2045 1495 2110 nequea

309 2149 469 2213 quoquam
499 2148 651 2211 umquam
674 2128 771 2192 Gaius
792 2127 971 2210 adpellatus
998 2128 1076 2213 est):
1109 2139 1233 2211 poterat
1260 2128 1381 2192 addere
1410 2131 1497 2193 seho-

310 2234 373 2297 lion
398 2233 475 2297 illud
499 2253 516 2294 a
538 2232 761 2295 Westerhovio
782 2232 932 2296 asterisco
955 2230 1141 2296 distinetum
1163 2253 1245 2314 esse,
1270 2251 1333 2314 quo
1356 2235 1446 2314 siguo
1468 2234 1496 2294 iu

309 2336 504 2420 praefatione
527 2357 560 2419 p.
579 2355 597 2399 x
619 2337 663 2399 ait
685 2356 719 2398 se
743 2344 868 2398 notasse
892 2355 974 2416 quae
998 2337 1030 2398 iu
1054 2335 1161 2400 codiee
1177 2335 1448 2400 Boendermakeri
1469 2347 1498 2399 et
1590 2359 1591 2362 ¹

310 2443 343 2502 in
373 2439 468 2504 editis
496 2441 719 2503 vetustissimis
748 2437 941 2521 quibusdam
976 2438 1018 2502 ad
1047 2441 1100 2502 illa
1130 2457 1213 2521 quae
1245 2439 1432 2522 Calphurnii
1468 2441 1497 2502 iu

310 2543 504 2607 editionibus
526 2543 663 2625 vulgatis
691 2543 837 2607 terantur
865 2541 972 2606 addita
995 2544 1203 2625 repperisset.
1249 2561 1312 2606 non
1341 2545 1499 2626 potuimus

309 2649 503 2728 investigare
525 2646 613 2710 unde
637 2647 716 2711 illud
737 2647 876 2710 soholion
899 2647 1091 2729 sumpserit:
1124 2647 1182 2709 sed
1206 2647 1428 2729 interpretatio
1450 2647 1498 2709 illa

283 2751 501 2814 tGraeoorum
532 2770 613 2832 quae
643 2750 728 2832 apud
758 2750 894 2814 Gellium
925 2738 1082 2831 leguntur'
1113 2761 1186 2814 ante
1222 2750 1343 2831 aliquot
1376 2752 1498 2814 saeeula

310 2854 390 2916 laeta
412 2873 518 2936 neque
540 2855 760 2918 auctoritatem
782 2853 879 2917 habet
900 2854 999 2917 ullam
1021 2873 1128 2935 neque
1152 2854 1322 2935 quiequam
1346 2853 1423 2918 inde
1444 2853 1500 2916 ad-

309 2949 518 3039 sumi'potest
539 2956 625 3038 quod
647 2977 718 3020 eum
735 2958 846 3020 Graeoi
870 2975 984 3020 versus
1006 2957 1123 3020 litteris
1145 2957 1222 3020 satis
1244 2967 1407 3039 congruat.
1447 2957 1499 3039 qui

309 3081 423 3126 versus
454 3062 634 3124 restituitur
666 3062 693 3124 si
723 3072 790 3126 tres
822 3061 947 3124 litteras
973 3057 1146 3140 adicimus,
1183 3053 1232 3130 ἐπ’
1265 3054 1425 3147 ἀμφότερα
1450 3065 1500 3125 νῦν

309 3160 474 3250 ἡπικληρος
503 3157 524 3249 ἡ
551 3159 631 3249 καλὴ
661 3161 765 3248 μέλλει
793 3159 1006 3249 καθευδήσων.
1053 3173 1127 3226 anto
1157 3176 1196 3222 ua
1226 3163 1373 3228 laeillinae
1402 3166 1500 3228 omitti

310 3271 412 3352 potnit
435 3280 491 3328 atu
514 3269 582 3330 sive
605 3268 710 3350 potius
732 3279 804 3330 aas:
838 3287 910 3332 narn
933 3269 1062 3350 saepius
1085 3269 1118 3330 in
1139 3268 1191 3330 his
1212 3267 1361 3332 versibus
1385 3281 1402 3327 e
1424 3269 1502 3332 sori-

308 3381 398 3455 ptum
420 3381 468 3435 est
489 3371 545 3435 ubi
566 3384 585 3430 u
609 3371 707 3435 soribi
738 3370 895 3451 debebat,
927 3351 1026 3435 veluti
1048 3381 1214 3432 antandron
1233 3369 1342 3434 addito
1371 3372 1503 3436 artieule

310 3475 518 3539 eorreximus.
566 3477 599 3538 in
623 3479 715 3539 tertio
737 3494 834 3539 versu
855 3485 994 3556 uterque
1017 3473 1117 3537 eodex
1139 3487 1254 3534 ettalus
1276 3474 1384 3539 habet.
1433 3495 1502 3538 mox

309 3581 479 3643 Vaticanus
503 3591 697 3658 erueremus,
728 3581 846 3642 rectius
860 3579 1022 3642 Vrbinas.·
1048 3587 1115 3640 tum
1131 3575 1268 3640 Vrbiuas
1281 3569 1347 3638 'tus
1367 3589 1399 3643 et
1413 3589 1503 3643 uter-

310 3703 373 3766 qne
395 3693 597 3742 spontaneus
628 3692 660 3746 ot
683 3693 864 3763 ameortua,
901 3683 963 3746 nisi
994 3679 1079 3763 quod
1110 3683 1143 3743 in
1172 3680 1316 3744 Vrbinati
1347 3683 1502 3745 otineola

308 3785 496 3849 transfixum
521 3794 579 3847 est.
627 3785 745 3849 deinde
768 3787 801 3849 in
816 3785 961 3849 Vrbinati
985 3783 1067 3848 libre
1088 3785 1313 3866 scriptumest
1336 3798 1391 3846 ure
1404 3796 1504 3844 eune

309 3903 382 3950 eros
400 3899 468 3949 arxe
487 3901 527 3948 us
544 3901 629 3968 nuti,
655 3891 771 3972 partim
788 3892 917 3967 rectius,
942 3890 1058 3971 partim
1074 3889 1180 3952 minus
1196 3886 1376 3952 emendate.
1410 3899 1503 3970 puta-

310 4013 381 4058 mus
402 4001 508 4056 autem
528 4003 596 4050 etxe
610 4003 660 4072 us,
692 3991 897 4074 quodetiam
924 3994 984 4055 alia
1012 3993 1205 4074 exemplaria
1234 3989 1366 4072 habent,
1398 4011 1503 4074 noque

309 4097 352 4159 ita
374 4095 490 4176 corrigi
513 4114 606 4177 posse
627 4105 664 4158 ut
685 4104 757 4177 apta
782 4095 835 4158 liat
857 4097 1016 4159 sententia
1038 4114 1145 4177 neque
1172 4093 1259 4158 aliud
1282 4093 1503 4176 quaerendum

309 4219 381 4263 esse
410 4217 507 4281 quarn
534 4197 621 4279 quod
651 4217 692 4262 ex
712 4198 853 4262 Vatieani
884 4198 959 4261 libri
989 4199 1104 4262 litteris
1125 4205 1240 4258 astaus
1268 4199 1357 4262 nullo
1379 4197 1504 4279 negotio

309 4303 464 4382 elicimus,
490 4291 555 4366 oio'
579 4295 651 4386 ἐμή.
704 4302 894 4365 oomissum
918 4313 965 4366 est
987 4303 1138 4384 quoniam
1161 4323 1178 4366 o
1198 4303 1391 4385 praecessit:
1423 4299 1504 4364 seri-

309 4416 400 4490 ptum
415 4415 522 4470 eutem
545 4406 651 4469 iuerat
672 4417 805 4464 uramus
827 4413 861 4469 ut
879 4415 970 4469 antea
990 4406 1023 4468 in
1041 4405 1192 4469 Vrbinati'
1207 4405 1288 4468 libre
1302 4397 1369 4464 “rsa
1382 4415 1505 4466 mosae

310 4521 409 4573 flattu.
457 4509 604 4574 similiter
627 4520 682 4568 uro
704 4508 784 4572 illud
807 4507 950 4573 eiusdem
974 4507 1049 4572 libri
1076 4509 1167 4590 prius
1189 4506 1380 4590 ineruisse,
1410 4506 1505 4592 ριειιε
