3268 5108
417 417 507 478 lunax
529 434 695 478 ιιιιιοιιιιι
717 435 894 478 ursarum!
913 415 1007 476 tutti.
1262 395 1306 470 31

206 605 358 668 Videmur
385 615 492 668 autem
520 603 613 668 nobis
641 607 767 669 veniam
796 605 986 687 inpetraturi
1014 623 1102 683 esse,
1135 606 1162 666 si
1191 602 1232 666 ab
1262 604 1312 664 his

130 707 267 771 versibus
289 728 353 770 non
375 711 482 771 statim
503 708 778 789 transgrediamur
807 708 848 772 ad
869 710 967 772 alium
990 709 1023 770 in
1046 727 1110 789 quo
1133 706 1231 770 verba
1253 707 1313 768 ali-

131 821 198 892 quot
217 823 328 894 poetae
350 831 432 894 quae
463 813 579 894 reliqui
602 812 727 878 codices
753 816 903 880 omittunt
932 813 1036 875 asclo
1060 807 1312 892 Cantabrigiensi

129 914 202 977 libro
223 926 347 981 servata
375 925 462 996 sunt,
494 915 553 978 sed
574 919 696 982 sensim
726 915 938 996 procedentes
960 916 1042 980 hanc
1065 915 1216 980 miminis
1236 933 1314 995 par-

128 1028 185 1082 tem
206 1021 341 1082 ulterius
370 1037 621 1100 persequamur:
654 1039 726 1082 nam
750 1020 848 1087 multa
878 1021 911 1081 in
935 1038 971 1082 ca
994 1028 1069 1084 sunt
1097 1037 1180 1099 quae
1203 1035 1313 1080 emen-

128 1121 279 1186 dationem
302 1133 333 1186 et
356 1123 523 1203 requirere
545 1132 579 1188 et
600 1125 745 1204 accipere
769 1143 861 1204 posse
882 1123 1065 1188 videantur.
1112 1123 1219 1202 itaque
1243 1129 1314 1203 post

128 1225 174 1291 ille
196 1225 304 1306 verba,
335 1227 401 1290 icm‘
420 1234 521 1310 cetero
549 1225 640 1290 urta
662 1227 788 1296 uuum
816 1228 907 1294 Sicut
933 1227 1211 1310 utrimquesecus,
1242 1243 1314 1286 oar-

128 1349 194 1394 mon
218 1332 261 1395 ita
285 1331 499 1410 continuatur,

622 1433 741 1498 ualidos
763 1441 827 1498 tum
849 1434 986 1515 luppiter
1009 1434 1091 1516 ipsu

249 1540 388 1618 increpat
408 1545 436 1599 et
458 1537 535 1600 iacto
554 1535 720 1618 proturbat
740 1534 871 1618 fulmine
892 1544 1017 1602 monus.

175 1709 180 1721 ‚
251 1642 335 1706 illuc
356 1640 496 1705 drusum
518 1647 677 1704 uerterunt
698 1648 784 1722 torpa
805 1641 917 1704 ruiuoe

250 1744 378 1825 insertor
400 1743 480 1806 divis
501 1744 584 1808 acres
607 1751 696 1824 otqtte
717 1745 830 1825 impius
855 1743 949 1808 tortis

246 1865 395 1929 praeceps
417 1867 486 1910 cum
508 1849 620 1912 cestrie
642 1848 747 1929 cipitur
767 1855 923 1928 materque
944 1848 1075 1912 iacentes

250 1950 405 2032 impellens
427 1953 532 2017 victor.

127 2072 208 2116 noro
238 2073 278 2115 ex
300 2053 374 2115 olim
401 2055 556 2135 inpressis
585 2055 783 2136 recepimus:
818 2056 895 2118 meto
924 2053 1022 2117 habet
1042 2052 1315 2135 Cantabrigiensis

127 2165 156 2216 et
175 2157 324 2219 habuisse
342 2156 470 2218 videtur
486 2156 748 2220 Helmstadiensis
769 2167 843 2221 ante
866 2177 960 2240 quam
981 2158 1073 2222 vioto⁸
1095 2157 1309 2234 scriberetur;

127 2262 218 2322 uuor
239 2270 287 2322 est
311 2261 342 2321 in
366 2259 599 2341 Rehdigcrano.
646 2279 719 2324 mox
740 2279 887 2325 sarsoris
903 2261 1165 2332 Helmsladiensis
1187 2271 1218 2324 et
1239 2280 1315 2343 pars

129 2363 356 2443 inpressorum:
389 2365 450 2426 alia
479 2366 564 2428 enim
587 2383 662 2448 pars
686 2374 727 2444 et,
753 2366 816 2428 nisi
839 2365 970 2428 lacobus
992 2367 1123 2445 erravit,
1155 2364 1314 2446 Rehdige-

128 2485 219 2530 ranus
233 2468 379 2530 uectae
420 2468 541 2530 inutilis
564 2479 612 2531 est
628 2466 837 2530 Wernsdorlii
861 2469 1040 2533 coniectura
1063 2468 1186 2534 moestu
1207 2471 1312 2532 ruico.

129 2571 304 2652 Propertius
326 2591 345 2632 ιι
366 2573 385 2634 2
408 2569 447 2632 st
471 2571 569 2634 hostes
592 2572 678 2654 turpi
699 2579 785 2655 torpa
813 2571 932 2634 dedisse
950 2573 1056 2660 suque,
1088 2571 1222 2636 Ovidius
1248 2594 1317 2636 mc-

128 2674 363 2756 tamorphoseon
385 2695 405 2735 v
420 2676 481 2738 323
506 2682 684 2758 cunctosque
705 2675 823 2738 dedisse
849 2677 946 2758 Terqa
968 2675 1072 2763 super,
1105 2677 1315 2760 similiterque

127 2775 255 2841 Ovidius
278 2778 403 2840 locutus
429 2789 477 2841 est
505 2777 619 2859 stou,
652 2798 692 2842 ιιιι
715 2779 789 2860 3t3,
821 2799 874 2842 ιιιιι
898 2779 972 2840 878.
1020 2789 1178 2862 postrema
1209 2780 1315 2864 inepta

127 2891 213 2945 sunt:
245 2901 318 2944 nam
342 2891 445 2943 castra
468 2882 642 2964 gigantum,
675 2883 697 2943 i.
720 2903 749 2946 e.
775 2884 950 2945 coacervati
979 2895 1117 2963 montes,
1149 2884 1229 2946 lovis
1252 2882 1315 2945 iul-

128 2985 208 3048 mine
231 2985 382 3048 deorsum
409 2986 458 3068 agi
489 2995 576 3048 recte
602 2984 765 3068 dicuntur,
797 2989 865 3068 ipsa
896 2996 981 3050 terra
1009 2986 1161 3050 absurde.
1209 2988 1315 3066 itaque

128 3087 202 3148 nihil
228 3089 418 3172 proficimus
436 3088 539 3152 iacobi
568 3077 771 3170 conlectura,
804 3092 859 3176 qui
888 3095 960 3154 cum
983 3089 1140 3177 impellens
1164 3089 1341 3172 explicaris

128 3209 185 3252 non
208 3211 299 3274 posse
323 3192 544 3273 intellexisset,
570 3193 727 3256 involvens
750 3201 835 3256 utero
857 3192 1064 3256 scribendum
1083 3212 1153 3256 esse
1177 3193 1313 3258 censuit.

128 3305 287 3375 praeterea
317 3295 425 3358 debile
453 3307 501 3360 est
529 3295 614 3377 quod
643 3307 714 3381 post
746 3298 876 3358 iacentes
906 3295 1035 3364 additur
1063 3297 1166 3366 uictor.
1224 3295 1316 3360 nobis

128 3401 302 3464 coniectura
326 3399 468 3481 quidem,
501 3398 559 3462 sed
581 3401 748 3466 uerissima
771 3401 953 3464 coniectura
984 3401 1150 3464 inventum
1173 3419 1243 3464 esse
1266 3402 1317 3464 vi-

128 3500 216 3566 detur
238 3503 324 3586 quod
348 3505 381 3563 P.
400 3503 547 3566 Pithoeus
570 3503 603 3565 in
626 3504 768 3586 margine
793 3504 1054 3586 epigrammatum
1085 3513 1117 3566 ct
1143 3503 1316 3591 poematic-

129 3623 194 3668 rum
215 3627 233 3669 a
255 3627 290 3670 se
306 3605 465 3669 editorum
480 3606 662 3688 adscripsit,
687 3614 844 3688 materque
866 3608 997 3670 iocantes
1019 3627 1148 3672 ιιιιιιιιιιιι
1172 3627 1222 3670 aar
1241 3627 1316 3672 out-

129 3727 187 3791 ros,
211 3713 271 3774 nisi
292 3710 380 3792 qnod
402 3731 497 3774 utros
519 3709 662 3773 scribere
685 3719 842 3794 praestat:
876 3713 1012 3794 sumpsit
1033 3722 1139 3777 autem
1155 3712 1313 3790 Pithoeus,

129 3813 185 3874 nisi
208 3813 360 3895 fallimur,
385 3834 425 3876 ex
440 3812 667 3897 Antvcrpiensi
685 3814 858 3895 exemplari
882 3817 956 3876 anni
981 3833 1102 3896 enixu,
1127 3815 1213 3901 quod
1235 3834 1317 3876 nan-

131 3917 200 3980 cisci
222 3923 285 3980 ndu
310 3919 483 4002 potuimus.
530 3915 615 4000 quod
638 3917 740 4008 siquis
765 3917 1032 3999 elegantissimam
1061 3918 1316 3981 emandationem

132 4031 291 4103 propterea
314 4021 464 4104 inprobet
480 4022 555 4103 quia
570 4020 741 4088 violentius
756 4014 856 4084 'verba
874 4022 990 4084 mutari
1007 4020 1170 4102 videntur,
1196 4041 1270 4088 eum
1286 4031 1317 4084 et

133 4120 283 4188 inmanem
305 4125 401 4188 huius
419 4125 570 4189 carminis
588 4122 848 4206 depravationem
868 4127 1014 4208 ignorare
1037 4125 1232 4209 putabimus,
1259 4144 1317 4188 ne-

134 4242 190 4306 que
211 4230 285 4290 satis
306 4227 473 4292 attendere
496 4230 643 4310 quotiens
666 4229 698 4290 in
722 4238 886 4314 poetarum
905 4228 1101 4294 carminibus
1123 4230 1226 4312 prima
1241 4247 1316 4291 ver-

134 4346 218 4392 suum
231 4332 330 4396 verba
352 4333 440 4414 turpi
463 4331 643 4413 corruptela
660 4334 869 4395 contaminata
892 4335 967 4394 sint.
1008 4351 1064 4394 nos
1088 4333 1146 4394 hac
1164 4331 1316 4394 observa-

136 4433 212 4495 tione
228 4455 263 4498 co
281 4446 411 4500 utemur
431 4445 468 4499 ut
482 4436 579 4499 alium
602 4436 698 4499 huius
712 4436 863 4498 carminis
877 4454 1006 4499 versum
1022 4454 1085 4498 non
1100 4455 1233 4518 prorsus
1249 4434 1317 4498 dis-

138 4535 272 4602 similiter
292 4539 510 4604 emendemus.
540 4539 661 4603 etenim
677 4559 759 4620 quae
779 4541 811 4602 ie
828 4539 957 4602 exordio
972 4541 1092 4622 scripta
1114 4547 1189 4601 sunt
1207 4537 1247 4620 (v.
1262 4541 1310 4626 l8)
