<?xml version="1.0" encoding="UTF-8"?>
<!DOCTYPE html PUBLIC "-//W3C//DTD XHTML 1.0 Transitional//EN"
    "http://www.w3.org/TR/xhtml1/DTD/xhtml1-transitional.dtd">
<html xmlns="http://www.w3.org/1999/xhtml" xml:lang="en" lang="en">
 <head>
  <title>
</title>
<meta http-equiv="Content-Type" content="text/html;charset=utf-8" />
  <meta name='ocr-system' content='tesseract 3.04.00' />
  <meta name='ocr-capabilities' content='ocr_page ocr_carea ocr_par ocr_line ocrx_word'/>
</head>
<body>
  <div class='ocr_page' id='page_1' title='image "./mavriciihavptii00haupgoog/mavriciihavptii00haupgoog_0361.png"; bbox 0 0 3204 5104; ppageno 0'>
   <div class='ocr_carea' id='block_1_1' title="bbox 316 308 1199 387">
    <p class='ocr_par' dir='ltr' id='par_1_1' title="bbox 316 308 1199 387">
     <span class='ocr_line' id='line_1_1' title="bbox 316 308 1199 387; baseline 0.005 -7"><span class='ocrx_word' id='word_1_1' title='bbox 316 308 389 380; x_wconf 85' lang='grc'><strong>348</strong></span> <span class='ocrx_word' id='word_1_2' title='bbox 612 324 701 385; x_wconf 77' lang='lat' dir='ltr'><strong>innox</strong></span> <span class='ocrx_word' id='word_1_3' title='bbox 722 342 886 387; x_wconf 85' lang='grc' dir='ltr'>ιιιστιοιιιιι</span> <span class='ocrx_word' id='word_1_4' title='bbox 907 342 1086 386; x_wconf 80' lang='grc' dir='ltr'>ιιιστιιιιιιι</span> <span class='ocrx_word' id='word_1_5' title='bbox 1106 324 1199 384; x_wconf 83' lang='grc' dir='ltr'>ί867.</span> 
     </span>
    </p>
   </div>
   <div class='ocr_carea' id='block_1_2' title="bbox 314 506 1492 801">
    <p class='ocr_par' dir='ltr' id='par_1_2' title="bbox 314 506 1492 801">
     <span class='ocr_line' id='line_1_2' title="bbox 315 506 1492 595; baseline -0.001 -23"><span class='ocrx_word' id='word_1_6' title='bbox 315 511 513 574; x_wconf 76' lang='lat' dir='ltr'><em>inhabitatur.</em></span> <span class='ocrx_word' id='word_1_7' title='bbox 560 507 630 574; x_wconf 79' lang='grc' dir='ltr'>ἔνθα</span> <span class='ocrx_word' id='word_1_8' title='bbox 660 507 718 595; x_wconf 76' lang='grc' dir='ltr'><strong>μὴν</strong></span> <span class='ocrx_word' id='word_1_9' title='bbox 743 506 770 574; x_wconf 86' lang='grc' dir='ltr'><strong>δ’</strong></span> <span class='ocrx_word' id='word_1_10' title='bbox 797 506 900 576; x_wconf 81' lang='grc' dir='ltr'>εἰκόνα</span> <span class='ocrx_word' id='word_1_11' title='bbox 920 515 1074 595; x_wconf 79' lang='grc' dir='ltr'>ποιοῦμεν.</span> <span class='ocrx_word' id='word_1_12' title='bbox 1121 513 1219 575; x_wconf 80' lang='lat' dir='ltr'><strong>Maius</strong></span> <span class='ocrx_word' id='word_1_13' title='bbox 1241 509 1313 576; x_wconf 82' lang='grc' dir='ltr'>ἔνίλε</span> <span class='ocrx_word' id='word_1_14' title='bbox 1336 531 1370 573; x_wconf 87' lang='lat' dir='ltr'><strong>se</strong></span> <span class='ocrx_word' id='word_1_15' title='bbox 1394 511 1424 572; x_wconf 92' lang='lat' dir='ltr'><strong>in</strong></span> <span class='ocrx_word' id='word_1_16' title='bbox 1445 529 1492 572; x_wconf 92' lang='lat' dir='ltr'><strong>co-</strong></span> 
     </span>
     <span class='ocr_line' id='line_1_3' title="bbox 314 610 1492 698; baseline -0.002 -21"><span class='ocrx_word' id='word_1_17' title='bbox 314 614 385 688; x_wconf 88' lang='lat' dir='ltr'><strong>dice</strong></span> <span class='ocrx_word' id='word_1_18' title='bbox 408 615 515 695; x_wconf 77' lang='lat' dir='ltr'><strong>legere</strong></span> <span class='ocrx_word' id='word_1_19' title='bbox 537 616 599 694; x_wconf 91' lang='lat' dir='ltr'><strong>ait,</strong></span> <span class='ocrx_word' id='word_1_20' title='bbox 625 610 683 698; x_wconf 79' lang='grc' dir='ltr'><strong>μὴν</strong></span> <span class='ocrx_word' id='word_1_21' title='bbox 706 635 741 677; x_wconf 89' lang='lat' dir='ltr'><strong>se</strong></span> <span class='ocrx_word' id='word_1_22' title='bbox 764 615 870 696; x_wconf 77' lang='lat' dir='ltr'><strong>legere</strong></span> <span class='ocrx_word' id='word_1_23' title='bbox 887 615 948 677; x_wconf 92' lang='lat' dir='ltr'><strong>sibi</strong></span> <span class='ocrx_word' id='word_1_24' title='bbox 964 615 1080 677; x_wconf 86' lang='lat' dir='ltr'><strong>videri.</strong></span> <span class='ocrx_word' id='word_1_25' title='bbox 1127 614 1217 678; x_wconf 80' lang='lat' dir='ltr'>addit</span> <span class='ocrx_word' id='word_1_26' title='bbox 1235 616 1359 695; x_wconf 85' lang='lat' dir='ltr'><strong>‘itaque</strong></span> <span class='ocrx_word' id='word_1_27' title='bbox 1375 622 1420 676; x_wconf 87' lang='lat' dir='ltr'><strong>est</strong></span> <span class='ocrx_word' id='word_1_28' title='bbox 1441 633 1492 694; x_wconf 89' lang='lat' dir='ltr'><strong>pm</strong></span> 
     </span>
     <span class='ocr_line' id='line_1_4' title="bbox 314 710 1489 801; baseline -0.001 -22"><span class='ocrx_word' id='word_1_29' title='bbox 314 715 436 781; x_wconf 79' lang='grc' dir='ltr'>ἐνθένδε</span> <span class='ocrx_word' id='word_1_30' title='bbox 452 710 533 800; x_wconf 76' lang='grc' dir='ltr'>μήν’</span> <span class='ocrx_word' id='word_1_31' title='bbox 571 720 659 798; x_wconf 89' lang='lat' dir='ltr'><strong>atqui</strong></span> <span class='ocrx_word' id='word_1_32' title='bbox 683 713 741 801; x_wconf 76' lang='grc' dir='ltr'><strong>μὴν</strong></span> <span class='ocrx_word' id='word_1_33' title='bbox 765 717 797 780; x_wconf 81' lang='grc' dir='ltr'><strong>δέ</strong></span> <span class='ocrx_word' id='word_1_34' title='bbox 821 719 912 780; x_wconf 91' lang='lat' dir='ltr'><strong>nihili</strong></span> <span class='ocrx_word' id='word_1_35' title='bbox 929 728 987 780; x_wconf 90' lang='lat' dir='ltr'><strong>est.</strong></span> <span class='ocrx_word' id='word_1_36' title='bbox 1031 737 1178 800; x_wconf 87' lang='lat' dir='ltr'><strong>peccasse</strong></span> <span class='ocrx_word' id='word_1_37' title='bbox 1193 716 1324 780; x_wconf 88' lang='lat' dir='ltr'><strong>videtur</strong></span> <span class='ocrx_word' id='word_1_38' title='bbox 1338 717 1489 795; x_wconf 88' lang='lat' dir='ltr'><strong>librarius,</strong></span> 
     </span>
    </p>
   </div>
   <div class='ocr_carea' id='block_1_3' title="bbox 291 819 1582 3270">
    <p class='ocr_par' dir='ltr' id='par_1_3' title="bbox 314 819 1491 1108">
     <span class='ocr_line' id='line_1_5' title="bbox 314 819 1491 901; baseline 0.001 -20"><span class='ocrx_word' id='word_1_39' title='bbox 314 822 369 900; x_wconf 87' lang='lat' dir='ltr'><strong>qui</strong></span> <span class='ocrx_word' id='word_1_40' title='bbox 393 819 504 882; x_wconf 88' lang='lat' dir='ltr'><strong>Graeci</strong></span> <span class='ocrx_word' id='word_1_41' title='bbox 527 823 682 884; x_wconf 88' lang='lat' dir='ltr'><strong>sermonis</strong></span> <span class='ocrx_word' id='word_1_42' title='bbox 704 820 875 884; x_wconf 79' lang='lat' dir='ltr'><strong>admodum</strong></span> <span class='ocrx_word' id='word_1_43' title='bbox 898 821 988 884; x_wconf 89' lang='lat' dir='ltr'><strong>rudis</strong></span> <span class='ocrx_word' id='word_1_44' title='bbox 1011 821 1080 884; x_wconf 87' lang='lat' dir='ltr'><strong>init.</strong></span> <span class='ocrx_word' id='word_1_45' title='bbox 1127 823 1166 882; x_wconf 89' lang='lat' dir='ltr'><strong>hl.</strong></span> <span class='ocrx_word' id='word_1_46' title='bbox 1193 821 1309 882; x_wconf 87' lang='lat' dir='ltr'><strong>Caesar</strong></span> <span class='ocrx_word' id='word_1_47' title='bbox 1337 821 1491 901; x_wconf 79' lang='lat' dir='ltr'><strong>scripsisse</strong></span> 
     </span>
     <span class='ocr_line' id='line_1_6' title="bbox 314 918 1491 1006; baseline -0.002 -22"><span class='ocrx_word' id='word_1_48' title='bbox 314 933 416 1004; x_wconf 86' lang='lat' dir='ltr'><strong>potest</strong></span> <span class='ocrx_word' id='word_1_49' title='bbox 444 919 561 986; x_wconf 77' lang='grc' dir='ltr'><strong>ἐνθένδ’</strong></span> <span class='ocrx_word' id='word_1_50' title='bbox 596 918 697 988; x_wconf 79' lang='grc' dir='ltr'>εἰκόνα</span> <span class='ocrx_word' id='word_1_51' title='bbox 725 927 870 1006; x_wconf 82' lang='grc' dir='ltr'>ποιῶμεν.</span> <span class='ocrx_word' id='word_1_52' title='bbox 925 944 998 986; x_wconf 86' lang='lat' dir='ltr'><strong>nam</strong></span> <span class='ocrx_word' id='word_1_53' title='bbox 1027 943 1067 986; x_wconf 82' lang='lat' dir='ltr'><strong>ne</strong></span> <span class='ocrx_word' id='word_1_54' title='bbox 1094 928 1235 1005; x_wconf 76' lang='grc' dir='ltr'>ποιοῦμεν</span> <span class='ocrx_word' id='word_1_55' title='bbox 1266 922 1397 1005; x_wconf 85' lang='lat' dir='ltr'><strong>quidem</strong></span> <span class='ocrx_word' id='word_1_56' title='bbox 1423 922 1491 984; x_wconf 80' lang='lat' dir='ltr'><strong>ferri</strong></span> 
     </span>
     <span class='ocr_line' id='line_1_7' title="bbox 315 1035 429 1108; baseline -0.009 -20"><span class='ocrx_word' id='word_1_57' title='bbox 315 1035 429 1108; x_wconf 87' lang='lat' dir='ltr'><strong>potest.</strong></span> 
     </span>
    </p>

    <p class='ocr_par' dir='ltr' id='par_1_4' title="bbox 312 1128 1495 3070">
     <span class='ocr_line' id='line_1_8' title="bbox 401 1128 1494 1213; baseline -0.002 -23"><span class='ocrx_word' id='word_1_58' title='bbox 401 1131 459 1210; x_wconf 89' lang='lat' dir='ltr'><strong>Ep.</strong></span> <span class='ocrx_word' id='word_1_59' title='bbox 485 1148 518 1190; x_wconf 94' lang='grc' dir='ltr'><strong>ιιι</strong></span> <span class='ocrx_word' id='word_1_60' title='bbox 544 1130 582 1191; x_wconf 77' lang='lat' dir='ltr'><strong>tt</strong></span> <span class='ocrx_word' id='word_1_61' title='bbox 613 1150 644 1209; x_wconf 92' lang='lat' dir='ltr'><strong>p.</strong></span> <span class='ocrx_word' id='word_1_62' title='bbox 671 1131 711 1190; x_wconf 84' lang='lat'><strong>59</strong></span> <span class='ocrx_word' id='word_1_63' title='bbox 735 1129 755 1213; x_wconf 70' lang='lat' dir='ltr'><em>s</em></span> <span class='ocrx_word' id='word_1_64' title='bbox 757 1131 798 1191; x_wconf 78' lang='grc'><strong>55</strong></span> <span class='ocrx_word' id='word_1_65' title='bbox 822 1133 860 1192; x_wconf 90' lang='grc' dir='ltr'><strong>Ν.</strong></span> <span class='ocrx_word' id='word_1_66' title='bbox 865 1128 885 1213; x_wconf 83' lang='lat'><em>]</em></span> <span class='ocrx_word' id='word_1_67' title='bbox 913 1130 1056 1193; x_wconf 87' lang='lat' dir='ltr'><strong>scribere</strong></span> <span class='ocrx_word' id='word_1_68' title='bbox 1084 1129 1249 1212; x_wconf 73' lang='lat' dir='ltr'><strong>oportebat</strong></span> <span class='ocrx_word' id='word_1_69' title='bbox 1276 1148 1371 1212; x_wconf 76' lang='lat' dir='ltr'><strong>acque</strong></span> <span class='ocrx_word' id='word_1_70' title='bbox 1398 1129 1494 1192; x_wconf 85' lang='lat' dir='ltr'><strong>decrat</strong></span> 
     </span>
     <span class='ocr_line' id='line_1_9' title="bbox 316 1231 1493 1317; baseline -0.002 -23"><span class='ocrx_word' id='word_1_71' title='bbox 316 1233 437 1296; x_wconf 81' lang='lat' dir='ltr'><strong>Socrati</strong></span> <span class='ocrx_word' id='word_1_72' title='bbox 461 1231 593 1313; x_wconf 77' lang='lat' dir='ltr'><strong>profecto</strong></span> <span class='ocrx_word' id='word_1_73' title='bbox 621 1235 760 1315; x_wconf 74' lang='lat' dir='ltr'><strong>pravitas</strong></span> <span class='ocrx_word' id='word_1_74' title='bbox 789 1242 843 1296; x_wconf 86' lang='lat' dir='ltr'><strong>out</strong></span> <span class='ocrx_word' id='word_1_75' title='bbox 871 1237 919 1296; x_wconf 84' lang='lat' dir='ltr'><strong>uis</strong></span> <span class='ocrx_word' id='word_1_76' title='bbox 949 1253 1063 1306; x_wconf 82' lang='grc' dir='ltr'>υνιιιτι</span> <span class='ocrx_word' id='word_1_77' title='bbox 1093 1236 1215 1315; x_wconf 69' lang='lat' dir='ltr'><strong>cynica</strong></span> <span class='ocrx_word' id='word_1_78' title='bbox 1244 1235 1389 1317; x_wconf 80' lang='lat' dir='ltr'><strong>Dthpcnes</strong></span> <span class='ocrx_word' id='word_1_79' title='bbox 1418 1233 1493 1314; x_wconf 83' lang='lat' dir='ltr'><strong>uotyo</strong></span> 
     </span>
     <span class='ocr_line' id='line_1_10' title="bbox 315 1334 1493 1419; baseline -0.002 -21"><span class='ocrx_word' id='word_1_80' title='bbox 315 1335 485 1398; x_wconf 81' lang='lat' dir='ltr'><em>saeviebat:</em></span> <span class='ocrx_word' id='word_1_81' title='bbox 508 1334 562 1398; x_wconf 83' lang='lat' dir='ltr'><strong>sed</strong></span> <span class='ocrx_word' id='word_1_82' title='bbox 584 1336 660 1398; x_wconf 85' lang='lat' dir='ltr'><strong>vidit</strong></span> <span class='ocrx_word' id='word_1_83' title='bbox 678 1335 812 1418; x_wconf 72' lang='lat' dir='ltr'><strong>profecto</strong></span> <span class='ocrx_word' id='word_1_84' title='bbox 831 1338 952 1419; x_wconf 77' lang='lat' dir='ltr'><strong>luponio</strong></span> <span class='ocrx_word' id='word_1_85' title='bbox 971 1339 1087 1417; x_wconf 87' lang='lat' dir='ltr'><strong>partim</strong></span> <span class='ocrx_word' id='word_1_86' title='bbox 1108 1336 1260 1398; x_wconf 82' lang='lat' dir='ltr'><strong>bominum</strong></span> <span class='ocrx_word' id='word_1_87' title='bbox 1282 1357 1319 1400; x_wconf 89' lang='lat' dir='ltr'><strong>oc</strong></span> <span class='ocrx_word' id='word_1_88' title='bbox 1337 1337 1493 1418; x_wconf 81' lang='lat' dir='ltr'><strong>praecipue</strong></span> 
     </span>
     <span class='ocr_line' id='line_1_11' title="bbox 315 1438 1495 1521; baseline -0.001 -21"><span class='ocrx_word' id='word_1_89' title='bbox 315 1439 551 1502; x_wconf 83' lang='lat' dir='ltr'><strong>adulescentium</strong></span> <span class='ocrx_word' id='word_1_90' title='bbox 571 1438 696 1519; x_wconf 77' lang='lat' dir='ltr'><strong>facilius</strong></span> <span class='ocrx_word' id='word_1_91' title='bbox 719 1441 806 1502; x_wconf 77' lang='grc' dir='ltr'>τουτί’</span> <span class='ocrx_word' id='word_1_92' title='bbox 816 1439 913 1521; x_wconf 72' lang='lat' dir='ltr'><strong>adpre</strong></span> <span class='ocrx_word' id='word_1_93' title='bbox 928 1438 1058 1520; x_wconf 76' lang='lat' dir='ltr'><strong>odsohiti</strong></span> <span class='ocrx_word' id='word_1_94' title='bbox 1070 1442 1206 1502; x_wconf 82' lang='lat' dir='ltr'><strong>oratioue</strong></span> <span class='ocrx_word' id='word_1_95' title='bbox 1220 1441 1314 1502; x_wconf 83' lang='lat' dir='ltr'><strong>leniri</strong></span> <span class='ocrx_word' id='word_1_96' title='bbox 1326 1457 1420 1520; x_wconf 79' lang='lat' dir='ltr'><strong>prtum</strong></span> <span class='ocrx_word' id='word_1_97' title='bbox 1437 1439 1495 1500; x_wconf 85' lang='lat' dir='ltr'><strong>ocri</strong></span> 
     </span>
     <span class='ocr_line' id='line_1_12' title="bbox 315 1541 1493 1623; baseline -0.002 -19"><span class='ocrx_word' id='word_1_98' title='bbox 315 1544 502 1622; x_wconf 72' lang='lat' dir='ltr'><strong>violentoque</strong></span> <span class='ocrx_word' id='word_1_99' title='bbox 524 1544 679 1623; x_wconf 73' lang='lat' dir='ltr'><strong>superori.</strong></span> <span class='ocrx_word' id='word_1_100' title='bbox 727 1542 911 1604; x_wconf 87' lang='lat' dir='ltr'><strong>membrana</strong></span> <span class='ocrx_word' id='word_1_101' title='bbox 927 1549 1072 1623; x_wconf 79' lang='lat' dir='ltr'><strong>quantum</strong></span> <span class='ocrx_word' id='word_1_102' title='bbox 1087 1541 1197 1622; x_wconf 81' lang='lat' dir='ltr'><strong>habet,</strong></span> <span class='ocrx_word' id='word_1_103' title='bbox 1223 1542 1281 1606; x_wconf 86' lang='lat' dir='ltr'><strong>sed</strong></span> <span class='ocrx_word' id='word_1_104' title='bbox 1304 1545 1337 1604; x_wconf 93' lang='lat' dir='ltr'><strong>in</strong></span> <span class='ocrx_word' id='word_1_105' title='bbox 1359 1543 1493 1623; x_wconf 77' lang='lat' dir='ltr'><strong>margine</strong></span> 
     </span>
     <span class='ocr_line' id='line_1_13' title="bbox 316 1644 1493 1726; baseline 0 -20"><span class='ocrx_word' id='word_1_106' title='bbox 316 1647 348 1706; x_wconf 83' lang='grc' dir='ltr'><strong>ιἰι</strong></span> <span class='ocrx_word' id='word_1_107' title='bbox 371 1647 430 1708; x_wconf 85' lang='lat' dir='ltr'><strong>olio</strong></span> <span class='ocrx_word' id='word_1_108' title='bbox 453 1652 607 1726; x_wconf 83' lang='lat' dir='ltr'><strong>qttoutom.</strong></span> <span class='ocrx_word' id='word_1_109' title='bbox 655 1644 773 1706; x_wconf 88' lang='lat' dir='ltr'><strong>deinde</strong></span> <span class='ocrx_word' id='word_1_110' title='bbox 797 1646 931 1708; x_wconf 88' lang='lat' dir='ltr'><strong>alterum</strong></span> <span class='ocrx_word' id='word_1_111' title='bbox 951 1644 1084 1726; x_wconf 84' lang='lat' dir='ltr'><strong>prosecta</strong></span> <span class='ocrx_word' id='word_1_112' title='bbox 1110 1656 1164 1708; x_wconf 92' lang='lat' dir='ltr'><strong>aut</strong></span> <span class='ocrx_word' id='word_1_113' title='bbox 1186 1646 1336 1708; x_wconf 90' lang='lat' dir='ltr'><strong>librarius</strong></span> <span class='ocrx_word' id='word_1_114' title='bbox 1358 1655 1414 1706; x_wconf 91' lang='lat' dir='ltr'><strong>ant</strong></span> <span class='ocrx_word' id='word_1_115' title='bbox 1435 1646 1493 1725; x_wconf 89' lang='lat' dir='ltr'><strong>ipse</strong></span> 
     </span>
     <span class='ocr_line' id='line_1_14' title="bbox 314 1745 1493 1824; baseline 0 -16"><span class='ocrx_word' id='word_1_116' title='bbox 314 1750 427 1810; x_wconf 80' lang='lat' dir='ltr'><strong>Fronto</strong></span> <span class='ocrx_word' id='word_1_117' title='bbox 450 1748 564 1810; x_wconf 88' lang='lat' dir='ltr'><strong>melius</strong></span> <span class='ocrx_word' id='word_1_118' title='bbox 586 1749 753 1810; x_wconf 85' lang='lat' dir='ltr'><strong>omisisset.</strong></span> <span class='ocrx_word' id='word_1_119' title='bbox 801 1757 893 1809; x_wconf 90' lang='lat' dir='ltr'><strong>antea</strong></span> <span class='ocrx_word' id='word_1_120' title='bbox 917 1747 1104 1810; x_wconf 77' lang='lat' dir='ltr'><strong>desperate</strong></span> <span class='ocrx_word' id='word_1_121' title='bbox 1129 1751 1206 1810; x_wconf 88' lang='lat' dir='ltr'><strong>haec</strong></span> <span class='ocrx_word' id='word_1_122' title='bbox 1227 1747 1395 1824; x_wconf 85' lang='lat' dir='ltr'><strong>dicuntur,</strong></span> <span class='ocrx_word' id='word_1_123' title='bbox 1422 1745 1493 1809; x_wconf 76' lang='lat' dir='ltr'><strong>Ata·-</strong></span> 
     </span>
     <span class='ocr_line' id='line_1_15' title="bbox 315 1851 1493 1934; baseline 0 -22"><span class='ocrx_word' id='word_1_124' title='bbox 315 1851 423 1913; x_wconf 85' lang='lat' dir='ltr'><strong>biodea</strong></span> <span class='ocrx_word' id='word_1_125' title='bbox 451 1869 522 1912; x_wconf 83' lang='lat' dir='ltr'><strong>varo</strong></span> <span class='ocrx_word' id='word_1_126' title='bbox 552 1859 721 1932; x_wconf 83' lang='lat' dir='ltr'><strong>ceterosque</strong></span> <span class='ocrx_word' id='word_1_127' title='bbox 749 1851 950 1912; x_wconf 82' lang='lat' dir='ltr'><strong>odttlesceutis</strong></span> <span class='ocrx_word' id='word_1_128' title='bbox 977 1869 1086 1934; x_wconf 72' lang='lat' dir='ltr'><strong>pectere</strong></span> <span class='ocrx_word' id='word_1_129' title='bbox 1113 1860 1167 1912; x_wconf 84' lang='lat' dir='ltr'><strong>aut</strong></span> <span class='ocrx_word' id='word_1_130' title='bbox 1190 1851 1295 1933; x_wconf 74' lang='lat' dir='ltr'><strong>[ormo</strong></span> <span class='ocrx_word' id='word_1_131' title='bbox 1322 1859 1377 1913; x_wconf 85' lang='lat' dir='ltr'><strong>aut</strong></span> <span class='ocrx_word' id='word_1_132' title='bbox 1399 1851 1493 1933; x_wconf 82' lang='lat' dir='ltr'><strong>opibtu</strong></span> 
     </span>
     <span class='ocr_line' id='line_1_16' title="bbox 312 1953 1492 2036; baseline -0.002 -20"><span class='ocrx_word' id='word_1_133' title='bbox 312 1953 428 2035; x_wconf 84' lang='lat' dir='ltr'><strong>seroces</strong></span> <span class='ocrx_word' id='word_1_134' title='bbox 451 1973 507 2035; x_wconf 84' lang='grc' dir='ltr'>ριιυ</span> <span class='ocrx_word' id='word_1_135' title='bbox 527 1962 615 2034; x_wconf 85' lang='lat' dir='ltr'><strong>pacto</strong></span> <span class='ocrx_word' id='word_1_136' title='bbox 637 1954 794 2035; x_wconf 87' lang='lat' dir='ltr'><strong>appellare</strong></span> <span class='ocrx_word' id='word_1_137' title='bbox 816 1954 914 2035; x_wconf 85' lang='lat' dir='ltr'><strong>adque</strong></span> <span class='ocrx_word' id='word_1_138' title='bbox 937 1953 1045 2035; x_wconf 75' lang='lat' dir='ltr'><strong>adfari</strong></span> <span class='ocrx_word' id='word_1_139' title='bbox 1064 1953 1198 2016; x_wconf 80' lang='lat' dir='ltr'><strong>talebot?</strong></span> <span class='ocrx_word' id='word_1_140' title='bbox 1231 1973 1289 2035; x_wconf 87' lang='lat' dir='ltr'><strong>per</strong></span> <span class='ocrx_word' id='word_1_141' title='bbox 1312 1955 1492 2036; x_wconf 69' lang='lat' dir='ltr'><strong>turpiniaco</strong></span> 
     </span>
     <span class='ocr_line' id='line_1_17' title="bbox 312 2054 1494 2139; baseline -0.002 -19"><span class='ocrx_word' id='word_1_142' title='bbox 312 2076 370 2139; x_wconf 83' lang='lat' dir='ltr'><strong>per</strong></span> <span class='ocrx_word' id='word_1_143' title='bbox 398 2054 555 2120; x_wconf 72' lang='grc' dir='ltr'>πολιτίανί</span> <span class='ocrx_word' id='word_1_144' title='bbox 599 2057 816 2139; x_wconf 68' lang='lat' dir='ltr'><strong>exprobrando</strong></span> <span class='ocrx_word' id='word_1_145' title='bbox 845 2059 959 2118; x_wconf 84' lang='lat' dir='ltr'><strong>acriter</strong></span> <span class='ocrx_word' id='word_1_146' title='bbox 987 2075 1064 2137; x_wconf 78' lang='grc' dir='ltr'>ριιυυ</span> <span class='ocrx_word' id='word_1_147' title='bbox 1092 2056 1299 2138; x_wconf 74' lang='lat' dir='ltr'><strong>delinquerent</strong></span> <span class='ocrx_word' id='word_1_148' title='bbox 1326 2075 1366 2118; x_wconf 82' lang='lat' dir='ltr'><strong>aa</strong></span> <span class='ocrx_word' id='word_1_149' title='bbox 1397 2058 1494 2119; x_wconf 80' lang='lat' dir='ltr'><strong>leuiter</strong></span> 
     </span>
     <span class='ocr_line' id='line_1_18' title="bbox 315 2157 1492 2244; baseline -0.001 -23"><span class='ocrx_word' id='word_1_150' title='bbox 315 2161 493 2243; x_wconf 81' lang='lat' dir='ltr'><strong>urpueudol</strong></span> <span class='ocrx_word' id='word_1_151' title='bbox 536 2161 647 2222; x_wconf 86' lang='lat' dir='ltr'><strong>Orellii</strong></span> <span class='ocrx_word' id='word_1_152' title='bbox 677 2161 815 2242; x_wconf 89' lang='lat' dir='ltr'><strong>suspicio</strong></span> <span class='ocrx_word' id='word_1_153' title='bbox 845 2169 894 2221; x_wconf 89' lang='lat' dir='ltr'><strong>est</strong></span> <span class='ocrx_word' id='word_1_154' title='bbox 923 2159 1130 2222; x_wconf 87' lang='lat' dir='ltr'><strong>scribendum</strong></span> <span class='ocrx_word' id='word_1_155' title='bbox 1153 2179 1222 2222; x_wconf 86' lang='lat' dir='ltr'><strong>esse</strong></span> <span class='ocrx_word' id='word_1_156' title='bbox 1248 2157 1400 2244; x_wconf 76' lang='grc' dir='ltr'>γοητείαν.</span> <span class='ocrx_word' id='word_1_157' title='bbox 1444 2158 1492 2222; x_wconf 89' lang='lat' dir='ltr'><strong>sed</strong></span> 
     </span>
     <span class='ocr_line' id='line_1_19' title="bbox 314 2262 1489 2344; baseline -0.002 -18"><span class='ocrx_word' id='word_1_158' title='bbox 314 2262 448 2327; x_wconf 88' lang='grc' dir='ltr'>πολιτίαν</span> <span class='ocrx_word' id='word_1_159' title='bbox 478 2265 557 2326; x_wconf 93' lang='lat' dir='ltr'><strong>nihil</strong></span> <span class='ocrx_word' id='word_1_160' title='bbox 585 2262 672 2326; x_wconf 89' lang='lat' dir='ltr'><strong>aliud</strong></span> <span class='ocrx_word' id='word_1_161' title='bbox 703 2272 751 2325; x_wconf 88' lang='lat' dir='ltr'><strong>est</strong></span> <span class='ocrx_word' id='word_1_162' title='bbox 778 2281 873 2343; x_wconf 91' lang='lat' dir='ltr'><strong>quam</strong></span> <span class='ocrx_word' id='word_1_163' title='bbox 901 2263 1123 2343; x_wconf 81' lang='lat' dir='ltr'><strong>neglegentius</strong></span> <span class='ocrx_word' id='word_1_164' title='bbox 1155 2263 1307 2344; x_wconf 87' lang='lat' dir='ltr'><strong>scripturn</strong></span> <span class='ocrx_word' id='word_1_165' title='bbox 1335 2262 1489 2340; x_wconf 78' lang='grc' dir='ltr'><strong>πολιτείαν,</strong></span> 
     </span>
     <span class='ocr_line' id='line_1_20' title="bbox 316 2365 1492 2447; baseline 0 -19"><span class='ocrx_word' id='word_1_166' title='bbox 316 2387 393 2428; x_wconf 90' lang='lat' dir='ltr'><strong>usus</strong></span> <span class='ocrx_word' id='word_1_167' title='bbox 420 2376 524 2430; x_wconf 90' lang='lat' dir='ltr'><strong>autem</strong></span> <span class='ocrx_word' id='word_1_168' title='bbox 555 2368 625 2429; x_wconf 90' lang='lat' dir='ltr'><strong>eius</strong></span> <span class='ocrx_word' id='word_1_169' title='bbox 647 2365 792 2428; x_wconf 76' lang='lat' dir='ltr'><strong>vocabuli</strong></span> <span class='ocrx_word' id='word_1_170' title='bbox 821 2367 897 2428; x_wconf 87' lang='lat' dir='ltr'><strong>satis</strong></span> <span class='ocrx_word' id='word_1_171' title='bbox 927 2365 1140 2428; x_wconf 89' lang='lat' dir='ltr'><strong>memorabilis</strong></span> <span class='ocrx_word' id='word_1_172' title='bbox 1163 2376 1222 2429; x_wconf 90' lang='lat' dir='ltr'><strong>est.</strong></span> <span class='ocrx_word' id='word_1_173' title='bbox 1268 2368 1424 2447; x_wconf 80' lang='lat' dir='ltr'><strong>significat</strong></span> <span class='ocrx_word' id='word_1_174' title='bbox 1445 2386 1492 2430; x_wconf 92' lang='lat' dir='ltr'><strong>ur-</strong></span> 
     </span>
     <span class='ocr_line' id='line_1_21' title="bbox 316 2468 1491 2551; baseline 0.001 -20"><span class='ocrx_word' id='word_1_175' title='bbox 316 2469 490 2532; x_wconf 86' lang='lat' dir='ltr'><strong>banitatem</strong></span> <span class='ocrx_word' id='word_1_176' title='bbox 520 2479 551 2532; x_wconf 92' lang='lat' dir='ltr'><strong>et</strong></span> <span class='ocrx_word' id='word_1_177' title='bbox 580 2470 763 2534; x_wconf 80' lang='lat' dir='ltr'><strong>facetiarum</strong></span> <span class='ocrx_word' id='word_1_178' title='bbox 792 2469 943 2550; x_wconf 87' lang='lat' dir='ltr'><strong>leporem.</strong></span> <span class='ocrx_word' id='word_1_179' title='bbox 991 2468 1076 2551; x_wconf 90' lang='lat' dir='ltr'><strong>quod</strong></span> <span class='ocrx_word' id='word_1_180' title='bbox 1105 2471 1250 2550; x_wconf 88' lang='lat' dir='ltr'><strong>quamvis</strong></span> <span class='ocrx_word' id='word_1_181' title='bbox 1273 2470 1412 2534; x_wconf 89' lang='lat' dir='ltr'><strong>insolens</strong></span> <span class='ocrx_word' id='word_1_182' title='bbox 1432 2489 1491 2533; x_wconf 86' lang='lat' dir='ltr'><strong>esse</strong></span> 
     </span>
     <span class='ocr_line' id='line_1_22' title="bbox 317 2571 1489 2651; baseline 0 -19"><span class='ocrx_word' id='word_1_183' title='bbox 317 2571 447 2634; x_wconf 82' lang='lat' dir='ltr'><strong>fortasse</strong></span> <span class='ocrx_word' id='word_1_184' title='bbox 463 2573 626 2651; x_wconf 86' lang='lat' dir='ltr'><strong>videatur,</strong></span> <span class='ocrx_word' id='word_1_185' title='bbox 652 2591 715 2635; x_wconf 93' lang='lat' dir='ltr'><strong>non</strong></span> <span class='ocrx_word' id='word_1_186' title='bbox 739 2572 828 2634; x_wconf 85' lang='lat' dir='ltr'><strong>deest</strong></span> <span class='ocrx_word' id='word_1_187' title='bbox 843 2581 949 2633; x_wconf 90' lang='lat' dir='ltr'><strong>tamen</strong></span> <span class='ocrx_word' id='word_1_188' title='bbox 972 2571 1105 2634; x_wconf 89' lang='lat' dir='ltr'><strong>aliarum</strong></span> <span class='ocrx_word' id='word_1_189' title='bbox 1124 2571 1299 2636; x_wconf 81' lang='lat' dir='ltr'><strong>dictionum</strong></span> <span class='ocrx_word' id='word_1_190' title='bbox 1315 2573 1489 2636; x_wconf 85' lang='lat' dir='ltr'><strong>similitudo.</strong></span> 
     </span>
     <span class='ocr_line' id='line_1_23' title="bbox 315 2667 1491 2757; baseline -0.002 -19"><span class='ocrx_word' id='word_1_191' title='bbox 315 2695 389 2738; x_wconf 89' lang='lat' dir='ltr'><strong>nam</strong></span> <span class='ocrx_word' id='word_1_192' title='bbox 412 2675 575 2757; x_wconf 82' lang='lat' dir='ltr'><strong>Polybium</strong></span> <span class='ocrx_word' id='word_1_193' title='bbox 607 2677 650 2736; x_wconf 90' lang='lat' dir='ltr'><strong>ita</strong></span> <span class='ocrx_word' id='word_1_194' title='bbox 677 2667 828 2740; x_wconf 86' lang='grc' dir='ltr'>πολιτικόν</span> <span class='ocrx_word' id='word_1_195' title='bbox 857 2685 889 2736; x_wconf 89' lang='lat' dir='ltr'><strong>et</strong></span> <span class='ocrx_word' id='word_1_196' title='bbox 914 2678 1072 2746; x_wconf 80' lang='grc' dir='ltr'>πολιτικῶς</span> <span class='ocrx_word' id='word_1_197' title='bbox 1101 2695 1164 2738; x_wconf 89' lang='lat' dir='ltr'><strong>non</strong></span> <span class='ocrx_word' id='word_1_198' title='bbox 1187 2695 1361 2757; x_wconf 91' lang='lat' dir='ltr'><strong>numquam</strong></span> <span class='ocrx_word' id='word_1_199' title='bbox 1384 2677 1491 2738; x_wconf 76' lang='lat' dir='ltr'><strong>dixisse</strong></span> 
     </span>
     <span class='ocr_line' id='line_1_24' title="bbox 316 2777 1491 2863; baseline -0.002 -21"><span class='ocrx_word' id='word_1_200' title='bbox 316 2779 638 2859; x_wconf 80' lang='lat' dir='ltr'><strong>Schweighaeuserus</strong></span> <span class='ocrx_word' id='word_1_201' title='bbox 662 2780 693 2840; x_wconf 93' lang='lat' dir='ltr'><strong>in</strong></span> <span class='ocrx_word' id='word_1_202' title='bbox 717 2780 817 2841; x_wconf 85' lang='lat' dir='ltr'><strong>lexico</strong></span> <span class='ocrx_word' id='word_1_203' title='bbox 840 2777 1018 2858; x_wconf 87' lang='lat' dir='ltr'><strong>adnotavit,</strong></span> <span class='ocrx_word' id='word_1_204' title='bbox 1052 2779 1150 2841; x_wconf 86' lang='lat' dir='ltr'><strong>veluti</strong></span> <span class='ocrx_word' id='word_1_205' title='bbox 1173 2798 1241 2840; x_wconf 83' lang='lat' dir='ltr'><strong>xnrr</strong></span> <span class='ocrx_word' id='word_1_206' title='bbox 1263 2780 1282 2838; x_wconf 82' lang='lat'>5</span> <span class='ocrx_word' id='word_1_207' title='bbox 1306 2779 1338 2841; x_wconf 78' lang='grc' dir='ltr'><strong>ἐν</strong></span> <span class='ocrx_word' id='word_1_208' title='bbox 1362 2777 1414 2863; x_wconf 78' lang='grc' dir='ltr'><strong>μὲν</strong></span> <span class='ocrx_word' id='word_1_209' title='bbox 1434 2780 1491 2848; x_wconf 87' lang='grc' dir='ltr'>τοῖς</span> 
     </span>
     <span class='ocr_line' id='line_1_25' title="bbox 316 2871 1492 2967; baseline 0 -22"><span class='ocrx_word' id='word_1_210' title='bbox 316 2875 447 2964; x_wconf 76' lang='grc' dir='ltr'>ὁμιλίαις</span> <span class='ocrx_word' id='word_1_211' title='bbox 476 2871 600 2967; x_wconf 76' lang='grc' dir='ltr'>εὔχαρις</span> <span class='ocrx_word' id='word_1_212' title='bbox 622 2877 674 2944; x_wconf 85' lang='grc' dir='ltr'><strong>καί</strong></span> <span class='ocrx_word' id='word_1_213' title='bbox 696 2876 854 2967; x_wconf 84' lang='grc' dir='ltr'>πρόχειρος</span> <span class='ocrx_word' id='word_1_214' title='bbox 876 2871 932 2964; x_wconf 75' lang='grc' dir='ltr'><strong>ἦν,</strong></span> <span class='ocrx_word' id='word_1_215' title='bbox 960 2875 1044 2967; x_wconf 82' lang='grc' dir='ltr'>παρά</span> <span class='ocrx_word' id='word_1_216' title='bbox 1070 2904 1103 2945; x_wconf 81' lang='grc' dir='ltr'>τι</span> <span class='ocrx_word' id='word_1_217' title='bbox 1131 2876 1182 2954; x_wconf 80' lang='grc' dir='ltr'>τὰς</span> <span class='ocrx_word' id='word_1_218' title='bbox 1211 2881 1368 2954; x_wconf 77' lang='grc' dir='ltr'>συνουσίας</span> <span class='ocrx_word' id='word_1_219' title='bbox 1396 2876 1492 2967; x_wconf 73' lang='lat' dir='ltr'><strong>abepi-</strong></span> 
     </span>
     <span class='ocr_line' id='line_1_26' title="bbox 315 2976 1491 3070; baseline -0.001 -23"><span class='ocrx_word' id='word_1_220' title='bbox 315 2986 404 3056; x_wconf 86' lang='grc' dir='ltr'>πελος</span> <span class='ocrx_word' id='word_1_221' title='bbox 426 2979 477 3047; x_wconf 87' lang='grc' dir='ltr'><strong>καί</strong></span> <span class='ocrx_word' id='word_1_222' title='bbox 498 2978 666 3062; x_wconf 84' lang='grc' dir='ltr'>πολιτικός,</span> <span class='ocrx_word' id='word_1_223' title='bbox 695 2976 760 3068; x_wconf 73' lang='grc' dir='ltr'><strong>ἅμα</strong></span> <span class='ocrx_word' id='word_1_224' title='bbox 784 2981 817 3048; x_wconf 84' lang='grc' dir='ltr'><strong>δὲ</strong></span> <span class='ocrx_word' id='word_1_225' title='bbox 838 2978 952 3056; x_wconf 75' lang='grc' dir='ltr'>τούτοις</span> <span class='ocrx_word' id='word_1_226' title='bbox 974 2983 1163 3070; x_wconf 78' lang='grc' dir='ltr'>ριλέραστος.</span> <span class='ocrx_word' id='word_1_227' title='bbox 1209 3004 1280 3046; x_wconf 82' lang='grc' dir='ltr'><strong>ιιιιιι</strong></span> <span class='ocrx_word' id='word_1_228' title='bbox 1305 2988 1340 3047; x_wconf 73' lang='lat' dir='ltr'><strong>hi</strong></span> <span class='ocrx_word' id='word_1_229' title='bbox 1367 2989 1425 3050; x_wconf 78' lang='grc' dir='ltr'>τῶν</span> <span class='ocrx_word' id='word_1_230' title='bbox 1447 2981 1491 3068; x_wconf 87' lang='grc' dir='ltr'><strong>μὲν</strong></span> 
     </span>
    </p>

    <p class='ocr_par' dir='ltr' id='par_1_5' title="bbox 291 3077 1582 3270">
     <span class='ocr_line' id='line_1_27' title="bbox 291 3077 1582 3174; baseline -0.005 -21"><span class='ocrx_word' id='word_1_231' title='bbox 291 3082 419 3172; x_wconf 81' lang='grc' dir='ltr'>ιιπράυις</span> <span class='ocrx_word' id='word_1_232' title='bbox 442 3083 493 3151; x_wconf 84' lang='grc' dir='ltr'><strong>καί</strong></span> <span class='ocrx_word' id='word_1_233' title='bbox 514 3088 673 3159; x_wconf 81' lang='grc' dir='ltr'>πολιτικῶς</span> <span class='ocrx_word' id='word_1_234' title='bbox 697 3081 973 3172; x_wconf 82' lang='grc' dir='ltr'>μεμψιμοιρυιίντιυν</span> <span class='ocrx_word' id='word_1_235' title='bbox 997 3082 1114 3166; x_wconf 87' lang='grc' dir='ltr'>αιίτοῖς,</span> <span class='ocrx_word' id='word_1_236' title='bbox 1131 3123 1174 3134; x_wconf 93' lang='lat'>-</span> <span class='ocrx_word' id='word_1_237' title='bbox 1195 3090 1254 3152; x_wconf 84' lang='grc' dir='ltr'>τῶν</span> <span class='ocrx_word' id='word_1_238' title='bbox 1274 3077 1315 3152; x_wconf 81' lang='grc' dir='ltr'><strong>δὲΙ</strong></span> <span class='ocrx_word' id='word_1_239' title='bbox 1332 3083 1491 3174; x_wconf 83' lang='grc' dir='ltr'>λοιδοροιίν-</span> <span class='ocrx_word' id='word_1_240' title='bbox 1581 3129 1582 3146; x_wconf 75' lang='lat'><strong>.</strong></span> 
     </span>
     <span class='ocr_line' id='line_1_28' title="bbox 315 3173 1582 3270; baseline -0.007 -15"><span class='ocrx_word' id='word_1_241' title='bbox 315 3215 386 3255; x_wconf 87' lang='grc' dir='ltr'>των.</span> <span class='ocrx_word' id='word_1_242' title='bbox 441 3191 553 3254; x_wconf 86' lang='lat' dir='ltr'><strong>codem</strong></span> <span class='ocrx_word' id='word_1_243' title='bbox 582 3189 672 3252; x_wconf 89' lang='lat' dir='ltr'><strong>modo</strong></span> <span class='ocrx_word' id='word_1_244' title='bbox 700 3191 794 3252; x_wconf 90' lang='lat' dir='ltr'><strong>locuti</strong></span> <span class='ocrx_word' id='word_1_245' title='bbox 823 3200 896 3254; x_wconf 88' lang='lat' dir='ltr'><strong>sunt</strong></span> <span class='ocrx_word' id='word_1_246' title='bbox 925 3209 997 3252; x_wconf 87' lang='lat' dir='ltr'><strong>cum</strong></span> <span class='ocrx_word' id='word_1_247' title='bbox 1023 3190 1095 3270; x_wconf 83' lang='lat' dir='ltr'><strong>alii,</strong></span> <span class='ocrx_word' id='word_1_248' title='bbox 1132 3191 1229 3255; x_wconf 87' lang='lat' dir='ltr'><strong>veluti</strong></span> <span class='ocrx_word' id='word_1_249' title='bbox 1261 3191 1441 3254; x_wconf 85' lang='lat' dir='ltr'><strong>Plutarchus</strong></span> <span class='ocrx_word' id='word_1_250' title='bbox 1466 3200 1493 3252; x_wconf 84' lang='lat' dir='ltr'><strong>et</strong></span> <span class='ocrx_word' id='word_1_251' title='bbox 1581 3173 1582 3246; x_wconf 72' lang='grc' dir='ltr'>ί</span> 
     </span>
    </p>
   </div>
   <div class='ocr_carea' id='block_1_4' title="bbox 317 3292 1582 3376">
    <p class='ocr_par' dir='ltr' id='par_1_6' title="bbox 317 3292 1582 3376">
     <span class='ocr_line' id='line_1_29' title="bbox 317 3292 1582 3376; baseline -0.006 -20"><span class='ocrx_word' id='word_1_252' title='bbox 317 3296 493 3375; x_wconf 54' lang='lat' dir='ltr'><strong>Longinum</strong></span> <span class='ocrx_word' id='word_1_253' title='bbox 528 3294 569 3356; x_wconf 86' lang='lat' dir='ltr'><strong>de</strong></span> <span class='ocrx_word' id='word_1_254' title='bbox 599 3292 716 3374; x_wconf 89' lang='lat' dir='ltr'><strong>quibus</strong></span> <span class='ocrx_word' id='word_1_255' title='bbox 745 3292 826 3354; x_wconf 79' lang='lat' dir='ltr'><strong>dixit</strong></span> <span class='ocrx_word' id='word_1_256' title='bbox 854 3294 1064 3356; x_wconf 86' lang='lat' dir='ltr'><strong>Ruhnkenius</strong></span> <span class='ocrx_word' id='word_1_257' title='bbox 1092 3293 1166 3356; x_wconf 86' lang='lat' dir='ltr'><strong>adn.</strong></span> <span class='ocrx_word' id='word_1_258' title='bbox 1198 3295 1231 3355; x_wconf 93' lang='lat' dir='ltr'><strong>in</strong></span> <span class='ocrx_word' id='word_1_259' title='bbox 1261 3297 1431 3376; x_wconf 75' lang='lat' dir='ltr'><strong>Longinum</strong></span> <span class='ocrx_word' id='word_1_260' title='bbox 1457 3293 1491 3354; x_wconf 88' lang='lat' dir='ltr'><strong>de</strong></span> <span class='ocrx_word' id='word_1_261' title='bbox 1581 3297 1582 3348; x_wconf 86' lang='lat' dir='ltr'><strong>t</strong></span> 
     </span>
    </p>
   </div>
   <div class='ocr_carea' id='block_1_5' title="bbox 276 3392 1582 4489">
    <p class='ocr_par' dir='ltr' id='par_1_7' title="bbox 316 3392 1582 4204">
     <span class='ocr_line' id='line_1_30' title="bbox 317 3392 1489 3478; baseline 0 -20"><span class='ocrx_word' id='word_1_262' title='bbox 317 3397 401 3461; x_wconf 88' lang='lat' dir='ltr'><strong>subl.</strong></span> <span class='ocrx_word' id='word_1_263' title='bbox 426 3398 465 3458; x_wconf 83' lang='lat' dir='ltr'><strong>at</strong></span> <span class='ocrx_word' id='word_1_264' title='bbox 491 3399 527 3476; x_wconf 75' lang='lat'><strong>2,</strong></span> <span class='ocrx_word' id='word_1_265' title='bbox 561 3407 626 3458; x_wconf 88' lang='lat' dir='ltr'><strong>tum</strong></span> <span class='ocrx_word' id='word_1_266' title='bbox 650 3395 892 3477; x_wconf 82' lang='lat' dir='ltr'><strong>olympiodorus</strong></span> <span class='ocrx_word' id='word_1_267' title='bbox 921 3395 1006 3475; x_wconf 91' lang='lat' dir='ltr'><strong>apud</strong></span> <span class='ocrx_word' id='word_1_268' title='bbox 1030 3396 1170 3459; x_wconf 86' lang='lat' dir='ltr'><strong>Photium</strong></span> <span class='ocrx_word' id='word_1_269' title='bbox 1201 3417 1233 3478; x_wconf 92' lang='lat' dir='ltr'><strong>p.</strong></span> <span class='ocrx_word' id='word_1_270' title='bbox 1260 3392 1323 3458; x_wconf 61' lang='lat'><strong>59»</strong></span> <span class='ocrx_word' id='word_1_271' title='bbox 1346 3401 1362 3459; x_wconf 89' lang='lat' dir='ltr'><strong>t</strong></span> <span class='ocrx_word' id='word_1_272' title='bbox 1387 3399 1489 3472; x_wconf 69' lang='lat' dir='ltr'><strong>nens,</strong></span> 
     </span>
     <span class='ocr_line' id='line_1_31' title="bbox 316 3489 1490 3585; baseline 0 -23"><span class='ocrx_word' id='word_1_273' title='bbox 316 3489 354 3583; x_wconf 76' lang='grc' dir='ltr'><strong>ἧν</strong></span> <span class='ocrx_word' id='word_1_274' title='bbox 378 3496 411 3562; x_wconf 85' lang='grc' dir='ltr'><strong>δὲ</strong></span> <span class='ocrx_word' id='word_1_275' title='bbox 434 3492 640 3570; x_wconf 85' lang='grc' dir='ltr'>Κωνστοίντιυς</span> <span class='ocrx_word' id='word_1_276' title='bbox 662 3498 694 3561; x_wconf 79' lang='grc' dir='ltr'><strong>ἐν</strong></span> <span class='ocrx_word' id='word_1_277' title='bbox 718 3496 771 3582; x_wconf 85' lang='grc' dir='ltr'><strong>μὲν</strong></span> <span class='ocrx_word' id='word_1_278' title='bbox 793 3498 858 3570; x_wconf 85' lang='grc' dir='ltr'>ταῖς</span> <span class='ocrx_word' id='word_1_279' title='bbox 880 3492 1018 3583; x_wconf 84' lang='grc' dir='ltr'>προόδοις</span> <span class='ocrx_word' id='word_1_280' title='bbox 1040 3495 1178 3584; x_wconf 78' lang='grc' dir='ltr'>καπρφής</span> <span class='ocrx_word' id='word_1_281' title='bbox 1199 3497 1250 3562; x_wconf 83' lang='grc' dir='ltr'><strong>καὶ</strong></span> <span class='ocrx_word' id='word_1_282' title='bbox 1273 3493 1442 3585; x_wconf 76' lang='grc' dir='ltr'>σκυθρωπός</span> <span class='ocrx_word' id='word_1_283' title='bbox 1458 3532 1490 3544; x_wconf 93' lang='grc'>-</span> 
     </span>
     <span class='ocr_line' id='line_1_32' title="bbox 316 3595 1582 3687; baseline -0.003 -22"><span class='ocrx_word' id='word_1_284' title='bbox 316 3601 348 3665; x_wconf 83' lang='grc' dir='ltr'><strong>ἐν</strong></span> <span class='ocrx_word' id='word_1_285' title='bbox 372 3599 406 3665; x_wconf 77' lang='grc' dir='ltr'><strong>δὲ</strong></span> <span class='ocrx_word' id='word_1_286' title='bbox 428 3599 557 3673; x_wconf 82' lang='grc' dir='ltr'>δείπνοις</span> <span class='ocrx_word' id='word_1_287' title='bbox 580 3598 631 3666; x_wconf 88' lang='grc' dir='ltr'><strong>καί</strong></span> <span class='ocrx_word' id='word_1_288' title='bbox 653 3600 827 3684; x_wconf 88' lang='grc' dir='ltr'>συμποσίοις</span> <span class='ocrx_word' id='word_1_289' title='bbox 848 3596 971 3686; x_wconf 81' lang='grc' dir='ltr'>τερπνὸς</span> <span class='ocrx_word' id='word_1_290' title='bbox 992 3599 1044 3665; x_wconf 85' lang='grc' dir='ltr'><strong>καί</strong></span> <span class='ocrx_word' id='word_1_291' title='bbox 1066 3595 1236 3681; x_wconf 84' lang='grc' dir='ltr'>πυλιτικιίς,</span> <span class='ocrx_word' id='word_1_292' title='bbox 1261 3597 1302 3675; x_wconf 85' lang='grc' dir='ltr'><strong>ὡς</strong></span> <span class='ocrx_word' id='word_1_293' title='bbox 1324 3601 1375 3667; x_wconf 83' lang='grc' dir='ltr'><strong>καὶ</strong></span> <span class='ocrx_word' id='word_1_294' title='bbox 1395 3600 1490 3687; x_wconf 74' lang='grc' dir='ltr'>ἐρίζειν</span> <span class='ocrx_word' id='word_1_295' title='bbox 1581 3635 1582 3642; x_wconf 40' lang='grc' dir='ltr'>ι</span> 
     </span>
     <span class='ocr_line' id='line_1_33' title="bbox 316 3699 1491 3790; baseline -0.004 -22"><span class='ocrx_word' id='word_1_296' title='bbox 316 3703 378 3777; x_wconf 88' lang='grc' dir='ltr'>τοῖς</span> <span class='ocrx_word' id='word_1_297' title='bbox 406 3703 505 3790; x_wconf 87' lang='grc' dir='ltr'>μίμοις</span> <span class='ocrx_word' id='word_1_298' title='bbox 532 3699 676 3778; x_wconf 80' lang='grc' dir='ltr'>πολλάκις</span> <span class='ocrx_word' id='word_1_299' title='bbox 697 3703 839 3775; x_wconf 74' lang='grc' dir='ltr'>παίζουσι</span> <span class='ocrx_word' id='word_1_300' title='bbox 859 3700 916 3789; x_wconf 88' lang='grc' dir='ltr'><strong>πρὸ</strong></span> <span class='ocrx_word' id='word_1_301' title='bbox 939 3707 991 3788; x_wconf 74' lang='grc' dir='ltr'>τῆς</span> <span class='ocrx_word' id='word_1_302' title='bbox 1013 3704 1172 3790; x_wconf 74' lang='grc' dir='ltr'>τραπέζης.</span> <span class='ocrx_word' id='word_1_303' title='bbox 1220 3707 1392 3788; x_wconf 80' lang='lat' dir='ltr'><strong>Hesychius</strong></span> <span class='ocrx_word' id='word_1_304' title='bbox 1413 3705 1491 3767; x_wconf 90' lang='lat' dir='ltr'><strong>simi·</strong></span> 
     </span>
     <span class='ocr_line' id='line_1_34' title="bbox 318 3801 1488 3896; baseline -0.002 -27"><span class='ocrx_word' id='word_1_305' title='bbox 318 3809 455 3889; x_wconf 87' lang='lat' dir='ltr'><strong>literque</strong></span> <span class='ocrx_word' id='word_1_306' title='bbox 479 3810 606 3873; x_wconf 87' lang='lat' dir='ltr'><strong>Photius</strong></span> <span class='ocrx_word' id='word_1_307' title='bbox 636 3820 667 3873; x_wconf 92' lang='lat' dir='ltr'><strong>et</strong></span> <span class='ocrx_word' id='word_1_308' title='bbox 690 3808 804 3871; x_wconf 88' lang='lat' dir='ltr'><strong>Suidas</strong></span> <span class='ocrx_word' id='word_1_309' title='bbox 831 3805 1001 3886; x_wconf 87' lang='grc' dir='ltr'>πολιτικός,</span> <span class='ocrx_word' id='word_1_310' title='bbox 1031 3803 1147 3880; x_wconf 84' lang='grc' dir='ltr'>ἀστεῖος</span> <span class='ocrx_word' id='word_1_311' title='bbox 1176 3803 1250 3892; x_wconf 76' lang='grc' dir='ltr'>μετὰ</span> <span class='ocrx_word' id='word_1_312' title='bbox 1278 3808 1384 3896; x_wconf 74' lang='grc' dir='ltr'>τέχνης</span> <span class='ocrx_word' id='word_1_313' title='bbox 1411 3801 1488 3878; x_wconf 84' lang='grc' dir='ltr'>τινός.</span> 
     </span>
     <span class='ocr_line' id='line_1_35' title="bbox 319 3909 1490 3995; baseline -0.002 -23"><span class='ocrx_word' id='word_1_314' title='bbox 319 3913 350 3974; x_wconf 92' lang='lat' dir='ltr'><strong>in</strong></span> <span class='ocrx_word' id='word_1_315' title='bbox 373 3909 532 3974; x_wconf 82' lang='lat' dir='ltr'><strong>Analectis</strong></span> <span class='ocrx_word' id='word_1_316' title='bbox 562 3912 774 3992; x_wconf 76' lang='lat' dir='ltr'><strong>grammaticis</strong></span> <span class='ocrx_word' id='word_1_317' title='bbox 795 3910 1095 3974; x_wconf 83' lang='lat' dir='ltr'><strong>vindobonensibns</strong></span> <span class='ocrx_word' id='word_1_318' title='bbox 1124 3933 1155 3994; x_wconf 89' lang='lat' dir='ltr'><strong>p.</strong></span> <span class='ocrx_word' id='word_1_319' title='bbox 1182 3914 1243 3974; x_wconf 73' lang='grc'><strong>240</strong></span> <span class='ocrx_word' id='word_1_320' title='bbox 1270 3915 1282 3974; x_wconf 85' lang='lat' dir='ltr'><strong>t</strong></span> <span class='ocrx_word' id='word_1_321' title='bbox 1319 3915 1431 3995; x_wconf 80' lang='lat' dir='ltr'><strong>legitur</strong></span> <span class='ocrx_word' id='word_1_322' title='bbox 1450 3911 1490 3972; x_wconf 85' lang='grc' dir='ltr'>ιἰι-</span> 
     </span>
     <span class='ocr_line' id='line_1_36' title="bbox 318 4007 1489 4094; baseline -0.002 -16"><span class='ocrx_word' id='word_1_323' title='bbox 318 4017 417 4078; x_wconf 82' lang='lat' dir='ltr'><strong>cttltus</strong></span> <span class='ocrx_word' id='word_1_324' title='bbox 446 4007 627 4086; x_wconf 83' lang='grc' dir='ltr'>ἀπυλιτικός.</span> <span class='ocrx_word' id='word_1_325' title='bbox 675 4017 720 4077; x_wconf 89' lang='lat' dir='ltr'><strong>sic</strong></span> <span class='ocrx_word' id='word_1_326' title='bbox 748 4015 880 4076; x_wconf 82' lang='lat' dir='ltr'><strong>inerunt</strong></span> <span class='ocrx_word' id='word_1_327' title='bbox 908 4014 1026 4094; x_wconf 91' lang='lat' dir='ltr'><strong>quibus</strong></span> <span class='ocrx_word' id='word_1_328' title='bbox 1055 4010 1298 4080; x_wconf 65' lang='lat' dir='ltr'><strong>contremiscitur</strong></span> <span class='ocrx_word' id='word_1_329' title='bbox 1326 4028 1356 4079; x_wconf 87' lang='lat' dir='ltr'><strong>et</strong></span> <span class='ocrx_word' id='word_1_330' title='bbox 1383 4017 1489 4080; x_wconf 86' lang='grc' dir='ltr'>πολιτι-</span> 
     </span>
     <span class='ocr_line' id='line_1_37' title="bbox 318 4111 1489 4204; baseline 0 -24"><span class='ocrx_word' id='word_1_331' title='bbox 318 4111 423 4201; x_wconf 86' lang='grc' dir='ltr'>κιομός</span> <span class='ocrx_word' id='word_1_332' title='bbox 446 4117 556 4180; x_wconf 87' lang='lat' dir='ltr'><strong>eadem</strong></span> <span class='ocrx_word' id='word_1_333' title='bbox 580 4128 686 4180; x_wconf 88' lang='lat' dir='ltr'><strong>essent</strong></span> <span class='ocrx_word' id='word_1_334' title='bbox 714 4129 809 4198; x_wconf 87' lang='lat' dir='ltr'><strong>atque</strong></span> <span class='ocrx_word' id='word_1_335' title='bbox 834 4111 1024 4186; x_wconf 75' lang='grc' dir='ltr'>σίοτεΐίεσίλαι</span> <span class='ocrx_word' id='word_1_336' title='bbox 1047 4129 1078 4180; x_wconf 86' lang='lat' dir='ltr'><strong>ct</strong></span> <span class='ocrx_word' id='word_1_337' title='bbox 1100 4112 1271 4204; x_wconf 78' lang='grc' dir='ltr'>ἀοτιιότης,</span> <span class='ocrx_word' id='word_1_338' title='bbox 1304 4120 1410 4202; x_wconf 88' lang='lat' dir='ltr'><strong>quales</strong></span> <span class='ocrx_word' id='word_1_339' title='bbox 1434 4137 1489 4182; x_wconf 88' lang='lat' dir='ltr'><strong>me·</strong></span> 
     </span>
    </p>

    <p class='ocr_par' dir='ltr' id='par_1_8' title="bbox 276 4220 1489 4489">
     <span class='ocr_line' id='line_1_38' title="bbox 276 4220 1489 4306; baseline -0.004 -23"><span class='ocrx_word' id='word_1_340' title='bbox 276 4245 279 4253; x_wconf 91' lang='lat'>·</span> <span class='ocrx_word' id='word_1_341' title='bbox 319 4230 482 4283; x_wconf 88' lang='lat' dir='ltr'><strong>morantur</strong></span> <span class='ocrx_word' id='word_1_342' title='bbox 498 4221 530 4283; x_wconf 90' lang='lat' dir='ltr'><strong>in</strong></span> <span class='ocrx_word' id='word_1_343' title='bbox 547 4224 706 4284; x_wconf 87' lang='lat' dir='ltr'><strong>Thesauro</strong></span> <span class='ocrx_word' id='word_1_344' title='bbox 723 4222 887 4303; x_wconf 87' lang='lat' dir='ltr'><strong>Stephani.</strong></span> <span class='ocrx_word' id='word_1_345' title='bbox 927 4220 1198 4303; x_wconf 86' lang='lat' dir='ltr'><strong>eodempertinet</strong></span> <span class='ocrx_word' id='word_1_346' title='bbox 1222 4224 1254 4285; x_wconf 94' lang='lat' dir='ltr'><strong>in</strong></span> <span class='ocrx_word' id='word_1_347' title='bbox 1271 4223 1376 4306; x_wconf 86' lang='lat' dir='ltr'><strong>Cyrilli</strong></span> <span class='ocrx_word' id='word_1_348' title='bbox 1393 4221 1489 4302; x_wconf 83' lang='lat' dir='ltr'><strong>glossis</strong></span> 
     </span>
     <span class='ocr_line' id='line_1_39' title="bbox 318 4317 1487 4407; baseline -0.002 -21"><span class='ocrx_word' id='word_1_349' title='bbox 318 4317 513 4407; x_wconf 77' lang='grc' dir='ltr'>πολιτεύομαι</span> <span class='ocrx_word' id='word_1_350' title='bbox 528 4323 682 4402; x_wconf 74' lang='lat' dir='ltr'><strong>orbator,</strong></span> <span class='ocrx_word' id='word_1_351' title='bbox 701 4323 742 4386; x_wconf 93' lang='lat' dir='ltr'><strong>de</strong></span> <span class='ocrx_word' id='word_1_352' title='bbox 758 4343 820 4405; x_wconf 88' lang='lat' dir='ltr'><strong>quo</strong></span> <span class='ocrx_word' id='word_1_353' title='bbox 836 4324 1044 4388; x_wconf 81' lang='lat' dir='ltr'><strong>Ruhnkenius</strong></span> <span class='ocrx_word' id='word_1_354' title='bbox 1060 4325 1093 4387; x_wconf 91' lang='lat' dir='ltr'><strong>in</strong></span> <span class='ocrx_word' id='word_1_355' title='bbox 1109 4325 1267 4390; x_wconf 87' lang='lat' dir='ltr'><strong>addendis</strong></span> <span class='ocrx_word' id='word_1_356' title='bbox 1282 4327 1324 4390; x_wconf 88' lang='lat' dir='ltr'><strong>ad</strong></span> <span class='ocrx_word' id='word_1_357' title='bbox 1337 4323 1487 4400; x_wconf 87' lang='lat' dir='ltr'><strong>hloeridem</strong></span> 
     </span>
     <span class='ocr_line' id='line_1_40' title="bbox 319 4425 574 4489; baseline -0.012 0"><span class='ocrx_word' id='word_1_358' title='bbox 319 4426 457 4489; x_wconf 84' lang='lat' dir='ltr'><strong>Piersoni</strong></span> <span class='ocrx_word' id='word_1_359' title='bbox 482 4425 574 4489; x_wconf 83' lang='lat' dir='ltr'><strong>dixit.</strong></span> 
     </span>
    </p>
   </div>
   <div class='ocr_carea' id='block_1_6' title="bbox 0 0 1606 5104">
    <p class='ocr_par' dir='ltr' id='par_1_9' title="bbox 0 0 1606 5104">
     <span class='ocr_line' id='line_1_41' title="bbox 0 0 1606 5104; baseline 0 0"><span class='ocrx_word' id='word_1_360' title='bbox 0 0 1606 5104; x_wconf 95' lang='lat' dir='ltr'><strong> </strong></span> 
     </span>
    </p>
   </div>
  </div>
 </body>
</html>
