3204 5104
326 367 400 440 374
625 383 715 443 lanu
736 400 901 444 enarrem
922 399 1100 442 suerrum
1119 379 1131 440 i
1138 381 1212 441 868.

326 571 437 636 babuit
460 569 600 633 codicem
623 569 833 634 bibliothecae
858 569 962 650 regiae
985 571 1162 648 Parisinae,
1188 577 1350 630 recentem
1370 569 1449 630 illum
1467 577 1493 628 et

326 696 343 738 a
372 675 463 738 docto
491 675 617 737 bomine
646 675 698 737 hic
726 675 790 736 illic
816 673 1030 738 emendatum.
1077 682 1145 735 tum
1172 692 1213 736 ex
1235 671 1345 734 codice
1365 672 1493 734 Vaticano

326 779 382 861 qui
397 778 471 839 olim
487 779 668 840 monasterii
685 777 851 840 Fuldensis
866 776 926 839 luit
941 795 1002 838 non
1020 775 1106 838 nulla
1129 776 1158 836 ei
1174 775 1369 857 excripserat
1383 773 1493 836 lacobus

326 879 541 944 Bouebardus.
588 879 759 962 praeterea
776 881 961 943 Tolosanum
984 888 1206 942 conmemorat.
1253 877 1426 941 lladrhnus
1443 879 1494 939 Va·

327 985 424 1048 lesius
438 1001 515 1046 usus
530 993 578 1045 εει
600 983 707 1046 codiee
724 983 933 1046 bibliothecae
950 982 1167 1060 colbertinae,
1192 1001 1289 1064 quem
1306 981 1494 1044 recentiorem

327 1106 397 1152 esse
420 1086 508 1149 dicit.
561 1103 643 1168 qnae
671 1097 779 1149 autem
802 1105 843 1148 ex
873 1084 965 1147 libris
986 1086 1166 1147 Florentino
1188 1085 1353 1147 Valentino
1373 1084 1495 1146 Fauebe-

326 1192 413 1252 tiano
435 1191 531 1271 liegio
550 1190 700 1252 Tolosanc
717 1189 898 1252 Cclbertino
920 1188 1110 1252 adferuntur
1131 1189 1173 1250 ita
1195 1198 1363 1269 conparata
1383 1196 1450 1250 sunt
1468 1197 1497 1248 ut

327 1293 369 1356 ad
390 1293 574 1356 Vaticanum
603 1301 657 1355 aut
678 1293 826 1356 Vaticano
855 1311 915 1374 per
944 1293 1048 1354 omnia
1070 1291 1206 1354 similem
1229 1311 1339 1354 earum
1361 1291 1495 1371 originem

329 1395 528 1460 referendam
553 1415 622 1460 esse
644 1395 808 1477 adpareat.
856 1395 940 1458 idem
963 1394 1135 1458 dicendum
1158 1406 1206 1458 est
1228 1393 1269 1458 de
1292 1393 1383 1456 libris
1404 1393 1496 1456 Sabini

329 1510 361 1562 et
380 1497 525 1562 hccursii
554 1509 585 1562 et
612 1497 653 1562 de
681 1499 752 1561 aliis
780 1517 842 1562 non
872 1499 970 1562 nullis
999 1497 1162 1561 codicibus
1185 1516 1321 1578 quorum
1343 1499 1445 1560 nolitia
1463 1495 1497 1558 ad

329 1621 386 1666 nos
408 1603 567 1682 pervenit.
614 1601 654 1664 de
676 1602 795 1664 Veneto
824 1601 1101 1682 supradiximus,
1134 1602 1248 1662 Romae
1278 1611 1354 1664 sunt
1374 1601 1496 1662 Vaticani

330 1703 411 1766 tall
437 1706 520 1766 8969
544 1706 647 1780 eall,
676 1706 814 1785 lieginae
839 1706 938 1784 laet,
963 1702 1100 1766 Urbinas
1123 1705 1196 1764 lili.
1244 1721 1351 1785 neque
1372 1722 1440 1785 spes
1459 1711 1498 1764 cst

329 1808 395 1869 iore
419 1817 454 1870 ut
476 1826 588 1888 magna
610 1808 753 1888 capiatur
775 1808 894 1870 utilitas
917 1827 956 1870 ex
978 1807 1061 1869 libro
1083 1807 1138 1888 qui
1160 1807 1293 1870 fortasse
1315 1807 1436 1869 Parisiis
1455 1823 1498 1866 re-

330 1911 430 1992 periri
460 1912 593 1990 poterit:
627 1912 753 1992 scripsit
782 1910 823 1974 de
851 1929 888 1974 eo
910 1909 943 1972 d.
968 1929 1009 1972 nn
1038 1930 1081 1971 m.
1106 1909 1270 1972 Februarii
1296 1930 1326 1974 a.
1351 1927 1498 1972 nerum

330 2014 461 2076 llichael
476 2014 664 2092 Germanus,
689 2013 758 2076 dom
771 2017 848 2076 leon
868 2012 910 2094 (id
933 2023 981 2076 est
996 2014 1127 2076 loannes
1142 2013 1275 2096 llahillo)
1302 2033 1323 2075 a
1341 2033 1385 2096 pu
1398 2013 1500 2076 colna

330 2136 437 2180 encore
458 2116 524 2178 hier
546 2118 741 2199 trente-cinq
762 2117 964 2192 manuscrits,
995 2124 1080 2178 entre
1108 2116 1235 2198 lesquels
1261 2125 1307 2180 eet
1326 2135 1369 2178 nn
1389 2117 1424 2179 de
1441 2115 1500 2197 ριιε

330 2220 434 2282 beunae
448 2217 585 2281 Ammien
600 2220 762 2283 Marcellin
783 2220 872 2301 qn’on
893 2220 996 2296 puisse
1018 2221 1103 2296 noir,
1128 2220 1155 2282 le
1177 2227 1239 2282 torn
1257 2239 1339 2302 pour
1360 2222 1500 2301 nnqmm

331 2325 402 2386 dens
422 2324 559 2386 rontcins
588 2319 859 2404 (Gorrespondence
881 2323 990 2385 incidite
1011 2323 1049 2385 de
1063 2322 1208 2387 Mobillon
1230 2331 1257 2385 et
1275 2323 1313 2386 de
1326 2321 1500 2404 Montscaoon

329 2435 354 2488 t.
380 2445 390 2488 r
413 2446 446 2506 p.
471 2423 560 2508 220).

417 2528 524 2592 Codex
546 2528 599 2591 ille
622 2547 662 2590 ex
677 2527 825 2590 Fuldensi
841 2531 1030 2592 monasterio
1054 2531 1087 2592 in
1101 2528 1326 2592 bibliothecam
1341 2529 1500 2590 Vaticanum
1578 2547 1579 2602 }

332 2632 466 2710 inlatus,
497 2641 655 2712 tempore,
688 2640 723 2693 ut
744 2639 909 2712 putamus,
942 2633 1066 2694 concilii
1089 2633 1355 2710 constantiensis,
1386 2647 1501 2692 numero

331 2754 416 2798 nunc
443 2735 615 2815 insignitus
644 2743 692 2796 est
724 2733 817 2796 tera.
871 2754 934 2796 non
964 2737 1058 2797 tertio
1087 2735 1209 2798 decimo
1235 2734 1360 2796 saeculo
1382 2734 1501 2813 scriptus

331 2847 395 2916 est,
421 2847 456 2899 ut
472 2838 627 2900 Henrieus
641 2837 784 2900 Valesius
806 2837 901 2916 dicit,
926 2838 983 2901 sed
1006 2848 1061 2902 aut
1083 2837 1205 2901 decimo
1227 2845 1283 2899 aut
1305 2837 1407 2918 potius
1420 2853 1499 2912 nono,

330 2935 632 3004 schedis‘ducentis
661 2950 694 3002 et
723 2949 808 3020 ceto,
839 2939 988 3004 versibus
1017 2941 1215 3022 paginarumx
1234 2941 1358 3002 vicenis
1387 2939 1499 3001 octonis.

331 3044 522 3106 Fuldensem
543 3043 618 3106 olim
641 3042 739 3106 luisse
763 3043 854 3106 dooet
877 3042 962 3126 quod
985 3045 1017 3105 in
1040 3045 1151 3106 ultima
1173 3044 1289 3124 pagina
1312 3043 1432 3106 saeculo
1451 3059 1501 3103 un-

331 3147 453 3210 decimo
475 3147 527 3208 vel
550 3145 736 3209 duodecimo
759 3148 913 3228 seriptum
937 3158 983 3209 est
1009 3149 1188 3210 monasterii
1205 3145 1359 3228 fuldensis
1380 3153 1422 3209 est
1441 3143 1503 3206 liber

331 3251 398 3314 iste.
445 3250 585 3312 eontinet
614 3249 712 3312 libros
741 3250 817 3312 inde
840 3271 858 3313 a
881 3249 1137 3332 quartodecimo
1167 3268 1292 3311 omnes:
1325 3248 1382 3311 sed
1404 3248 1503 3311 desunt

331 3353 426 3416 bodie
455 3352 591 3416 schedae
620 3353 702 3416 duae
732 3372 813 3434 quae
844 3353 1050 3416 continebant
1083 3371 1119 3415 ea
1152 3371 1234 3434 quae
1264 3351 1306 3414 ab
1335 3353 1386 3414 bis
1411 3348 1503 3412 verbis

331 3473 398 3516 mn
421 3456 440 3515 8
463 3455 482 3515 5
512 3456 664 3537 paulatim
693 3457 835 3539 colligens
864 3475 934 3518 suos
963 3475 1065 3537 usque
1094 3455 1136 3518 ad
1165 3455 1341 3518 incredibile
1368 3456 1444 3518 dictu
1468 3457 1502 3512 est

334 3559 371 3619 ιθ
405 3560 444 3618 48
474 3561 651 3641 perscripta
681 3569 784 3622 erant.
840 3561 872 3622 in
903 3560 962 3621 hae
991 3560 1087 3640 igitur
1116 3561 1223 3640 operis
1251 3558 1405 3640 particula
1432 3551 1499 3618 baud

334 3663 448 3742 exigua
470 3671 518 3724 εει
540 3663 673 3724 aliorum
696 3661 850 3724 librorum
873 3663 1004 3724 utilitas.

420 3766 552 3827 Maximo
580 3775 685 3829 autem
716 3765 881 3828 falleretur
909 3784 1006 3847 opere
1030 3766 1131 3846 siquis
1156 3775 1283 3847 putaret
1305 3783 1445 3848 magnam
1463 3761 1502 3820 ri-

333 3869 448 3930 tiorum
471 3867 590 3948 quibus
604 3866 762 3930 Ammiani
778 3868 918 3930 narratio
939 3870 1066 3949 oppleta
1088 3875 1136 3930 est
1158 3877 1283 3949 partem
1306 3867 1349 3929 ita
1369 3861 1501 3948 removeri

334 3989 427 4050 posse
442 3981 479 4033 ut
494 3989 530 4032 ea
554 3972 621 4051 ipsa
645 3972 842 4051 recipiantur
857 3989 938 4051 quae
962 3972 995 4032 in
1010 3971 1159 4033 Fuldensi
1175 3969 1286 4033 codice
1302 3971 1417 4051 scripta
1431 3975 1500 4030 sunt.

336 4074 429 4134 immo
453 4074 680 4137 refertissimus
702 4083 751 4136 est
773 4074 858 4135 omni
878 4093 1022 4136 errorum
1039 4073 1292 4154 mendorumque
1315 4091 1409 4154 saepe
1429 4087 1501 4132 men-

334 4187 507 4239 strosorum
536 4196 666 4258 genere.
713 4175 770 4240 sed
798 4175 915 4240 absunt
944 4186 1119 4238 commenta
1148 4175 1370 4254 librariorum,
1399 4173 1494 4236 abard

310 4281 588 4360 eintcrpolationis
617 4277 769 4343 fallaciae.
815 4282 922 4361 itaque
952 4279 1046 4342 iidem
1077 4281 1170 4342 unice
1200 4287 1345 4342 meretur
1371 4272 1500 4340 emenda

336 4384 479 4464 tioniqne
501 4385 708 4464 praecipuum
724 4382 968 4445 fundamentum
992 4383 1133 4464 praebet.
1181 4383 1299 4443 etenim
1323 4391 1417 4444 totum
1438 4371 1497 4438 illud

338 4485 574 4568 praeparandae
597 4485 829 4550 emendationis
851 4487 1012 4566 negotium
1039 4485 1124 4568 quod
1148 4485 1364 4548 recensionem
1386 4481 1498 4548 dicimus
