3184 5108
312 385 386 458 290
610 399 695 462 loom
719 417 884 461 crcrronvn
909 417 1085 460 moriemur
1104 398 1197 457 teet).

559 585 608 650 οἵα
631 581 822 672 Χρυσόθεμις
846 586 919 657 ζώει
941 583 991 650 καὶ
1009 582 1201 672 Ἰφιάνασσα,

558 692 673 776 κρυπτᾷ
694 685 722 754 τ’
750 685 851 776 ἀχέων
874 689 905 754 ἐν
929 683 989 775 ἥβᾳ
1021 729 1024 738 ·

558 785 677 880 ὄλβιος,
699 783 734 856 ’ὂν
759 789 779 856 ἁ
801 791 904 858 κλεινὰ

558 901 599 980 γᾶ
619 894 691 961 ποτὲ
715 893 899 981 Μυκηναίων

560 999 674 1070 δέξεται
696 995 888 1084 εὐπατρίδαν,
913 995 983 1070 Διὸς
1006 989 1127 1084 εὔφρονι

560 1096 671 1188 βήματι
694 1099 824 1187 μολόντα
845 1099 934 1167 τάνδε
956 1106 1011 1186 γᾶν
1030 1097 1181 1187 Ὀρέσταν.

311 1225 373 1270 non
404 1205 568 1269 laudamus
597 1207 748 1268 verbosos
777 1227 872 1288 saepe
910 1207 940 1268 in
970 1206 1145 1268 tritissimis
1181 1204 1279 1267 rebus
1310 1205 1492 1285 interpretes

311 1313 368 1391 qui
391 1310 623 1372 insolentiorem
647 1303 786 1395 περισσός
802 1309 945 1372 vocabuli
962 1329 1032 1371 cum
1052 1309 1200 1389 genetivo
1217 1327 1290 1369 casu
1308 1309 1493 1369 coniunctio-

311 1433 385 1476 nem
422 1413 547 1475 silentio
581 1416 833 1493 praeterierunt:
875 1412 1036 1475 debebant
1064 1422 1150 1473 certe
1181 1411 1329 1495 περιεῖναι
1356 1411 1493 1472 similiter

312 1525 527 1578 constructum
550 1535 807 1579 commemorare.
854 1517 911 1578 sed
941 1518 1034 1596 longe
1064 1515 1192 1594 gravius
1222 1515 1311 1576 multi
1343 1516 1374 1575 in
1397 1513 1494 1594 expli-

312 1619 411 1680 cando
439 1613 540 1704 ἀχέων
571 1619 669 1682 verbo
706 1631 888 1700 peccarunt.
946 1631 1074 1700 praeter
1102 1618 1274 1697 Bergltium
1310 1618 1411 1694 enim,
1449 1616 1493 1676 eui

313 1717 410 1785 οἰνέων
434 1721 639 1785 scribendum
664 1742 734 1785 esse
759 1725 790 1784 in
814 1732 952 1784 mentem
976 1723 1076 1798 verrit,
1100 1720 1247 1801 plerique
1272 1719 1365 1782 hodie
1387 1718 1496 1780 adsen-

312 1825 365 1886 tiri
390 1823 542 1888 videntur
564 1827 682 1888 Graeco
705 1827 874 1906 interpreti
898 1827 952 1906 qui
977 1818 1077 1909 ἀχέων
1099 1824 1300 1903 participium
1322 1841 1392 1884 esse
1409 1821 1493 1884 dixit.

313 1928 368 2008 qui
392 1926 477 1989 idem
501 1931 608 1992 statuit
631 1930 820 2006 Bruncltius,
847 1928 938 1988 homo
960 1938 1045 1988 recto
1069 1925 1185 1987 iudicio
1208 1927 1316 1987 multis
1331 1927 1387 2006 qui
1410 1923 1495 1986 lrodie

313 2049 424 2112 sapere
447 2031 508 2093 sibi
532 2032 683 2095 videntur
706 2043 869 2112 praestans
898 2031 1116 2111 [temeritatem
1147 2039 1253 2091 autem
1285 2032 1354 2090 eius
1382 2039 1497 2091 nostro-

315 2153 384 2196 rum
400 2145 578 2216 temporum
595 2135 724 2198 audacie
748 2137 790 2196 ita
813 2136 977 2215 superavit
999 2143 1034 2196 ut
1058 2135 1119 2195 iam
1139 2151 1240 2214 paene
1261 2130 1392 2193 timidus
1408 2131 1496 2192 luisse

314 2235 485 2319 videatur),
512 2239 690 2300 Brunckins
715 2239 811 2319 igitur
833 2256 870 2300 eo
893 2247 979 2299 certe
1002 2239 1130 2299 nomine
1153 2235 1332 2298 laudandus
1356 2230 1494 2314 estquod

313 2359 386 2402 cum
409 2342 575 2422 participio
599 2343 651 2402 illo
673 2331 774 2426 ὄλβιος
797 2341 881 2422 quod
904 2343 1050 2422 sequitur
1079 2359 1141 2403 non
1170 2357 1347 2420 congruere
1379 2337 1496 2398 intelle·

315 2445 379 2504 xit:
412 2443 499 2506 unde
522 2435 623 2528 ὄλβιον
652 2445 791 2526 scripsit,
824 2445 933 2508 sollius
961 2461 1037 2506 sane
1064 2463 1159 2524 quem
1188 2445 1243 2524 qui
1274 2461 1379 2522 nuper
1406 2432 1497 2522 ὄλβιοι

316 2548 347 2606 in
371 2537 477 2618 ἄθλιος
500 2547 686 2609 mutandum
702 2567 773 2610 esse
794 2549 943 2610 ariolatus
958 2558 1017 2610 est.
1064 2547 1116 2606 alii
1133 2545 1292 2608 dolent-em
1316 2545 1405 2606 illum
1428 2543 1497 2604 bea-

315 2659 382 2711 tum
412 2661 466 2712 aut
493 2651 587 2732 plane
616 2670 679 2712 non
709 2653 812 2713 mirati
843 2661 917 2712 sunt
946 2659 1000 2712 aut
1029 2667 1181 2730 perverso
1204 2647 1320 2710 indicio
1343 2645 1427 2728 quod
1452 2647 1496 2706 in-

292 2754 512 2832 teptissimum
530 2764 577 2816 est
599 2773 617 2816 e
640 2765 730 2836 poeta
754 2756 881 2834 egregie
905 2762 936 2814 et
959 2741 1118 2833 prudenti¹
1141 2753 1270 2814 consilio
1293 2749 1414 2812 dietum
1436 2767 1496 2809 esse

316 2855 503 2918 docuerunt.
544 2858 629 2939 quod
641 2869 746 2920 autem
764 2857 922 2918 Nauckius
936 2855 1024 2917 addit
1043 2855 1219 2937 (servamus
1239 2856 1305 2936 ipsa
1321 2855 1392 2916 eius
1408 2851 1494 2914 verbe

317 2959 437 3040 nequid
461 2962 634 3042 elegantiae
656 2961 791 3042 pereat),
826 2961 874 3021 uls
903 2977 970 3042 pen.
993 2959 1078 3039 plur.
1103 2957 1217 3041 μείονα
1245 2955 1383 3019 cerdirbt
1405 2951 1495 3040 ἀχέων

317 3063 366 3126 die
388 3065 514 3126 mudena
538 3065 590 3126 des
613 3064 711 3139 cloto,
745 3063 777 3124 id
801 3081 862 3124 non
886 3063 978 3123 nauci
1003 3060 1167 3140 hahemus,
1200 3079 1391 3142 quamquam
1418 3059 1496 3120 lorti-

319 3177 369 3228 tcr
396 3167 514 3228 dictum
544 3179 602 3230 est.
657 3168 806 3228 nimirum
836 3163 1004 3228 Godolredi
1028 3165 1198 3226 llermanui
1234 3165 1284 3225 illa
1314 3163 1375 3226 luit
1400 3160 1497 3244 opinio

319 3287 412 3350 quam
430 3271 589 3332 Nauckius
610 3280 644 3332 nt
668 3288 852 3351 perversam
876 3270 977 3330 reicit.
1024 3267 1080 3328 sed
1104 3268 1206 3329 solent
1228 3266 1322 3328 hodie
1345 3263 1495 3328 nonnulli

302 3387 401 3452 'quae
425 3372 476 3434 ille
498 3373 665 3435 verissime
692 3373 773 3435 dixit
803 3372 921 3435 reicula
951 3380 1075 3452 putare,
1107 3389 1170 3432 non
1198 3371 1359 3433 intellecta
1388 3369 1495 3432 scilicet

320 3493 414 3555 saepe
438 3486 554 3538 elnon
579 3495 750 3558 numquam
774 3477 828 3537 vix
858 3476 947 3538 lecte.
995 3473 1088 3535 nobis
1116 3484 1222 3536 autem
1245 3467 1346 3559 ἀχέων
1377 3469 1494 3554 partici—

320 3578 371 3658 pio
393 3579 473 3641 nihil
502 3581 553 3641 hic
575 3581 760 3660 perversius
782 3579 911 3659 cogitari
935 3595 1026 3658 posse
1048 3595 1235 3658 persuasum
1255 3587 1313 3656 est,
1339 3591 1495 3657 negamus-

321 3702 384 3763 que
407 3683 461 3763 qui
484 3683 577 3744 aliter
599 3683 740 3745 sentiunt
757 3683 922 3744 consillum
944 3691 978 3742 et
999 3682 1172 3743 orationem
1188 3683 1275 3742 chori
1299 3679 1493 3742 intellexisse.

321 3803 393 3848 nam
421 3805 492 3848 cum
522 3786 674 3848 consolari
705 3787 858 3847 Electram
888 3793 919 3846 et
947 3786 1087 3846 animum
1117 3785 1186 3847 eius
1215 3785 1340 3865 erigere
1371 3781 1492 3851 studeat,

322 3889 449 3969 ineptus
471 3899 556 3951 esset
578 3891 605 3951 si
623 3887 731 3952 dolere
756 3898 786 3951 et
809 3890 932 3951 tristem
956 3907 1025 3950 esse
1040 3889 1185 3949 Orestem
1201 3886 1338 3950 diceret:
1372 3905 1408 3948 ec
1422 3886 1493 3947 enin
1587 3877 1588 3898 ¹

322 3993 465 4056 Electrae
503 3993 662 4055 tristitiem
692 4002 724 4054 et
753 4011 929 4054 moerorem
966 4011 1028 4053 nou
1058 3991 1192 4066 leniret,
1229 3987 1287 4052 sed
1320 3999 1446 4070 augeret
1470 3995 1493 4045 et
1582 3980 1584 3991 '

322 4097 516 4175 asperiorem
540 4095 702 4158 redderet.
750 4095 920 4176 Sophocles
942 4104 1047 4157 autem
1077 4113 1136 4175 per
1157 4103 1257 4158 totum
1288 4094 1346 4156 hoc
1368 4105 1492 4154 carmen.

325 4197 409 4280 quod
430 4201 525 4280 pleno
548 4199 692 4261 divinum
716 4210 774 4278 est,
806 4199 912 4260 omnive
935 4198 1072 4260 instituit
1098 4215 1160 4258 non
1184 4206 1308 4258 tantum
1332 4205 1425 4272 reete,
1447 4189 1493 4252 sed

324 4314 391 4364 arte
415 4301 655 4384 perfectissima.
703 4321 797 4383 quam
826 4311 925 4364 erlem
956 4301 1046 4362 facile
1078 4299 1232 4380 intellegit
1262 4301 1318 4380 qui
1346 4297 1493 4362 subtiliore

326 4405 461 4486 quodam
490 4426 587 4468 sensu
609 4406 757 4488 spiritum
787 4406 875 4467 illum
899 4405 1010 4467 Graiae
1039 4413 1169 4464 tenuem
1198 4413 1347 4464 cumenae
1376 4397 1491 4483 percipit
1582 4445 1584 4480 p

326 4529 429 4590 neque
458 4511 580 4590 singule
609 4521 730 4572 tantum
752 4508 851 4570 verbe
879 4511 1024 4581 rimatur,
1056 4505 1113 4568 sed
1135 4506 1231 4566 totius
1252 4507 1401 4566 carminis
1423 4503 1491 4563 inter
1582 4573 1583 4590 μ
