3186 5108
299 369 348 444 ut
593 387 683 450 lm
704 405 871 450 suerrum
895 405 1079 452 sumnum
1097 387 1191 449 teta.

297 593 368 638 esse
396 585 539 658 possunt.
587 577 696 658 itaque
716 577 910 655 Meinekius,
942 587 978 640 ut
1006 577 1170 660 ingenium
1199 587 1231 640 et
1253 576 1482 640 doetrinamiu

297 689 463 742 numerato
487 679 592 759 habet,
617 699 700 762 quae
724 680 896 744 Menander
917 682 1023 744 minus
1046 691 1132 744 reete
1155 681 1290 743 dixisset
1314 679 1482 760 arripuisse

297 792 329 844 et
351 793 476 846 notasse
498 784 678 864 serapioatur
691 785 919 864 Naueioratem,
944 803 985 847 ex
1005 785 1097 848 euius
1120 783 1247 847 Perside
1270 783 1312 846 alr
1325 781 1483 847 athenaeo
1585 815 1586 818 ¹

297 903 362 946 ιιιιι
385 907 418 968 p.
436 887 499 948 399
523 887 555 948 hi
578 906 693 952 versus
716 886 918 966 adferuntur,

386 1045 389 1052 ι
425 987 457 1054 ir
479 992 517 1076 τῇ
539 985 599 1077 γὰρ
615 985 731 1075 Ἀττικῇ
752 987 796 1063 τίς
818 987 881 1055 etta
901 984 1021 1055 πώποτε

379 1111 382 1116 ·
424 1091 548 1166 λέοντας
569 1087 590 1178 ἢ
611 1093 747 1158 τοιοῦτον
768 1093 870 1180 ἕτερον
891 1091 1013 1180 diplom

424 1188 461 1260 οὗ
484 1191 629 1260 δασύποδ’
656 1189 754 1283 edpeiu
776 1197 855 1264 ἐστιν
877 1192 947 1283 oripi
969 1190 1083 1284 ῥᾴδιον

295 1298 354 1362 sed
376 1300 456 1362 haee
476 1301 670 1380 eonieetnra,
701 1319 893 1382 quamquam
921 1303 1085 1382 ingeniose
1114 1299 1195 1362 laete
1219 1310 1279 1378 est,
1309 1317 1372 1362 non
1397 1297 1485 1360 vide·

295 1413 349 1471 tur
370 1421 463 1485 pesse
486 1403 668 1486 adprobari.
716 1405 833 1467 etenim
864 1414 899 1468 ut
921 1405 1102 1468 omittamus
1123 1403 1210 1466 nullo
1232 1413 1318 1466 oerto
1340 1402 1484 1484 exemplo

295 1517 441 1570 masere
462 1526 563 1570 nuvae
584 1505 764 1570 oonmediae
787 1508 959 1590 seripseres
985 1508 1127 1572 aemulos
1154 1517 1264 1589 poetes
1288 1517 1386 1590 etque
1408 1505 1485 1570 adeo
1587 1563 1588 1586 ι

295 1611 468 1692 singularia
495 1631 605 1676 eorum
634 1610 718 1674 dieta
747 1612 780 1674 in
811 1609 927 1674 fabulis
955 1613 1022 1674 suis
1052 1589 1298 1693 perstrinxisse,
1336 1609 1484 1690 quoniam
1587 1591 1588 1608 ¹

295 1713 381 1794 quod
396 1715 566 1778 Terentius
587 1717 620 1776 in
644 1715 789 1777 Eunuchi
810 1715 952 1778 Heauton
974 1715 1177 1778 timorumeni
1194 1714 1390 1776 Phormiouis
1413 1731 1487 1794 pro

295 1817 374 1897 logis
395 1818 555 1881 inseitiam
576 1818 679 1882 Luseii
702 1819 823 1880 Lavinii
854 1819 896 1881 ita
924 1820 1096 1882 insectatus
1117 1827 1165 1880 est
1193 1828 1229 1880 ut
1261 1825 1391 1898 peecata
1420 1817 1487 1878 eius
1588 1889 1589 1892 Ἴ

295 1940 358 1986 non
381 1921 467 1984 nulla
490 1922 676 2002 singillatim
697 1931 839 2001 uotamt,
871 1929 976 2003 potest
998 1921 1057 1983 hoe
1078 1939 1154 1983 sane
1178 1919 1290 1984 leeisee
1311 1919 1486 1983 Attieorum

295 2034 460 2106 poetarum
483 2024 648 2106 exemplo:
683 2025 781 2106 igitur
801 2033 838 2088 ut
860 2024 919 2088 hoo
947 2026 1139 2103 omittamus,
1164 2023 1299 2104 adparet
1320 2024 1488 2086 Nausiera·

295 2137 359 2189 tem
388 2129 452 2190 illis
473 2126 624 2191 versibus
652 2147 716 2190 non
738 2128 879 2210 potuisse
901 2127 1112 2190 Menandrum
1141 2126 1395 2208 reprehendere,
1427 2128 1488 2190 nisi

295 2231 322 2292 is
344 2231 454 2294 leones
468 2233 558 2312 qnasi
583 2232 615 2293 in
631 2229 736 2294 Attica
750 2230 913 2297 venandos
932 2231 1016 2294 serio
1031 2241 1344 2294 commemoraverat.
1374 2249 1488 2293 verum

294 2343 357 2396 tam
387 2333 522 2398 ridieule
550 2333 760 2399 Menandrum
788 2353 936 2416 peoeasse
965 2354 984 2398 a
1010 2337 1081 2397 veri
1110 2333 1320 2398 similitudine
1357 2353 1489 2416 prorsus

294 2436 456 2500 abhorret.
496 2457 592 2519 quam
609 2437 652 2500 ob
674 2457 742 2501 rem
765 2437 949 2519 putabimus
970 2440 1076 2520 potius
1090 2438 1304 2502 Mausieratem
1327 2455 1391 2500 nou
1413 2438 1489 2501 teti·-

232 2531 238 2538 ’
294 2542 379 2621 gimo
393 2540 612 2622 Menandmm,
638 2540 696 2604 sed
717 2552 850 2623 propter
863 2542 957 2604 aliam
972 2559 1097 2604 amem
1121 2541 1174 2604 illa
1194 2541 1379 2622 soripaise03
1407 2559 1489 2622 qua·
1590 2591 1591 2594 ,

294 2644 342 2706 les
363 2663 476 2710 musae
500 2645 618 2708 multae
639 2645 769 2726 eogitari
792 2654 936 2726 possunt,
964 2645 1064 2708 veluti
1087 2647 1113 2708 si
1137 2643 1300 2708 Persidem
1323 2644 1411 2706 illem
1433 2653 1489 2706 aut
1590 2656 1591 2712 ξ

294 2749 387 2810 aliam
415 2747 543 2812 fabulae
571 2767 739 2830 personam
763 2749 901 2811 Persiam
930 2767 1002 2811 oum
1023 2746 1127 2810 Attiea
1155 2749 1286 2828 regione
1314 2762 1490 2830 oeaparare
1590 2747 1591 2752 ’

295 2849 386 2914 feeit:
423 2850 587 2915 Menandri
622 2861 728 2916 entem
765 2853 818 2914 illa
846 2851 946 2916 verba
981 2849 1137 2932 quomedo
1172 2849 1389 2932 intellegenda
1423 2852 1491 2914 siut

294 2974 496 3037 quaeremus.
529 2959 562 3018 in
579 2955 697 3036 quibus
718 2946 799 3021 tete
820 2954 974 3038 producta
991 2955 1100 3036 priore
1118 2953 1239 3036 syllaba
1253 2953 1489 3042 dubitationem

295 3060 407 3122 merito
438 3060 535 3122 movit
560 3059 715 3122 Meinelu'o
740 3059 774 3121 in
801 3061 923 3122 minore
950 3060 1141 3122 esmieorum
1167 3053 1308 3122 editione
1333 3078 1367 3138 p.
1388 3059 1487 3119 totu.

293 3161 418 3225 aceedit
446 3161 550 3225 aliud:
585 3181 657 3224 nam
689 3173 856 3244 postquam
884 3161 1006 3226 dietum
1034 3171 1083 3226 est
1111 3151 1222 3224 leones
1239 3161 1386 3250 *aliqusm
1415 3181 1490 3224 esse

293 3276 501 3346 venetnmm,
539 3265 655 3346 frigide
684 3264 823 3330 adicitur
852 3267 948 3330 etiam
981 3283 1068 3330 arma
1097 3283 1171 3330 eum
1198 3281 1269 3326 esse
1306 3273 1487 3344 gesturum,

293 3371 361 3432 sive
378 3371 451 3453 quis
474 3388 603 3449 gravem
625 3377 818 3458 armaturam
840 3369 1029 3449 intellegere
1051 3368 1181 3432 mavult.
1228 3385 1287 3430 uos
1307 3357 1490 3432 toones'iui

293 3473 334 3534 ab
355 3471 458 3535 Attiou
482 3472 609 3552 regione
631 3472 728 3536 alieni
750 3473 810 3536 alio
826 3471 960 3546 ducunt,
985 3471 1018 3534 ni
1041 3472 1158 3534 mirum
1179 3469 1221 3535 ad
1244 3471 1425 3550 Herculem,
1452 3481 1489 3532 nt

294 3576 511 3639 existimemus
532 3574 740 3638 Meuandmm
762 3576 929 3657 soripeisse
991 3657 994 3666 .
1306 3569 1309 3576 ’

499 3672 661 3765 δλεῦδερόν
682 3701 711 3742 τι
731 3672 876 3763 τολμήσει
896 3677 1010 3754 noeais,

421 3781 520 3870 θηρᾶν
542 3780 684 3860 λέοντας,
707 3778 827 3867 ῥόπαλα
849 3775 1020 3867 βαστάζειν.

293 3886 457 3949 enimvero
479 3885 540 3949 luit
554 3884 718 3948 Menandri
741 3883 847 3948 labula
862 3882 1102 3973 Ψευδηρακλῆς,
1128 3885 1161 3946 in
1185 3903 1247 3966 qua
1271 3885 1363 3950 homo
1385 3901 1493 3960 venus

292 4001 326 4052 et
347 3991 504 4070 gloriosus
524 3987 687 4070 idemtpue,
712 3998 748 4052 ut
762 3989 901 4068 videtur,
927 3987 1032 4050 mollis
1053 3998 1086 4050 et
1108 3988 1242 4067 ignavus
1261 3989 1406 4052 Herculis
1429 3989 1491 4050 ha-

293 4093 363 4157 bitu
385 4091 517 4157 indutus
539 4090 698 4174 prodibat.
744 4091 786 4156 de
809 4111 872 4174 quo
894 4091 1080 4156 Plutarehus
1103 4091 1181 4152 haee
1204 4090 1316 4154 seribit
1346 4093 1377 4154 ln
1404 4091 1491 4154 libro

293 4197 333 4260 de
362 4197 455 4260 amiel
485 4206 519 4258 et
544 4195 717 4260 adulatoris
746 4194 1059 4276 disertanaeda,
1083 4193 1115 4258 ἐν
1138 4193 1284 4280 κωμῳδίᾳ
1307 4189 1491 4280 Μαιάνδρου

293 4297 513 4386 Ψευδηρακλῆς
534 4293 688 4386 πρόσεισι,
720 4291 851 4383 ῥόπαλον
872 4294 1003 4382 xopltm
1031 4292 1067 4363 od
1089 4293 1230 4384 στιβαρὸν
1251 4293 1318 4362 οὐδ’
1346 4295 1488 4384 ἰσχυρόν,

205 4404 210 4414 ’
292 4398 372 4467 ἀλλὰ
388 4396 518 4489 ξχιιυνοίι
539 4425 568 4467 τι
589 4396 714 4490 πλάσμα
741 4396 793 4464 eol
815 4395 974 4466 διάκενοιῖ
1021 4401 1165 4466 videtur
1181 4404 1279 4482 igitur
1306 4403 1404 4466 lalsus
1433 4403 1490 4464 illa

292 4507 445 4570 Hercules
467 4517 626 4570 atrsteram
649 4505 758 4584 vitem,
790 4505 916 4584 qualem
939 4505 1059 4568 scilieet
1082 4507 1151 4587 ipse
1173 4509 1293 4588 egeret,
1322 4523 1489 4568 tommen-
