3184 5108
328 353 402 424 300
627 366 714 426 luorx
737 381 900 426 crcrrorrvu
923 383 1105 426 aleramnus
1124 365 1218 426 ⁴865.

329 557 368 617 ita
392 555 472 617 haec
494 556 611 634 scripta
635 562 708 615 sunt
732 555 763 614 in
789 551 869 614 libro
893 551 1113 632 Laurenliano,
1146 555 1208 614 nisi
1233 554 1318 635 quod
1337 537 1382 627 7τίς
1405 547 1440 616 ἂν
1460 545 1505 618 οὖν

328 659 423 721 hahet
460 669 492 720 et
525 657 665 743 βλοστοῖ,
706 676 841 738 qnorum
879 655 957 720 illud
994 657 1164 720 Triclinins
1202 660 1354 736 correxit,
1394 653 1506 742 βλάστοι

328 759 517 824 Schaelerns
545 761 688 842 scripsit,
720 761 849 822 tertium
876 771 981 822 antem
1011 759 1179 840 mendum,
1211 754 1411 845 πανάδορτος,
1440 763 1505 823 Por-

327 884 423 926 sonus
456 865 601 940 sustulit,
638 864 857 944 nollemusque
892 863 1084 943 Nauckium,
1121 865 1177 945 qui
1206 856 1287 936 ὅπως
1319 857 1505 949 παντόδορτος

328 968 468 1049 protulit,
493 967 569 1031 dum
593 977 694 1028 metro
716 967 836 1029 scilicet
858 967 992 1029 consulit
1014 969 1186 1030 orationem
1208 967 1411 1049 depravasse.
1455 967 1504 1030 sed

328 1071 379 1132 illa
407 1065 458 1133 τὸν
486 1065 534 1134 άσί
559 1065 670 1155 πατρὸς
700 1066 819 1134 δειλαία
848 1063 1034 1155 στενάχουσα
1060 1071 1176 1133 multas
1210 1072 1380 1135 multorum
1414 1081 1506 1133 muta-

328 1177 429 1237 tiones
465 1193 555 1256 passa
590 1183 674 1236 sunt.
736 1173 907 1253 probamus
942 1172 1028 1254 quod
1065 1175 1245 1237 reiecerunt
1281 1176 1450 1236 hermanni
1481 1186 1505 1236 et

327 1278 450 1357 antiqui
482 1279 542 1338 iarn
565 1275 697 1338 alicuius
726 1277 911 1357 interpretis
941 1277 1182 1358 explicationem
1210 1296 1273 1358 qna
1301 1273 1351 1341 τὸν
1374 1271 1421 1340 ἀεὶ
1442 1272 1506 1362 χρά-

328 1403 378 1444 νσν
407 1379 653 1460 intellegendum
684 1399 753 1442 esse
782 1381 948 1442 statuitur:
989 1399 1062 1441 narn
1092 1381 1168 1443 haec
1195 1380 1324 1444 dicendi
1354 1383 1432 1443 ratio
1457 1399 1507 1442 ne-

327 1503 390 1565 que
413 1483 510 1546 ullius
533 1483 669 1563 exempli
694 1482 903 1545 similitudine
926 1482 1130 1545 confirmatur
1157 1483 1311 1566 (mendosi
1333 1493 1408 1547 sunt
1432 1485 1507 1545 enirn

329 1606 440 1650 versus
467 1585 582 1668 Oedipi
613 1586 738 1648 Colonci
764 1587 844 1646 t583
862 1605 888 1648 s.
923 1595 954 1648 et
977 1587 1215 1649 Trachiniarum
1238 1587 1288 1670 80)
1322 1606 1445 1667 neque,
1479 1596 1507 1648 nt

327 1688 527 1770 videbimus,
558 1708 638 1770 opus
666 1699 714 1750 est
742 1698 777 1751 ut
804 1688 844 1751 ad
873 1689 1039 1751 insolentia
1068 1691 1295 1771 confugiamus.
1354 1689 1432 1752 illud
1458 1709 1508 1752 au-

304 1781 400 1856 etem'
430 1813 492 1854 non
522 1790 693 1873 prohemus
715 1791 800 1872 quod
822 1793 979 1854 veriorem
1008 1793 1303 1874 interpretationem
1334 1813 1396 1856 non
1419 1811 1509 1873 quac-

328 1898 489 1976 sivernnt‚
526 1894 583 1957 sed
606 1893 797 1958 emendandi
828 1895 873 1957 illi
901 1893 1028 1958 libidini
1058 1915 1273 1977 praepropere
1303 1896 1505 1959 indulserunt.

330 2018 464 2081 quornm
500 1997 547 2060 illi
582 2017 723 2060 errorem
758 1998 858 2059 errori
899 1997 1094 2060 addiderunt
1129 2001 1184 2080 qui
1223 2001 1337 2062 iustam
1366 2019 1506 2062 versuum

330 2103 566 2182 responsionem
597 2121 659 2164 non
689 2101 836 2181 strophae
867 2099 924 2162 sed
953 2101 1141 2183 antistrophi
1172 2101 1393 2164 emendatione
1425 2103 1508 2164 resti·
1587 2169 1588 2180 p

329 2203 480 2267 tuendam
515 2225 585 2268 esse
618 2213 823 2267 censuerunt.
886 2205 918 2266 in
953 2205 1081 2285 atropha
1120 2207 1204 2266 enim
1241 2205 1299 2266 hoo
1333 2207 1420 2267 colon
1454 2215 1506 2268 est.

328 2301 392 2371 ἀλλ’
419 2301 454 2371 οὐ
483 2302 526 2391 μά
556 2303 609 2371 τάν
639 2303 707 2378 Διὸς
736 2301 907 2392 άστραπάν,
945 2306 1030 2388 quod
1065 2326 1140 2370 sane
1176 2326 1239 2370 non
1271 2309 1441 2390 respondet
1469 2309 1507 2368 illi

324 2405 472 2495 Ἠλέκτρα
500 2405 550 2473 τόν
579 2405 627 2474 ἀεί
653 2403 774 2494 πατρός.
827 2429 940 2472 verum
970 2411 1035 2471 illic
1058 2404 1099 2492 μά
1127 2411 1316 2474 alnrneho
1344 2413 1507 2473 rectissime

328 2513 470 2576 deletum
493 2523 552 2576 est.
607 2514 754 2576 similiter
783 2515 816 2575 in
846 2511 968 2594 Oedipo
997 2532 1073 2594 rege
1101 2533 1133 2574 v.
1160 2515 1220 2574 660
1257 2509 1292 2579 οὐ
1321 2509 1372 2578 τὸν
1401 2508 1508 2577 πάντων

330 2615 411 2679 θεῶν
444 2611 515 2679 θεὸν
549 2609 662 2701 πρόμον
688 2607 789 2678 Ἅλιον
820 2625 852 2677 et
879 2634 911 2677 ν.
938 2616 1019 2676 4089
1060 2609 1096 2680 οό
1124 2611 1174 2679 τόν
1201 2607 1354 2700 Ὄλυμπον
1392 2612 1508 2701 ἀπείρων

331 2739 393 2782 non
425 2722 457 2781 in
482 2721 691 2782 Laurentiano
714 2717 845 2801 quidem
872 2716 965 2798 libro,
996 2717 1052 2780 sed
1082 2721 1114 2780 in
1136 2720 1327 2800 apographis
1356 2739 1418 2782 non
1446 2721 1509 2782 nul·

330 2824 370 2885 lis
401 2824 520 2884 inserto
551 2816 593 2906 ρά
622 2821 793 2904 depravata
822 2831 907 2884 sunt.
965 2823 1034 2883 sine
1064 2821 1135 2882 lahe
1163 2823 1278 2883 mansit
1308 2824 1340 2883 in
1367 2823 1508 2904 Antigona

329 2945 361 2986 v.
381 2924 442 2986 758
466 2918 529 2989 ἀλλ’
556 2919 591 2989 orl
612 2918 694 2988 τόνδ’
722 2915 873 3008 Ὄλυμπον
896 2918 959 2986 ἴσθ’
990 2915 1036 2986 ότι
1057 2920 1181 3009 Χαίρων
1204 2919 1252 2986 ἐπί
1274 2919 1394 3010 ψόγοισι
1416 2919 1509 2989 δεννά-

330 3051 392 3100 σεις
414 3027 479 3110 ἐμέ.
527 3039 634 3090 contra
659 3037 744 3090 recte
768 3027 901 3090 fortasse
923 3027 1103 3108 apographa
1127 3019 1169 3110 ρά
1191 3027 1313 3090 addunt
1342 3030 1375 3090 in
1398 3031 1508 3090 Electra
1588 3093 1589 3098 .

330 3152 361 3192 v.
388 3132 480 3193 4838.
542 3132 695 3212 scriptum
726 3129 771 3192 ihi
801 3142 850 3192 est
885 3133 916 3192 in
952 3128 1033 3190 libro
1063 3131 1274 3192 Laurentiano
1304 3126 1367 3195 ἀλλ’
1400 3126 1434 3194 οὐ
1464 3125 1508 3192 τὰν

323 3225 459 3320 Ἄρτεμιν
487 3229 542 3298 τάν
567 3232 631 3297 αἰὲν
653 3229 802 3318 άδμήταν,
828 3233 885 3295 sed
913 3253 983 3296 cum
1008 3251 1090 3313 qnae
1121 3235 1153 3293 in
1183 3235 1379 3314 antistrophe
1408 3236 1510 3314 legun·

330 3347 394 3416 tur,
431 3334 476 3409 τίς
505 3328 556 3401 οὖν
586 3330 621 3401 ἂν
649 3331 733 3408 ἀξίαν
761 3360 796 3420 γε
825 3338 879 3400 coh
911 3328 1096 3422 πεφηνότος,
1133 3337 1312 3398 trimetrum
1347 3335 1509 3418 praebeant

331 3440 500 3502 iambicum
521 3441 736 3519 acatalectum,
762 3459 825 3501 non
848 3443 917 3502 sine
940 3440 1009 3502 veri
1033 3440 1139 3520 specie
1158 3440 1358 3502 llermannus
1381 3441 1413 3500 in
1436 3457 1508 3500 mar·
1588 3475 1589 3480 κ

332 3546 405 3625 gine
428 3543 501 3604 lihri
532 3543 695 3606 cniusdam
719 3545 767 3605 sui
791 3542 951 3605 adnotavit
974 3541 1179 3604 scribendum
1201 3541 1305 3604 videri
1329 3537 1392 3607 ἀλλ’
1420 3538 1452 3605 οὐ
1472 3535 1507 3622 μά
1588 3525 1589 3584 ἒ

330 3641 384 3731 τὴν
414 3638 547 3730 ἄδμητον
577 3643 642 3710 αἰὲν
663 3637 812 3731 Ἄρτεμιν.
859 3646 995 3727 simplici
1024 3646 1192 3724 negat-ione
1222 3665 1299 3708 usus
1322 3657 1368 3708 est
1392 3645 1507 3725 Euripi·
1588 3651 1589 3660 ’

331 3750 389 3813 des
412 3751 443 3811 in
467 3752 540 3812 lone
566 3769 595 3811 v.
611 3749 672 3811 870
696 3743 759 3813 ἀλλ’
786 3743 821 3812 οὐ
842 3743 876 3812 τὸ
900 3743 968 3820 Διός
990 3741 1174 3832 πολύαστρον
1197 3747 1278 3824 ἕδος,
1302 3749 1420 3830 aliique
1441 3767 1507 3828 quos
1588 3749 1589 3772 ί

332 3871 578 3916 commemorare
607 3853 687 3914 nihil
715 3854 838 3914 attinet.
886 3845 1056 3936 peligitur
1085 3852 1117 3912 in
1146 3853 1273 3932 stropha
1305 3850 1409 3914 deleto
1436 3851 1507 3912 anti·
1588 3909 1589 3940 ρ

331 3957 480 4037 strophns
510 3967 595 4016 recte
621 3955 802 4036 respondet.
849 3974 954 4036 neque
977 3956 1147 4036 quicquam
1177 3953 1222 4014 ihi
1252 3954 1436 4016 mutandum
1458 3963 1504 4014 est.
1588 4031 1589 4052 ρ

332 4077 404 4120 nam
432 4053 483 4121 τὸν
511 4052 560 4120 ἀεί
581 4052 692 4143 πατρὸς
720 4051 906 4143 στενάχουσα
938 4057 1023 4120 idem
1051 4067 1098 4119 est
1128 4066 1224 4138 atque
1257 4051 1308 4120 τόν
1338 4051 1386 4120 olet
1413 4049 1506 4138 πατρὸς
1588 4055 1589 4060 ’

332 4155 495 4244 στεναγμὸν
524 4155 729 4246 στενάχουσα,
760 4163 975 4243 sempiternum
1005 4161 1090 4222 illum
1120 4161 1157 4222 dc
1183 4169 1274 4241 putre
1302 4162 1440 4244 pemitum
1464 4175 1506 4241 pe

332 4283 427 4326 meos.
484 4259 593 4349 πατρός
627 4262 747 4326 diotnm
781 4274 830 4325 est
862 4283 898 4326 ea
934 4266 1054 4327 ratione
1096 4283 1158 4344 qua
1192 4263 1377 4343 saepissime
1410 4261 1504 4324 Graeci
1587 4299 1589 4354 3

333 4375 468 4430 utuntur
490 4369 649 4448 genetivo.
696 4368 731 4428 ll.
758 4386 787 4427 tv
811 4369 871 4428 ⁴69
894 4362 974 4430 ἀλλά
998 4390 1049 4450 μοι
1072 4361 1154 4429 αἰνὸν
1179 4357 1253 4450 άχος
1277 4364 1365 4428 σε’δεν
1390 4363 1503 4429 ἔσσεται,
1587 4395 1589 4452 f

334 4461 534 4536 ὦΜενίλαε.
582 4487 635 4532 mu
658 4471 720 4536 3⁴7
740 4462 873 4558 Ἕκτορα
896 4465 924 4534 δ’
952 4464 1035 4534 αίνόν
1058 4460 1134 4556 ἄχος
1155 4462 1287 4534 πόκαοεν
1310 4467 1418 4556 φρένας
1438 4457 1506 4550 ἡνιό»
1587 4485 1589 4502 ¹
