3268 5108
472 359 560 420 lsurx
583 377 745 420 ιιοιιοιινι
770 377 953 420 eraserim
972 360 1062 420 teet.
1316 348 1366 418 55

169 544 209 608 oi
224 537 306 630 Ἴδης
329 541 423 632 λόφος
439 542 541 612 Ildum
559 595 566 610 .
587 597 594 610 .
616 595 623 611 .
645 596 652 608 .
678 542 731 633 ἀφ’
751 537 786 610 οὗ
803 541 980 632 ‘ltprimum
1001 543 1020 632 ἡ
1040 543 1142 626 πόλις,
1161 544 1367 634 Ἱπποκόρνινοί

168 672 207 712 ee
228 654 281 734 τῆς
299 645 539 736 'Alpem-reip
565 647 616 714 κοί
631 645 862 736 Ἱπποκοριίνιον
885 649 917 714 ἐν
941 645 1047 737 Κρήτη
1058 701 1067 730 ,
1097 646 1256 736 Sapaudo
1278 677 1311 716 τε
1332 648 1366 716 τὸ

169 748 300 817 ἑωθινὸν
329 749 516 840 ἀκρωτήριον
545 759 599 840 τῆς
627 749 721 839 νήσου
750 750 803 818 κιί
830 753 932 818 πεδίον
955 755 986 817 ἐν
1009 760 1045 840 τῇ
1070 751 1234 841 Νεκνδρίδι
1256 754 1306 820 καί
1328 761 1366 842 τῇ,

166 851 398 942 Ἀλεξανδρέων.
446 859 515 921 heri
538 860 633 941 plane
655 879 719 920 uon
741 859 845 938 potuit
873 860 951 939 quin
974 860 1156 922 Demetrius
1176 861 1271 922 simul
1293 881 1367 923 oum

172 961 262 1024 llhoa
285 972 316 1024 et
338 962 514 1042 eurotihus,
547 982 629 1044 quos
648 981 721 1026 eum
744 961 873 1024 eosdem
902 971 999 1042 etque
1020 963 1211 1046 corybantes
1238 974 1367 1045 putasse

170 1063 291 1126 Straho
311 1075 418 1146 postea
440 1077 561 1146 narrat,
587 1067 670 1132 levis
691 1066 786 1128 etiam
804 1065 973 1145 mnehula,
999 1085 1094 1146 quem
1117 1067 1171 1128 illa
1194 1067 1226 1128 in
1242 1067 1367 1130 Cretieo

167 1177 265 1230 antro
281 1168 373 1232 ldaeo
393 1180 448 1234 aut
468 1171 596 1232 Dictaeo
616 1169 782 1251 peperisse
804 1170 1002 1251 pervulgatis
1023 1169 1142 1234 iehulis
1163 1170 1364 1250 narrabatur,

170 1271 298 1352 patriae
319 1293 396 1336 suae
419 1273 607 1340 vindicaret.
656 1272 688 1335 id
712 1291 784 1336 oum
805 1291 865 1354 per
885 1291 921 1335 se
944 1273 1148 1354 perspicuum
1171 1276 1223 1352 sit,
1251 1276 1367 1336 oeulir-

170 1385 281 1438 metur
302 1376 438 1457 quodam
462 1375 553 1440 modo
577 1376 628 1438 his
642 1377 796 1457 Stephani
818 1376 960 1456 Byzantii
982 1375 1104 1456 verbis,
1129 1396 1212 1458 quae
1234 1377 1367 1458 [emessa

169 1497 234 1540 nos
261 1477 433 1560 legissent,
469 1481 532 1542 nisi
562 1478 800 1562 suppeditasset
829 1478 939 1542 duatus
968 1478 1096 1544 tihellus
1125 1499 1221 1561 quem
1250 1479 1367 1543 Schoe-

169 1600 312 1644 rnaunus
343 1583 384 1645 de
413 1585 495 1645 levis
529 1583 731 1646 insonabulis
764 1583 911 1664 scripsit,
947 1580 1081 1668 Σκῆψις,
1116 1577 1202 1655 πόλις
1231 1578 1365 1669 Τρωικη.

169 1681 318 1769 Ξσνοιρόν
333 1680 524 1771 Ἑλληνικῶν
536 1683 636 1772 τρίτῳ.
676 1679 789 1770 ἐκλήθη
813 1683 848 1748 δὲ
870 1676 928 1750 dai
951 1688 1004 1750 τοῖν
1026 1680 1200 1771 mildredae
1213 1681 1369 1770 πλνῬίον

169 1782 240 1850 ἀντὶ
260 1791 312 1853 τοῦ
333 1785 440 1862 παιδὸς
463 1788 545 1853 λίθον
566 1788 675 1853 τινοῖν.
722 1809 785 1852 non
809 1787 992 1854 dubitamus
1014 1791 1099 1852 enim
1122 1790 1201 1870 quin
1227 1790 1305 1852 haee
1327 1809 1368 1852 ex

166 1893 324 1954 Deurehii
348 1893 504 1956 dieoosmo
520 1894 630 1955 Troioo
651 1902 778 1974 sumpta
800 1893 875 1972 sint,
905 1892 945 1955 ad
968 1911 1063 1974 quem
1082 1894 1237 1976 pleraque
1259 1913 1369 1957 eorum

169 2015 258 2076 qnae
282 1997 463 2078 Stephanus
485 1996 525 2059 de
546 1998 668 2059 Tmieis
690 1995 874 2078 regionibns
897 1997 1004 2062 minus
1018 1997 1160 2077 vulgaria
1184 2007 1293 2059 narret
1315 2016 1368 2059 re-

168 2098 308 2162 ferenda
330 2119 401 2164 esse
427 2099 521 2162 nobis
541 2099 706 2162 videntur.
754 2109 896 2162 aeterum
924 2101 1165 2180 originationem
1195 2101 1281 2164 illam
1310 2120 1368 2162 no-

168 2202 272 2264 minis
299 2204 332 2264 in
361 2213 469 2266 mente
497 2203 595 2266 hahet
615 2203 739 2281 Strabo,
773 2223 844 2266 cum
868 2201 1163 2284 neronopoli
1191 2205 1269 2267 haee
1290 2203 1370 2266 dioit

168 2305 441 2388 prudentissime,
472 2303 536 2370 ἔστι
565 2300 594 2369 δ’
621 2300 642 2391 ἡ
666 2303 957 2390 paenulatorum
985 2299 1088 2370 ἐπάνω
1111 2302 1264 2392 Κεβρῆνος
1292 2301 1371 2370 κατὰ

165 2405 209 2473 τὸ
232 2403 452 2495 peremptionem
472 2409 528 2496 πῆς
546 2401 631 2495 Ἴδης
653 2405 741 2495 ἐγγὺς
765 2407 934 2494 Πολίχνις·
978 2408 1115 2474 ἐκαλεῖτο
1139 2409 1171 2473 δὲ
1192 2403 1259 2474 τότε
1282 2407 1368 2494 Σκῆ-

168 2519 244 2598 ψις,
267 2507 321 2576 εἶτ’
340 2504 441 2586 ἄλλως
463 2509 516 2578 οἵτ’
545 2509 603 2578 iel
626 2517 679 2578 τοῦ
700 2511 893 2598 περίσκεπτον
915 2509 996 2576 sirei
1015 2506 1065 2576 τὸν
1088 2507 1190 2592 τόπον,
1215 2512 1244 2576 εί
1265 2513 1312 2578 δεῖ
1331 2508 1370 2576 τὰ

167 2611 258 2700 παρὰ
277 2615 340 2688 τοῖς
360 2610 523 2703 βαρβάροις
551 2616 586 2680 ἐν
605 2621 648 2703 σῷ
669 2610 737 2681 edre
759 2610 894 2701 ὀνόματα
914 2615 980 2688 τοῖς
1003 2610 1198 2700 Ἑλληνικοῖς
1220 2615 1369 2700 ἐτυμολο-

168 2720 292 2806 γιῖιίλιι
314 2720 440 2806 φωναῖς.
487 2720 545 2784 sed
566 2739 692 2783 omnem
714 2720 756 2783 de
780 2740 817 2782 ea
840 2741 875 2784 re
897 2721 995 2802 quani
1017 2720 1217 2802 disputamus
1239 2720 1369 2784 dubita-

169 2827 293 2887 tionem
312 2824 426 2887 telluut
441 2843 576 2906 eaquae
591 2825 633 2888 ad
651 2825 708 2888 hos
721 2843 836 2888 versus
850 2823 1007 2906 Apollonii
1024 2823 1137 2888 Rhodii
1158 2822 1203 2905 (ιιι
1214 2825 1279 2886 tta
1294 2825 1366 2907 ss),

170 2923 240 2992 Kal
262 2925 312 2990 κίν
339 2921 555 3011 reodosindum
577 2924 647 2999 Διὸς
668 2925 847 3011 περικαλλὲς
870 2918 1002 3012 diem,
1034 2921 1126 2990 Κιῖνο
1155 2919 1189 2990 ro‘
1211 2925 1240 2990 οἱ
1261 2924 1370 3010 ποίησε

168 3027 249 3116 φίλη
278 3025 387 3116 τροφὸς
411 3023 587 3115 Ἀδρήστεια
606 3022 720 3116 Ἄντριρ
746 3031 779 3093 ἐν
799 3025 902 3116 Ἱδιιίιρ
932 3027 980 3094 ἔτι
1008 3023 1103 3114 νήπια
1135 3028 1320 3115 κουρίζοντι,
1351 3051 1368 3094 a

169 3135 342 3198 scholiasta
355 3133 516 3214 ultoripta
531 3143 622 3198 sunt:
656 3124 759 3220 ἔνιρρ
773 3133 804 3198 ἐν
823 3128 937 3220 Ἰδαίῳ,
962 3135 1080 3214 iuquit,
1103 3125 1123 3217 ἢ
1146 3135 1189 3218 τῷ
1207 3135 1260 3217 τῆς
1276 3127 1368 3217 Κρή-

168 3261 228 3321 της
250 3229 272 3320 ἢ
292 3241 335 3324 τῷ
356 3235 553 3324 πῆς·’ίροίος.
599 3232 820 3304 &ermemirum
847 3232 906 3322 γὰρ
934 3233 987 3302 καί
1014 3233 1116 3322 Τρῶες
1144 3238 1197 3320 τῆς
1223 3239 1276 3301 ποῦ
1299 3231 1369 3308 Διὸς

168 3340 339 3427 γενέσεως,
362 3337 442 3406 redd
462 3363 538 3426 φησι
552 3336 722 3428 Δημήτριος
744 3335 761 3405 ὁ
783 3335 926 3426 Σκήψιος.
964 3343 1074 3422 itaque
1095 3340 1192 3404 luisse
1213 3342 1268 3422 qui
1288 3341 1371 3404 lovis

170 3445 369 3510 inmrnabula
391 3446 424 3508 in
447 3446 581 3528 Phrygia
604 3445 658 3508 lda
680 3446 869 3508 oollooerent
891 3463 954 3506 non
977 3442 1214 3525 suspitionibus
1240 3453 1272 3508 et
1293 3463 1368 3506 oon-

172 3552 299 3613 loetum
321 3547 533 3630 mlligendum
558 3559 645 3627 erat,
677 3548 736 3612 sed
758 3550 856 3612 oertis
878 3548 1069 3610 testimoniis
1095 3546 1203 3610 doeeri
1232 3557 1366 3628 poteret,

178 3664 215 3716 et
230 3671 423 3734 quemquem
437 3653 532 3734 plane
547 3651 746 3716 adsentimur
761 3652 989 3729 Sehoemanuo,
1015 3652 1070 3732 qui
1092 3651 1226 3732 reliquis
1241 3659 1370 3730 praeter

173 3757 319 3820 Cretieas
331 3766 364 3818 et
377 3753 548 3818 hroedioes
570 3755 611 3818 de
633 3757 714 3818 lovis
730 3754 864 3820 infantie
880 3753 996 3818 sabulis
1010 3754 1065 3816 vix
1079 3754 1158 3818 elihi
1172 3773 1267 3834 quam
1282 3753 1370 3837 apud

172 3879 251 3926 suos
265 3877 409 3941 quosque
431 3860 602 3940 populares
623 3857 881 3922 lidemhabitam
898 3877 967 3920 esse
986 3858 1156 3935 existimat,
1182 3867 1287 3920 tamen
1309 3875 1370 3938 per

172 3985 211 4028 se
233 3981 297 4026 non
319 3961 449 4026 videtur
471 3981 542 4026 esse
563 3961 747 4044 negandum
774 3949 921 4042 ροῑιιίινσΙ
946 3963 1142 4042 Propertium
1166 3961 1272 4026 mmm
1293 3979 1393 4042 per-e

174 4069 303 4148 vulgata
325 4066 431 4132 tabula
454 4068 512 4130 uti.
559 4085 672 4130 verum
695 4066 728 4128 in
751 4085 787 4128 eo
810 4067 950 4130 earmina
981 4064 1021 4127 da
1047 4084 1109 4146 quo
1139 4063 1274 4127 dloimus
1302 4063 1369 4126 ieo-

173 4181 244 4234 tnm
267 4169 347 4234 illud
369 4179 419 4232 est
441 4171 650 4251 ineptissime.
693 4188 765 4234 nem
789 4179 825 4232 ut
846 4167 1068 4248 ooneedamus
1095 4167 1180 4250 quod
1202 4185 1298 4248 aegre
1321 4165 1369 4230 ta-

174 4277 296 4354 cimus,
333 4272 466 4336 fluvium
495 4271 537 4336 ad
565 4293 661 4354 quem
689 4273 762 4353 quis
790 4281 883 4336 uatus
912 4281 960 4336 est
987 4290 1081 4352 posse
1111 4272 1182 4336 eius
1211 4269 1369 4334 cunabula

174 4377 255 4458 diei,
281 4387 315 4440 at
335 4376 454 4440 hohllli
480 4377 648 4440 commetes
675 4378 735 4440 isse
757 4375 884 4440 Identm
907 4377 1078 4451 Simoente,
1107 4376 1189 4438 loeis
1216 4372 1370 4440 ιιιιιοίπιίπ

174 4483 280 4563 porei,
313 4481 514 4562 Propertius,
549 4479 654 4544 audax
680 4487 773 4562 poeta
802 4489 835 4542 et
864 4497 928 4544 uon
957 4495 1132 4560 numquam
1161 4475 1279 4553 durus,
1311 4474 1369 4542 sed
