3204 5104
375 394 463 454 lunnx
487 411 649 454 nncrmnru
673 411 855 454 nrannmnvu
877 395 969 455 laet.
1196 382 1277 454 309

95 587 240 642 nostrates
263 591 298 643 ut
321 582 499 663 significent
522 581 562 644 dc
585 585 704 644 maiore
733 584 820 664 copia
843 593 966 664 partem
989 584 1030 645 ad
1052 585 1191 666 aliquem
1215 586 1273 648 de-

94 683 195 744 venire
225 703 288 746 non
317 683 451 766 obsedere
473 695 595 747 tantum
619 683 745 764 dicunt,
779 685 952 750 sedetiam
976 687 1035 748 alia
1059 689 1195 769 imagine
1219 689 1274 751 ab·

92 785 213 863 diessen.
260 787 468 850 consimiliter
482 789 581 851 Latini
600 787 800 851 redundandi
817 787 916 850 verbo
931 799 1083 866 utuntur,
1109 790 1271 854 defluendi

93 897 190 950 autem
212 890 323 951 Cicero
345 892 467 952 actione
492 893 523 952 in
539 893 670 954 Verrem
694 890 832 954 secunda
856 910 889 952 ιιι
914 894 953 953 ta
980 893 1051 973 tto,
1076 912 1195 957 necesse
1217 903 1270 969 ert,

91 993 205 1074 siquid
225 992 409 1056 redundarit
431 993 467 1055 de
489 1002 590 1058 vestro
608 993 814 1076 frumentario
836 1002 979 1076 quaestor,
1008 996 1050 1058 ad
1071 997 1158 1059 illum
1177 999 1274 1078 potis-

91 1095 192 1156 simum
211 1113 377 1177 perquem
400 1096 533 1180 opebotis
563 1097 740 1178 defloruisse.
787 1098 935 1159 similiter
958 1098 1092 1162 Graecos
1114 1098 1273 1184 καταρρεῖν

91 1197 203 1260 dixisse
234 1200 358 1261 etiarnsi
387 1200 543 1281 exemplis
565 1201 751 1262 confirmare
780 1219 842 1261 non
866 1219 1048 1281 possumus,
1081 1211 1185 1264 tomen
1215 1221 1275 1282 per

91 1319 121 1360 se
143 1302 219 1362 satis
240 1300 396 1390 credibile
425 1313 473 1364 est
503 1303 535 1364 in
558 1313 620 1364 tam
643 1314 715 1384 apta
740 1305 784 1366 rel
813 1314 941 1384 tamque
969 1307 1177 1368 conveniente
1202 1325 1272 1368 cum

91 1403 246 1484 popularis
279 1406 435 1466 sermonis
469 1405 577 1468 formis
611 1407 710 1487 ligura
744 1405 884 1469 dicendi.
943 1426 1133 1488 quamquam
1167 1419 1271 1471 autem

91 1525 190 1586 neque
221 1506 260 1569 de
291 1507 378 1569 lucro
401 1527 506 1588 neque
529 1506 569 1571 de
594 1519 682 1589 parte
712 1510 838 1570 maioris
861 1511 968 1592 copiae
992 1509 1032 1572 ad
1054 1512 1191 1591 aliquem
1216 1511 1274 1574 de-

90 1619 219 1672 ventura
248 1609 333 1690 apud
355 1610 555 1673 Theocritum
586 1631 689 1674 sermo
716 1621 781 1691 est,
813 1631 876 1674 non
905 1613 1060 1676 dissimile
1089 1623 1194 1676 tamen
1224 1625 1275 1676 est

90 1711 169 1793 quod
193 1711 269 1775 dicit
292 1715 452 1794 caprario,
485 1714 511 1776 si
536 1716 598 1776 Pan
621 1733 748 1796 capram
771 1717 995 1797 reportaverit,
1029 1716 1180 1798 repellam
1203 1738 1274 1779 ces-

89 1835 189 1877 suram
220 1835 299 1878 esse.
348 1817 455 1898 itaque
487 1819 519 1878 in
550 1818 600 1879 his
620 1817 768 1882 versibus
798 1818 1021 1882 abstinendum
1052 1837 1121 1882 csse
1144 1819 1274 1883 videtur

89 1918 125 1978 ab
146 1920 231 1982 omni
256 1922 439 1982 mutatione.
482 1939 587 2001 neque
612 1924 711 2002 magis
728 1923 897 2003 quicquam
914 1922 1094 1985 novandum
1119 1943 1189 1986 esse
1212 1944 1274 2005 pu-

88 2031 185 2084 tamus
208 2024 241 2084 in
264 2023 419 2104 proximis
441 2023 597 2086 versibus.
647 2023 818 2106 respondet
840 2025 987 2107 Thyrsidi
1011 2028 1185 2108 caprarius,

240 2117 344 2202 ἅδιον,
369 2115 395 2188 ὦ
416 2124 547 2210 ποιμήν,
570 2121 604 2190 τὸ
626 2120 692 2189 τεὸν
716 2126 806 2210 μέλος
827 2119 846 2211 ἢ
869 2123 903 2191 τὸ
925 2125 1055 2213 ιιοιτιιχές

237 2223 300 2313 τῆν’
329 2223 387 2292 ἀπὸ
408 2233 461 2300 τᾶς
482 2227 592 2314 πέτρας
614 2228 822 2316 καταλείβεται
846 2224 957 2316 ὑψόθεν
980 2222 1073 2316 ὕδωρ.

238 2329 310 2395 αἴκα
332 2328 381 2395 ταὶ
404 2333 507 2416 ροῑσαι
528 2331 582 2397 τάν
605 2329 686 2396 niobe
709 2333 805 2417 δῶρον
829 2324 972 2418 ἄγωνται,

238 2425 314 2519 ἄρνα
336 2431 371 2498 τὸ
394 2433 517 2499 οαιιίταν
540 2437 622 2520 λαψῇ
647 2433 754 2521 γέρας·
781 2435 812 2498 αἶ
836 2435 868 2499 δέ
890 2430 921 2498 κ’
947 2431 1060 2523 ἀρέσκῃ
1083 2436 1088 2444 ’

238 2533 341 2622 rivom
364 2529 441 2622 ἄρνα
464 2537 585 2623 λαβεῖν,
609 2533 643 2600 τὸ
666 2536 699 2602 δὲ
721 2533 774 2602 τὰν
798 2530 843 2602 ὄιν
866 2529 987 2624 ὕστερον
1010 2531 1104 2613 ἑξεῖς.Ι

87 2635 163 2703 οἴιδα
186 2650 295 2703 utrum
317 2641 477 2703 scribetur
498 2660 538 2703 an
560 2633 646 2718 tote,
672 2641 712 2704 de
735 2661 797 2722 quo
813 2643 988 2705 llcinelius
1011 2653 1042 2706 et
1065 2645 1117 2708 hic
1140 2645 1221 2708 dixit
1242 2657 1315 2710 etta

88 2745 117 2804 in
141 2745 331 2806 Callimacho
359 2763 391 2824 p.
420 2745 475 2823 lb,
509 2755 701 2807 momentum
725 2765 787 2806 non
811 2746 901 2822 iacit,
934 2747 995 2808 nisi
1019 2746 1104 2827 quod
1128 2759 1274 2829 putamus

86 2845 320 2926 Aristarchum,
346 2848 400 2927 qui
425 2849 457 2909 in
475 2849 638 2910 Homerico
656 2843 840 2920 versuciis:
861 2850 1004 2929 scripsit,
1030 2850 1103 2912 talia
1127 2870 1188 2913 non
1213 2853 1274 2912 lin-

86 2952 169 3012 xisse
193 2949 251 3012 sed
274 2948 452 3012 audivisse:
485 2949 637 3013 dhrentis
659 2948 739 3014 olibo
761 2952 937 3014 lleinelius
960 2951 1120 3015 refutavit.
1169 2955 1202 3016 in
1224 2956 1274 3017 ul-

88 3054 160 3114 timo
184 3072 280 3116 versu
304 3073 376 3116 cum
399 3053 473 3116 libri
498 3051 565 3114 iere
588 3047 666 3125 οἰξεῒς
689 3053 843 3134 habeant,
875 3053 1000 3117 hhrens
1020 3055 1178 3137 probabili
1201 3078 1277 3120 con-

87 3156 205 3218 iectura
228 3155 302 3227 ἑξεῖς
326 3157 478 3219 restituit:
505 3155 640 3218 sednon
658 3166 743 3219 recte
767 3156 799 3220 id
822 3159 945 3238 putavit
960 3159 1137 3220 confirmari
1155 3161 1278 3222 novicio

85 3259 202 3321 scholio
230 3263 263 3321 in
286 3278 349 3340 quo
371 3260 525 3339 scriptum
548 3269 596 3322 est
618 3253 713 3338 ἆξεῖς,
745 3253 846 3343 λαβὼν
875 3255 983 3337 οἴσεις,
1013 3260 1162 3324 τουτέστιν
1185 3262 1276 3347 ivr-q

85 3355 148 3446 ὠδῇ
178 3357 216 3426 τὰ
246 3361 399 3446 δευτερεῖα
426 3365 486 3425 τῶν
504 3365 634 3445 ’μουσῶν
663 3361 747 3434 ἕξεις.
802 3383 841 3424 ex
871 3362 988 3443 quibus
1011 3375 1096 3427 certo
1119 3366 1278 3448 colligitur

84 3466 283 3527 scholiastam
313 3483 375 3527 non
406 3465 521 3546 legisse
551 3464 635 3537 ἑξεῖς.
682 3485 794 3527 verum
818 3467 896 3527 haec
926 3467 1009 3548 ipsa,
1042 3462 1076 3530 ni
1100 3465 1133 3530 δὲ
1154 3463 1207 3532 τὰν
1231 3460 1276 3532 ὄιν

84 3559 207 3652 ὕστερον
230 3566 321 3643 ticin,
352 3569 508 3631 lleinelrio
533 3568 684 3631 videntur
713 3567 865 3630 mendum
889 3570 1063 3631 continere.
1111 3591 1182 3633 nam
1207 3593 1278 3634 cum

85 3671 217 3752 Thyrsis
246 3681 337 3734 antea
367 3689 426 3752 per
454 3668 571 3752 gradus
600 3673 812 3750 praemiorum
842 3670 883 3732 ab
905 3671 992 3733 hirco
1020 3673 1059 3734 ad
1084 3693 1228 3756 capram,
1260 3697 1277 3738 a

84 3793 178 3856 capra
202 3775 244 3836 ad
267 3774 419 3854 capellam
443 3771 662 3851 descenderit,
687 3775 834 3836 similiter
857 3776 907 3836 hic
923 3775 992 3838 lieri
1016 3777 1153 3858 postulet
1168 3788 1279 3858 neget-

84 3895 146 3957 que
171 3886 243 3959 pcst
265 3871 346 3940 οἷιδα
366 3879 603 3938 commemorari
626 3895 718 3956 posse
741 3866 804 3954 ὄιν,
831 3876 934 3940 idest
957 3889 1024 3960 post
1049 3898 1139 3941 ovem
1163 3882 1278 3944 iterum

83 3999 188 4042 ovem.
230 3981 336 4060 itaque
352 3981 486 4042 coniecit
509 3978 714 4041 scribendum
738 3999 808 4042 esse
830 3975 865 4042 οὐ
889 3979 959 4044 νέαν
983 3972 1027 4045 ὄιν
1047 3973 1169 4067 ὕστερον
1192 3981 1275 4056 licie.

85 4085 123 4144 ite
150 4093 238 4146 recte
259 4101 294 4144 se
311 4085 459 4165 excipere
482 4077 574 4160 οἴιδα,
599 4101 689 4144 ονειιι
706 4083 884 4162 lactantem,
910 4074 987 4169 ἄρνα
1002 4082 1138 4160 conitor,
1163 4105 1278 4166 agnum

84 4185 124 4248 ab
158 4185 263 4250 ubere
297 4184 485 4268 depulsum,
525 4183 595 4248 νέαν
625 4176 688 4261 ὄιν,
727 4185 880 4248 oviculam
911 4186 1089 4248 lactentem.
1143 4188 1277 4251 similem

84 4288 339 4366 distinctionem,
364 4288 421 4351 sed
444 4299 480 4350 ut
503 4290 606 4369 inepta
628 4290 888 4369 interpretatione
904 4287 1154 4369 defungeretur,
1180 4309 1280 4372 quae·-

86 4393 161 4452 sivit
191 4391 374 4454 scholiastes
403 4393 470 4454 ille:
487 4394 542 4472 qui
571 4391 612 4454 ad
641 4381 686 4454 ὄιν
716 4391 885 4472 adscripsit
908 4385 1039 4476 ἀμνάδα.
1093 4393 1278 4474 quidquod

87 4493 199 4558 eadem
232 4513 308 4558 usus
336 4496 611 4576 argumentatione
634 4493 760 4560 dhrcns
789 4494 912 4556 doctius
938 4494 1060 4578 aliquid
1084 4507 1280 4564 commentus
