3204 5104
329 349 403 422 410
626 363 715 424 lunas
738 380 903 424 murmura
926 383 1104 425 ‚aaarrraarr
1123 364 1214 424 l869.

329 553 463 614 urraiorcs
487 551 652 630 usurparit
675 550 794 614 bardus
818 551 887 628 illc,
921 553 1106 632 quicunque
1137 555 1163 614 is
1190 551 1317 616 demum
1342 553 1429 616 luerit
1448 552 1496 613 dc-

327 655 473 736 scriptor.
514 655 700 734 paginarum
723 655 826 717 lineae
840 655 921 736 stylo
943 654 1074 736 quidem
1089 667 1163 721 sunt
1178 655 1307 734 ductae,
1332 655 1388 721 sed
1406 676 1495 736 nequa

328 756 502 839 profundae
533 768 568 820 ιιι
598 757 629 820 in
661 767 767 836 textu,
800 767 832 820 et
861 758 961 838 magis
989 759 1205 824 cohaerentes.
1252 777 1292 822 ex
1321 778 1382 842 quo
1407 758 1437 821 fit
1456 769 1494 836 ut,

328 861 399 924 licet
422 863 535 941 viginti
559 871 680 926 tantum
702 861 826 942 singula
848 862 962 941 quavis
983 860 1063 924 laeie
1086 863 1151 926 sint
1177 861 1309 941 ductae,
1337 881 1398 924 non
1419 881 1496 925 serus

326 985 363 1028 ao
379 966 410 1028 in
426 964 625 1046 Euangelus,
651 964 737 1026 frons
753 973 857 1026 tamen
881 973 914 1027 et
936 965 1033 1028 latera
1049 965 1204 1048 limbique
1220 967 1316 1032 latius
1330 975 1494 1030 excurrant,

328 1069 409 1132 hano
430 1088 448 1130 a
471 1069 655 1154 sequiorem
678 1077 856 1148 temporum
873 1069 973 1147 lanio,
999 1071 1054 1149 qui
1078 1068 1218 1134 codicem
1242 1065 1432 1134 fatiscentem
1454 1088 1495 1130 rc·

325 1173 444 1250 sarciit,
471 1172 521 1234 hie
543 1171 698 1248 adsutum,
724 1191 795 1234 cum
819 1171 1034 1250 membranae,
1059 1183 1126 1235 turn
1145 1174 1232 1240 locus
1248 1173 1317 1253 ipso
1331 1175 1405 1236 satis
1419 1174 1496 1233 erin-

326 1285 414 1338 cunt.
460 1284 529 1340 suta
560 1275 645 1338 enim
675 1283 723 1338 est
753 1277 838 1337 inter
860 1275 940 1340 duas
961 1276 1038 1338 alias
1061 1295 1238 1357 purpureas
1261 1275 1421 1356 equidem,
1449 1273 1494 1336 scd

326 1397 460 1458 quarum
484 1379 584 1457 color,
609 1387 645 1442 ut
668 1396 779 1442 recens
800 1397 838 1442 ac
858 1387 1029 1460 propterea
1051 1379 1196 1456 viridem,
1221 1380 1268 1442 sie
1289 1380 1394 1444 tenuis
1414 1388 1495 1458 atquo

325 1481 463 1560 dilutus,
494 1482 589 1544 aliter
615 1491 712 1561 etque
742 1481 774 1542 in
798 1481 915 1544 codiee.
963 1493 1129 1563 praeterea
1158 1481 1375 1560 nudassent,
1405 1499 1495 1561 nequo

327 1585 421 1650 lineis
435 1584 476 1648 ad
491 1603 571 1665 epus
585 1595 726 1665 paratae.
766 1586 799 1646 iu
814 1585 991 1664 anteriore,
1017 1604 1111 1666 quam
1127 1605 1253 1652 sursum
1270 1605 1395 1650 vorsum
1409 1593 1497 1648 sector

327 1688 379 1752 ille
408 1686 582 1769 disposuit,
619 1689 697 1753 haee
726 1689 892 1768 leguntur,
929 1689 1043 1752 litteris
1072 1708 1167 1770 quam
1199 1691 1232 1752 in
1263 1687 1494 1770 praelatiuurula

326 1791 498 1854 maioribus
519 1799 551 1853 et
573 1790 613 1854 ad
637 1791 754 1854 codicis
775 1793 914 1872 speciem
931 1791 1060 1854 olfictis:
1093 1793 1165 1856 Velit
1186 1793 1279 1856 lector
1301 1792 1436 1856 videaur
1455 1809 1495 1850 re-

325 1896 430 1958 citare.
472 1895 504 1958 in
527 1895 703 1976 posteriore
720 1913 813 1974 vero,
838 1905 1002 1978 utcunque
1024 1904 1199 1978 appareant
1220 1896 1396 1960 litterarum
1411 1895 1496 1956 resti-

325 1998 392 2078 gia,
424 2017 478 2060 eas
500 2007 605 2062 tamen
629 1999 671 2061 ita
694 1999 825 2079 spongia
848 1997 968 2063 delevit
998 2006 1032 2061 ut
1054 1999 1134 2062 nihil
1156 2000 1287 2080 penitus
1308 2001 1377 2062 erui
1398 1997 1492 2078 possit.
1581 2031 1582 2070 ι

300 2115 477 2181 aquensem
505 2119 599 2179 vere,
634 2109 689 2164 aut
719 2101 804 2164 unde
835 2102 947 2166 lacinia
977 2102 1035 2164 ista
1065 2103 1116 2164 hie
1145 2089 1343 2183 in¹repsorit,
1372 2099 1494 2164 viderint

325 2203 442 2284 quibus
457 2213 557 2268 vacat.
605 2202 683 2268 illud
701 2214 748 2266 ost
763 2204 934 2268 observatu
949 2205 1079 2285 dignum
1098 2207 1158 2268 iam
1183 2217 1258 2268 tunc
1281 2206 1315 2266 in
1336 2223 1394 2269 usu
1412 2203 1493 2265 tuisse

325 2307 485 2370 Gothicam
501 2308 632 2370 Vulsrlae
649 2308 844 2386 versionem,
863 2308 954 2372 cuius
969 2327 1109 2372 semesas
1123 2309 1161 2370 N.
1179 2309 1213 2370 T.
1233 2308 1385 2388 reliquias
1399 2323 1494 2386 magno

323 2411 517 2491 posteritatis
545 2409 627 2472 hono
655 2408 757 2474 edidit
779 2411 963 2476 Franciscus
986 2412 1105 2474 lunius.
1153 2413 1179 2474 si
1208 2419 1315 2474 tamen
1344 2409 1384 2473 de
1405 2429 1437 2474 ea
1456 2409 1493 2469 lo

324 2515 435 2594 quitur
464 2514 698 2582 consarcinator
726 2511 808 2576 iste’
853 2513 993 2593 optabile
1021 2524 1070 2576 est
1098 2525 1133 2577 ut
1162 2513 1278 2594 aliquis
1306 2512 1447 2578 schedam
1466 2512 1493 2572 in

324 2635 387 2697 qua
410 2616 577 2679 Garbellus
605 2617 783 2680 litterarum
812 2617 944 2696 vestigia
974 2617 1129 2698 adparere
1158 2617 1235 2680 dicit
1262 2617 1352 2683 inlito
1374 2614 1494 2678 medioa-

324 2729 429 2783 mento
453 2720 613 2801 exploret:
646 2721 872 2784 Mommsenum
901 2718 1050 2784 dubitare
1073 2721 1202 2782 memini
1229 2739 1306 2784 num
1329 2720 1448 2783 omniuo
1468 2717 1492 2776 iu

323 2842 359 2886 ea
382 2823 535 2903 seriptum
564 2822 687 2903 aliquid
717 2821 824 2886 luerit.
871 2821 1040 2886 Garbellus
1061 2822 1137 2886 dum
1160 2823 1355 2886 stomachose
1377 2820 1492 2886 bardum

323 2925 429 3005 illum,
452 2935 487 2990 ut
502 2925 655 3006 adpellat,
678 2925 906 3006 descriptorem
922 2925 1059 3005 exagitat
1075 2926 1108 2988 in
1124 2923 1320 2990 ascribenda
1336 2926 1403 2988 eius
1416 2943 1492 3006 prae-

324 3026 439 3093 latione
462 3037 525 3092 tam
542 3030 715 3109 neglegens
737 3029 789 3090 vel
811 3028 916 3108 potius
939 3026 1099 3108 inpudens
1122 3027 1181 3093 luit
1203 3037 1238 3093 ut
1260 3027 1302 3094 do
1326 3028 1392 3110 ipso
1413 3027 1492 3090 mulu

324 3131 442 3194 rectius
465 3131 538 3211 quis
558 3131 747 3194 stomachari
769 3133 879 3211 possit.
927 3129 1007 3193 illud
1029 3130 1098 3194 leve
1121 3140 1169 3194 est
1191 3129 1277 3212 quod
1292 3151 1324 3196 a.
1346 3131 1383 3194 tt
1405 3131 1491 3211 linquo

323 3234 466 3314 scripsit:
493 3253 565 3296 num
584 3237 728 3314 peccavit
745 3233 788 3297 ibi
805 3234 968 3300 librarius.
1008 3253 1114 3314 neque
1130 3253 1243 3316 magno
1258 3232 1491 3316 vituperabimus

322 3355 419 3417 opere
448 3335 533 3417 quod
563 3357 593 3398 r.
621 3337 659 3400 l2
688 3339 809 3402 etionasi
837 3339 869 3400 in
899 3340 957 3402 etri
982 3347 1036 3400 aut
1064 3337 1148 3418 quod
1171 3357 1202 3400 v.
1229 3339 1269 3400 38
1301 3338 1363 3402 sirit
1384 3338 1415 3400 in
1434 3339 1492 3398 mal

323 3441 404 3501 male
433 3441 578 3502 mutavit.
633 3439 690 3502 sed
723 3442 851 3503 sexiens
880 3439 964 3504 idom
995 3439 1129 3507 verbum
1159 3441 1321 3520 Geticum,
1357 3441 1490 3522 seriptum

323 3541 402 3610 illud
417 3544 532 3608 litteris
547 3545 665 3607 Latinis
686 3545 780 3626 plane
802 3545 898 3608 certis
920 3563 957 3608 ao
971 3545 1168 3626 perspieuis,
1193 3543 1311 3626 insigni
1334 3542 1490 3609 temeritate

322 3645 503 3712 obscuravit
532 3656 771 3728 commentoque
800 3647 922 3710 obtexit
951 3646 1101 3712 absurdo.
1148 3647 1277 3729 scripsit
1305 3649 1391 3710 enim
1410 3665 1438 3708 v.
1459 3643 1489 3704 33

319 3767 378 3830 pre
400 3749 479 3834 quod
501 3751 533 3812 ia
555 3751 621 3814 err
645 3749 771 3817 lateres
790 3750 877 3831 fectu
900 3759 960 3828 est,
993 3771 1024 3812 v.
1050 3751 1092 3813 32
1121 3769 1215 3834 super
1236 3751 1302 3814 uult
1330 3750 1435 3816 tecue
1454 3749 1489 3808 iu-

322 3855 462 3931 oouitur,
494 3873 526 3916 r.
551 3855 591 3916 33
622 3854 655 3916 iu
677 3855 743 3935 ipse
771 3854 836 3916 cult
865 3853 976 3918 labere
997 3853 1178 3930 secuudum,
1211 3872 1242 3914 r.
1267 3849 1490 3936 streperent

322 3955 432 4018 holere
454 3957 609 4020 devenitur
631 3966 663 4018 et
685 3959 716 4020 iu
739 3957 805 4022 cult
825 3955 936 4020 labere
958 3964 1109 4020 ostensem
1131 3965 1191 4037 est,
1220 3976 1253 4020 v.
1278 3955 1320 4020 37
1344 3959 1420 4039 ipsos
1440 3951 1490 4016 rull

208 4083 210 4088 v
321 4056 448 4122 tuberes
470 4078 531 4120 nou
550 4059 751 4140 perciperent.

408 4160 551 4226 Getieum
580 4161 768 4226 vocabulum
798 4161 883 4243 qnod
913 4164 1042 4226 sexiens
1071 4163 1183 4226 eadem
1205 4163 1428 4244 significatione
1449 4178 1488 4220 rr-

321 4263 442 4344 petitur
465 4283 527 4330 uon
545 4265 639 4345 plane
655 4285 770 4332 novum
794 4274 842 4328 est
856 4285 963 4346 nequo
979 4264 1158 4330 inauditum
1174 4273 1279 4328 antea.
1320 4267 1351 4330 in
1367 4261 1486 4346 Epistula
1582 4345 1583 4350 ἵ

323 4367 408 4430 enim
430 4367 470 4430 ad
486 4368 610 4432 Galatas
626 4370 680 4430 36
704 4368 820 4448 legitur
842 4361 941 4432 ὁποῖοι
961 4391 1032 4432 ποτε
1054 4359 1130 4453 ἦσαν
1140 4417 1150 4446 ,
1174 4362 1261 4434 οὐδέν
1286 4392 1337 4452 μοι
1357 4364 1485 4452 διαφέρει
1581 4391 1583 4470 j

323 4488 455 4551 quorum
475 4470 643 4536 verborum
659 4471 784 4552 vulgata
801 4473 1019 4553 interpretatio
1039 4471 1116 4534 haee
1130 4481 1194 4552 est,
1219 4473 1325 4554 quoles
1347 4464 1486 4554 elipando
