3184 5108
135 1294 302 1394 INDEX
333 1293 652 1394 nutrierint
681 1294 1048 1394 HIBERNARVM
1080 1301 1205 1395 1862.

88 1547 177 1660 Ionis
199 1598 266 1661 Chii
291 1601 347 1662 hos
370 1617 483 1663 versus
506 1599 642 1679 legimus
663 1598 748 1680 apud
764 1597 961 1662 Athenaeum
985 1598 1066 1660 libro
1089 1619 1118 1662 ιιι
1142 1621 1173 1679 p.
1191 1601 1263 1677 tot,

203 1699 336 1787 χαιρέτω
356 1695 502 1787 ἡμέτερος
526 1696 677 1786 βασιλεύς,
704 1696 803 1788 σωτήρ
824 1725 857 1766 τι
878 1696 977 1788 πατήρ
1000 1721 1051 1766 τι·

263 1798 336 1889 ἡμῖν
359 1802 392 1868 δὲ
414 1799 534 1891 κρητῆρ’
562 1799 696 1891 οἰνοχόοι
719 1804 848 1890 θίραπις

202 1901 365 1992 κιρνάντων
387 1902 583 1994 προχύταισιν
605 1909 638 1971 ἐν
662 1903 836 1994 ἀργυρίοις·
861 1902 877 1971 ‘o
902 1906 935 1972 δὲ
957 1904 1068 1994 χρυσὸς

264 2007 345 2076 οἶνον
368 2009 448 2097 ἔχων
471 2015 582 2098 χειρῶν
606 2011 711 2084 νιζίτω
733 2012 776 2084 τίς
798 2009 929 2098 ἔδαφος·

202 2113 377 2187 mittite<
399 2110 429 2178 δ’
457 2109 555 2200 ἁγνῶς
571 2098 720 2202 Ἡρακλίι
740 2110 761 2180 τ’
786 2111 935 2202 Ἀλκμήνῃ
957 2139 1000 2194 τι,

266 2215 409 2304 Προκλέι,
435 2215 613 2304 [inpertiam
635 2214 655 2284 τ’
683 2220 717 2284 ἐκ
740 2215 809 2292 Διὸς
832 2214 997 2306 ἀρχόμενοι

199 2319 343 2405 πίνωμεν,
367 2319 532 2406 παίζωμεν,
558 2319 612 2388 ἴτω
635 2318 685 2388 διὰ
708 2319 811 2396 νοατὸς
833 2318 935 2407 ἀοιδή,

263 2420 418 2511 ὄρχιίαθω
438 2449 494 2502 τις,
518 2421 596 2490 ἑκτὸν
620 2421 642 2488 δ’
670 2417 747 2512 ἄρχε
768 2422 1010 2513 φιλοφροσύνης·

202 2520 304 2594 ὅντινα
328 2524 350 2591 δ’
378 2523 496 2614 aderiti<
519 2528 620 2614 μίμνοι
642 2523 753 2614 θήλεια
774 2515 944 2616 παίριονος,Ι

263 2633 361 2706 κεῖνος
382 2637 441 2698 τῶν
465 2624 566 2698 ἄλλων
588 2627 765 2718 κυδρότερον
787 2633 896 2702 πίεται.

84 2734 185 2798 insunt
208 2737 241 2800 in
271 2737 323 2800 his
343 2735 491 2798 uersibus
515 2755 597 2816 quae
619 2736 775 2817 quomodo
798 2737 1010 2819 intellegenda
1042 2739 1106 2800 sint
1127 2737 1267 2802 dubitari

80 2841 184 2920 possit,
209 2859 315 2921 neque
338 2842 443 2902 emnia
467 2849 551 2902 reete
574 2841 691 2920 scripta
715 2859 784 2904 esee
806 2841 950 2924 adparet,
976 2841 1035 2906 sed
1050 2842 1136 2923 quali
1158 2861 1269 2907 emen-

79 2939 201 3006 datione
230 2961 371 3008 errorem
399 2943 508 3006 tollere
538 2953 681 3024 oporteat
710 2945 795 3008 haud
824 2946 966 3026 proclive
989 2945 1077 3008 diotu
1099 2955 1164 3024 est,
1197 2965 1267 3010 eum

79 3045 159 3110 nulio
182 3047 349 3112 manifesto
373 3045 611 3128 depravationis
639 3048 729 3127 signo
753 3047 903 3112 mendosa
926 3048 1098 3110 verborum
1120 3067 1197 3130 pars
1218 3051 1269 3110 in-

78 3147 174 3214 dicari
204 3150 362 3214 videatur.
410 3152 518 3232 itaque
548 3150 655 3212 variae
684 3169 721 3212 ae
743 3149 889 3216 diversae
920 3151 1083 3213 hominum
1106 3151 1267 3216 doctorum

79 3249 205 3320 tuerent
225 3256 426 3338 opinationes
448 3275 488 3318 ex
511 3273 575 3334 quo
596 3252 749 3318 Rimrdus
771 3256 951 3335 Bentleius,
982 3273 1052 3316 eum
1077 3256 1111 3314 in
1133 3256 1267 3336 epistula

77 3355 116 3420 ad
136 3359 286 3424 loannem
300 3358 432 3422 Millium
453 3358 631 3440 oonsoripte
654 3359 809 3440 ingeniosi
834 3370 944 3441 poetae
968 3359 1151 3420 memoriam
1174 3378 1269 3440 prae-

78 3460 157 3524 oiaro
180 3461 435 3543 redintegraret,
466 3462 570 3543 attigit
598 3463 704 3544 potius
730 3464 790 3528 hoo
811 3482 939 3526 oarmen
962 3461 1169 3543 breviterque
1193 3483 1269 3545 per-

77 3567 205 3630 strinxit
228 3584 326 3648 quam
353 3575 441 3630 certa
471 3565 731 3646 interpretatione
760 3577 793 3630 et
821 3566 1042 3629 emendatione
1073 3566 1265 3647 explanavit.

77 3685 169 3748 quam
192 3671 378 3753 opinionum
401 3678 714 3751 comissatorumque
737 3671 922 3734 varietatem
952 3689 1009 3732 nos
1030 3667 1108 3732 dnm
1139 3671 1269 3751 elegan-

76 3772 213 3836 tissimos
241 3791 357 3839 versus
385 3771 591 3836 traotabimus
620 3782 752 3838 eotenus
779 3791 1013 3854 persequemur
1035 3783 1195 3854 quatenus
1214 3785 1269 3840 aut

76 3877 291 3940 neeessarium
313 3886 368 3940 aut
387 3876 466 3940 utile
496 3877 606 3940 saitem
630 3895 700 3940 esse
722 3874 904 3940 videbitur:
936 3878 1152 3958 apertissimos
1182 3881 1268 3940 enim

76 3979 186 4062 etqui
208 3982 264 4042 vix
285 3998 479 4064 quemquam
510 3980 620 4042 ioliere
643 3983 767 4061 possint
788 3999 914 4044 errores
935 3983 1097 4062 exagitere
1119 4001 1181 4044 non
1208 3985 1268 4044 mi-

76 4099 135 4148 nus
156 4083 305 4166 putidum
329 4094 378 4146 est
399 4101 494 4165 quarn
518 4083 723 4146 invidiosum.

160 4186 292 4252 initium
320 4185 507 4268 disputandi
536 4207 572 4250 eo
595 4185 729 4252 ieoimue
750 4197 786 4250 ut
807 4187 1061 4254 demonstremus
1084 4187 1140 4254 ubi
1163 4199 1268 4256 uotum

77 4288 119 4352 sit
135 4299 194 4354 rut
220 4292 271 4372 agi
302 4291 440 4372 fingatur
469 4291 650 4354 convivium
678 4291 720 4354 ed
743 4290 828 4371 quod
858 4309 987 4356 earmen
1009 4294 1093 4356 ionis
1114 4293 1265 4376 partinet,

76 4411 138 4456 nou
153 4395 246 4475 qussi
269 4411 350 4456 nova
372 4395 525 4476 prolaturi
540 4395 642 4458 simus
659 4393 801 4476 (fuorunt
823 4397 909 4456 enim
924 4393 979 4475 qui
1004 4415 1074 4458 eam
1097 4416 1164 4460 rem
1182 4407 1267 4462 reete

76 4495 333 4580 intellegerent),
366 4496 424 4560 sed
453 4499 528 4578 quio
557 4495 809 4578 praemunienda
837 4509 885 4562 est
914 4499 968 4562 illa
996 4498 1168 4580 disputatio
1197 4500 1268 4564 aliie
