3204 5104
339 352 413 424 378
632 368 720 428 lanan
743 382 908 426 cscrrouru
931 382 1110 425 issriinvu
1136 363 1228 424 leae.

338 563 409 618 tunc
430 555 507 618 illud
529 555 613 637 apud
626 551 791 636 Aquitanos
814 554 911 616 evenit
932 552 1011 634 quod
1032 553 1122 617 latior
1141 553 1228 635 soma
1243 555 1398 637 culparat.
1440 561 1512 616 nete-

338 665 425 722 rator
453 657 576 739 quidam
604 659 645 721 ad
673 659 790 720 lautum
819 657 990 720 convivium
1019 663 1142 740 ropatus
1172 657 1391 732 otmundum,
1419 658 1511 739 qualia

338 769 410 824 suot
432 762 463 823 ia
485 761 532 824 bis
560 760 732 844 ropionibus
760 763 913 842 plurima,
947 779 1014 824 carm
1043 761 1168 824 vidisset
1195 761 1356 824 linteorum
1383 761 1511 823 aratiam

335 883 414 946 par,
438 864 514 928 duos
537 866 639 928 clavos
661 865 705 926 ita
727 864 890 926 latissimos
912 870 947 925 ut
967 863 1026 925 sibi
1047 865 1181 926 vicissim
1197 870 1265 926 arte
1287 864 1510 926 ministrantium

338 967 550 1044 cohaererent,
586 985 778 1048 massamque
805 967 996 1048 operimentis
1022 965 1152 1048 paribus
1183 974 1307 1038 tectam
1344 969 1508 1030 annuerem

339 1069 505 1152 eblamydrs
534 1077 656 1152 partem
686 1077 817 1151 utraque
848 1088 943 1132 mnu
975 1069 1084 1133 oetas
1121 1072 1304 1134 mtrirtsecus
1340 1077 1508 1134 stracmrao

339 1192 454 1236 omnen
475 1180 508 1236 ut
530 1175 658 1236 amictus
680 1173 890 1236 adornaverat
907 1173 1114 1255 principales,
1139 1192 1289 1254 quaerens
1308 1174 1508 1255 patrimonium

339 1277 423 1340 clives
438 1278 554 1340 evertit.
595 1277 673 1340 haec
695 1277 836 1357 intellegi
858 1295 920 1340 non
944 1285 1086 1358 possunt.
1125 1277 1277 1361 nimirum
1291 1277 1431 1340 Valesius
1444 1273 1509 1338 dum

339 1380 554 1444 narrationem
576 1379 746 1443 amandare
768 1389 801 1443 ει
824 1380 983 1461 explicare
1005 1379 1114 1443 studet
1133 1381 1221 1444 auxit
1243 1381 1313 1442 eius
1329 1379 1510 1461 depravatio-

339 1503 424 1546 nem.
449 1483 602 1546 aValesio
617 1484 704 1546 enim
719 1483 893 1564 proiectum
910 1494 958 1546 est
973 1501 1122 1564 quaerens
1137 1481 1217 1546 illud
1232 1481 1319 1563 quod
1334 1485 1432 1545 omnia
1445 1500 1509 1562 per-
1595 1513 1596 1568 q

340 1585 458 1650 turbat.
490 1585 656 1667 legabatur
670 1596 763 1652 antea
776 1587 1020 1670 principalesque
1035 1605 1085 1649 res
1101 1585 1261 1667 habetque
1276 1585 1311 1649 id
1327 1587 1425 1668 ipsum
1439 1584 1508 1646 liber
1595 1591 1596 1676 ξ

340 1691 518 1754 Vaticanus.
559 1692 666 1771 itaque
681 1689 887 1754 scribendum
903 1700 951 1752 est
965 1691 1148 1754 intrinsecus
1163 1697 1352 1753 structarum
1367 1707 1470 1752 omnem
1483 1694 1510 1748 ut

340 1795 467 1858 umr'ctns
483 1793 692 1856 admnavmm
703 1794 909 1876 principales:
927 1810 1001 1867 orae
1017 1812 1068 1856 res
1080 1795 1298 1875 patrimonium
1311 1793 1393 1856 dices
1407 1792 1506 1854 coertl.
1595 1865 1596 1872 ἵ

340 1891 522 1984 (occupavit
545 1898 798 1961 emendationem
821 1898 967 1962 Patavius
989 1895 1030 1960 ad
1053 1897 1260 1962 Themistium
1283 1917 1317 1978 p.
1335 1897 1394 1958 584
1410 1888 1507 1978 llind.)
1595 1893 1596 1898 ’

426 2002 471 2062 Ι)ε
501 1999 638 2064 obelisco
667 2019 763 2082 quam
793 2001 994 2064 Constantius
1024 2001 1128 2063 erexit
1154 1998 1340 2063 Ammianus
1362 2019 1418 2062 mu
1439 2000 1454 2060 l
1477 1997 1507 2056 li

341 2105 420 2167 baec
441 2113 567 2184 narrat,
592 2105 658 2168 solo
676 2112 746 2186 post
765 2104 839 2168 baec
861 2103 997 2168 restabat
1017 2105 1142 2185 erectio,
1166 2123 1243 2187 quae
1266 2105 1325 2166 orm
1338 2111 1392 2166 out
1411 2121 1444 2164 ne
1462 2101 1509 2162 oia

340 2208 460 2290 quidem
481 2207 664 2290 opinabatur
682 2225 772 2289 posse
794 2207 946 2290 conpleri:
970 2209 1132 2290 erectisque
1153 2226 1248 2289 usque
1265 2207 1432 2288 periurium
1451 2205 1509 2266 altis

342 2310 495 2390 trabibus,
520 2319 555 2373 ut
575 2311 789 2374 maebinaram
810 2329 951 2374 cerneres
973 2329 1097 2388 nemus,
1125 2313 1320 2374 innectuntur·
1341 2311 1420 2374 mati
1433 2308 1509 2390 sana

342 2422 370 2476 et
391 2415 487 2497 lonpi,
520 2414 561 2477 ad
582 2415 710 2496 speciem
732 2414 943 2495 miltiplicinm
969 2414 1107 2476 liciorum
1128 2415 1246 2478 eoelum
1267 2413 1412 2476 musitata
1430 2411 1508 2474 aaa

341 2517 535 2580 mancam
558 2527 590 2579 et
611 2535 693 2598 quaa
716 2527 881 2580 secuntur.
928 2516 1075 2598 displicet
1097 2519 1204 2580 erectis
1222 2537 1264 2562 -’-
1284 2517 1419 2580 trabibus
1437 2523 1507 2596 post-

342 2639 437 2702 quam
460 2622 567 2684 ereclio
589 2619 673 2683 dicta
697 2631 745 2683 est
767 2619 807 2684 de
829 2619 967 2684 obelisco
990 2620 1152 2701 erigendo.
1199 2619 1258 2684 sed
1272 2622 1430 2702 erectisque
1447 2635 1506 2698 pra

342 2724 459 2788 lectum
489 2733 537 2786 est
564 2722 752 2786 aGelenio:
786 2723 871 2805 quod
893 2722 1148 2805 Lindenbrogius
1176 2743 1217 2787 ex
1244 2723 1328 2786 libro
1354 2721 1505 2785 Florentino

342 2825 447 2890 adlart
469 2826 629 2910 mesasqtte
655 2828 865 2908 similiterque
889 2827 1052 2910 exemplar
1074 2829 1248 2892 Romanum
1270 2825 1382 2905 habet,
1412 2824 1442 2888 id
1460 2823 1505 2884 ia

342 2931 466 2993 ticanus
499 2931 594 2994 etiam
628 2929 712 2992 liber
739 2928 883 3012 praebet.
935 2929 1106 2993 Aceursins
1134 2931 1262 3010 scripsit
1289 2930 1321 2992 id
1349 2937 1392 2992 est
1417 2927 1507 3007 absque

339 3033 476 3114 periculo
499 3031 596 3114 idque
619 3043 689 3114 post
703 3034 839 3114 conpleri
852 3033 987 3096 traiecit.
1033 3031 1210 3096 absurdum
1223 3033 1282 3096 hoc
1298 3043 1362 3096 est:
1387 3031 1440 3095 sed
1459 3045 1505 3091 non

343 3135 449 3198 minus
478 3135 654 3198 absurdum
684 3137 807 3199 Galenii
837 3135 917 3198 illud
946 3137 1109 3218 erectisque
1137 3155 1232 3218 usque
1257 3136 1424 3217 perieulum
1452 3132 1506 3194 ota

344 3237 493 3302 trabibus.
540 3259 613 3300 nam
636 3241 669 3300 in
692 3239 859 3302 altitudine
880 3237 1019 3302 trabium
1041 3240 1162 3302 nrdlum
1186 3239 1289 3320 potuit
1310 3258 1380 3302 esse
1401 3236 1506 3318 perias

343 3342 427 3404 lum:
453 3340 577 3405 addidit
599 3351 705 3405 autem
727 3360 821 3424 usqrie
837 3341 998 3405 Gelenius.
1047 3342 1131 3423 quod
1146 3343 1317 3405 Vaticanus
1339 3341 1418 3402 liber
1431 3335 1505 3400 habet

343 3445 504 3526 idestisque
522 3445 694 3526 periurium
716 3447 759 3507 lta
782 3443 1018 3508 emendandum
1041 3463 1111 3508 esse
1133 3463 1301 3508 censemus
1323 3453 1358 3507 ut
1373 3440 1505 3506 scribatur

342 3565 529 3620 nroasrrsqrn
556 3567 595 3608 in
623 3565 859 3612 commorassem
887 3548 958 3611 altis
981 3547 1129 3610 trabibus.
1176 3545 1425 3630 disponebantur
1442 3542 1503 3603 altae

342 3649 450 3713 trabes
484 3661 515 3714 et
550 3661 666 3714 rectae.
721 3650 889 3731 digerendi
923 3651 1024 3714 verba
1052 3649 1239 3714 Ammianus
1267 3651 1450 3731 aliquotiens
1473 3645 1502 3704 ita

341 3755 443 3817 utitur
464 3763 501 3817 ut
522 3752 715 3835 disponendi
732 3753 861 3836 quidem
878 3755 1139 3835 significationem
1156 3755 1309 3832 retineat,
1334 3751 1390 3816 sed
1404 3757 1502 3812 velem

318 3867 449 3920 stamen
471 3847 574 3919 εΙίιειΙ
599 3856 740 3921 dicturos
769 3858 867 3920 luisse
894 3867 1018 3920 eertum
1046 3859 1106 3936 sit,
1136 3857 1237 3918 veluti
1259 3875 1327 3918 mr
1349 3857 1368 3918 2
1390 3856 1419 3932 t,
1444 3851 1502 3914 batte

340 3959 494 4040 peditatus
522 3961 619 4022 amnis
644 3959 786 4042 pontibrts
812 3967 899 4022 ooate
927 3959 1049 4042 dipestis
1071 3961 1226 4022 oraretur.
1272 3957 1447 4022 addidimus
1464 3949 1499 4014 ab.

239 4116 243 4124 .
344 4063 494 4125 nimirum
517 4064 615 4126 mulla
637 4063 736 4125 verba
759 4063 791 4124 in
812 4060 971 4125 Ammiani
993 4060 1085 4124 libris
1108 4062 1219 4142 quales
1241 4062 1407 4124 Vaticanus
1426 4053 1500 4120 codex

344 4173 561 4248 repraesentat
593 4167 708 4229 amissa
740 4175 833 4245 sunt,
868 4165 956 4228 nulla
987 4174 1023 4227 ut
1051 4164 1204 4247 adpareat
1237 4163 1401 4228 omittendi
1431 4173 1499 4222 mma

344 4278 471 4349 praeter
492 4287 647 4331 summam
671 4269 920 4350 neglegentiam,
946 4269 1116 4350 ipsumque
1138 4268 1180 4331 ad
1201 4268 1390 4348 aliquotiens
1410 4257 1499 4327 excidit

344 4372 500 4435 similiter.
549 4371 595 4433 sie
617 4389 653 4433 xv
679 4371 689 4431 l
719 4373 735 4432 l
762 4372 915 4453 scriptum
944 4379 993 4434 est
1017 4355 1145 4434 non‘od
1168 4370 1401 4454 magnitudinem
1421 4377 1497 4443 neqtt

343 4494 381 4536 ur
403 4475 422 4536 5
446 4477 487 4539 28
511 4473 552 4538 ad
573 4475 778 4552 consulatum,
804 4473 863 4540 sed
885 4473 1054 4556 utrobique
1077 4474 1119 4538 ad
1140 4474 1302 4538 ammaum.
