3184 5108
319 357 394 434 258
612 375 702 436 lrnsx
724 392 890 437 nscrronvn
913 390 1096 436 erasarum
1117 374 1211 437 isos.

321 564 407 647 gruit
430 581 501 625 oum
524 561 638 626 festiva
659 581 722 644 qna
744 571 836 644 poeta
858 580 918 644 per
939 570 1040 625 totum
1067 561 1148 626 illud
1170 581 1297 626 carmen
1321 563 1425 627 utitur
1447 562 1503 626 dis-

319 666 531 730 simulatione.

412 772 499 843 Quae
523 789 594 832 cum
616 769 660 831 ita
682 788 751 832 esse
767 768 948 850 videantur,
974 767 1126 834 discimus
1144 767 1293 833 exaudita
1315 789 1410 832 mane
1433 771 1502 832 asini

322 881 354 936 et
376 873 481 936 cuculi
503 873 631 935 nomina
646 871 813 936 Germanis
834 873 909 935 olim
924 873 992 935 visa
1009 892 1080 936 esse
1102 873 1184 936 mala
1206 871 1400 955 portendere
1424 874 1503 936 simi-

320 976 395 1038 liter
416 987 512 1059 atque
535 975 647 1038 Graeci
669 984 742 1038 ante
765 975 901 1058 primam
931 975 995 1039 diei
1023 977 1132 1038 horam
1154 977 1264 1039 simiae
1295 995 1414 1040 nomen
1438 997 1501 1059 pro

320 1081 469 1142 nuntiare
484 1078 650 1142 cavebant.
698 1088 770 1142 nota
792 1089 866 1142 sunt
883 1098 964 1162 quae
979 1079 1066 1161 apud
1080 1080 1233 1143 Galenum
1256 1079 1409 1161 leguntur
1428 1099 1502 1142 oon-

320 1184 476 1245 mentario
506 1184 539 1243 in
569 1183 768 1264 Hippocratis
796 1182 914 1246 librum
944 1179 985 1244 de
1009 1181 1157 1246 iraoturis
1179 1201 1213 1244 nr
1236 1183 1271 1243 ot
1306 1181 1375 1265 (tr
1397 1202 1431 1264 p.
1449 1184 1500 1244 572

320 1287 391 1348 Bas
417 1304 459 1347 ιιι
481 1306 514 1367 p.
534 1285 595 1348 259
613 1285 698 1368 Ch.)‚
730 1278 826 1372 ὁγὰρ
855 1280 974 1370 ἠλίθιος
1002 1279 1116 1370 εὐήθης
1138 1279 1250 1371 ὁμοίως
1276 1281 1399 1369 λέγεται
1419 1289 1456 1372 τῇ
1476 1309 1500 1348 τε

320 1385 446 1472 γλυκείᾳ
467 1383 519 1450 καί
540 1390 584 1474 τῷ
604 1385 727 1472 sellio,
751 1389 891 1473 γλυκεῖαν
916 1385 969 1472 μὲν
991 1383 1045 1472 τὴν
1068 1392 1120 1454 οὖν
1143 1381 1350 1475 ὀνομαζόντων
1372 1392 1435 1452 τῶν
1457 1383 1500 1452 ἆν-

321 1485 451 1576 θροίπων
480 1483 551 1554 ὅταν
580 1483 693 1575 θύηται
725 1491 778 1574 (ita
807 1489 982 1555 Lobeokius
1004 1491 1157 1575 Aglaoph.
1187 1513 1221 1574 p.
1240 1491 1321 1553 878:
1355 1493 1499 1574 scriptam
1573 1479 1574 1488 ¹

322 1605 391 1658 erat
420 1587 528 1678 εὐήθη)
558 1593 620 1665 τοῖς
648 1592 731 1666 θεοῖς
760 1587 910 1680 εὐφημίας
938 1593 1040 1672 ἕνεκα,
1070 1593 1197 1659 καλλίαν
1228 1591 1262 1658 δὲ
1289 1589 1340 1658 τὸν
1366 1592 1497 1679 πίθηκον,

320 1691 424 1780 ἐπειδὴ
461 1691 512 1759 ναί
538 1689 644 1761 τοίτοο
676 1692 729 1782 τήν
756 1695 958 1783 προσηγορίαν
988 1689 1184 1783 φυλάττοντος
1219 1694 1374 1780 λέγουσιν,
1411 1689 1498 1780 ὥσπερ
1573 1723 1574 1770 γ

321 1796 374 1864 καί
396 1794 593 1885 Καλλίμαχος
615 1796 674 1885 ἔφη

474 1891 492 1966 θ
514 1896 572 1988 πρὸ
595 1906 665 1988 μιῆς
687 1894 769 1988 ὥρας
797 1902 867 1986 (scr.
886 1895 975 1989 ὥρης)
1004 1901 1110 1989 θηρίον
1132 1897 1321 1986 collibretur.

322 2008 355 2069 in
378 2025 441 2088 quo
458 2006 638 2068 Callimachi
661 2006 820 2070 versiculo
841 2006 1026 2087 Spanhemii
1049 2000 1084 2070 οὐ
1099 1999 1208 2092 φύεται
1228 2005 1401 2068 scribentis
1423 2023 1498 2066 erro-

323 2129 390 2174 rem
412 2109 615 2173 Blomfieldus
645 2111 787 2174 retinuit.
835 2108 1042 2190 fugitantem
1071 2110 1215 2172 homines
1236 2107 1345 2170 doctos
1372 2105 1497 2170 eundem

297 2213 504 2276 sGallimachi
526 2214 719 2276 versiculum
748 2213 834 2295 tangi
864 2214 898 2274 in
919 2201 1098 2276 Amolribus
1125 2213 1211 2275 inter
1235 2211 1366 2275 Luciani
1394 2212 1497 2290 scripta

323 2316 401 2380 lalso
425 2316 535 2378 relatis
556 2335 625 2397 cap.
643 2334 740 2394 mars,
772 2315 799 2379 el
821 2319 892 2401 γοῦν
916 2309 974 2379 ἀπὸ
996 2318 1049 2400 τῆς
1071 2313 1212 2401 νοντέροο
1239 2311 1341 2399 κοίτης
1361 2309 1434 2398 πρὸς
1453 2335 1497 2396 ορ-

321 2418 395 2505 θρον
424 2413 485 2482 ἴδοι
510 2441 554 2490 τις
582 2414 780 2502 ἀνισταμένας
812 2418 975 2502 γυναῖκας,
1013 2416 1124 2505 αἰσχίω
1157 2414 1273 2501 νομίσαι
1307 2414 1422 2502 θηρίων
1447 2415 1496 2478 τῶν

321 2519 436 2607 πρωίας
465 2513 546 2608 ὥρας
573 2515 783 2606 ὀνομασθῆναι
811 2518 1079 2606 δοσνληδονίστων.
1136 2521 1257 2583 scilicet
1284 2517 1401 2606 πρωίας
1428 2510 1497 2602 ὥρας

322 2626 499 2688 recentiora
521 2624 677 2707 quaedam
700 2626 895 2706 exemplaria
917 2624 1047 2705 habent,
1079 2624 1165 2707 quod
1186 2623 1301 2686 idonea
1324 2622 1497 2686 auctoritate

322 2729 416 2811 plane
447 2748 556 2792 carere
578 2727 723 2805 videtur;
756 2723 813 2813 πρὸ
836 2728 907 2811 μιᾶς
930 2719 1012 2813 ὥρας
1035 2738 1084 2792 cst
1113 2731 1147 2791 in
1169 2726 1406 2808 exemplaribus
1432 2725 1496 2786 olim

321 2833 477 2914 inpressis
500 2842 531 2895 et
554 2833 586 2894 in
605 2830 714 2894 codice
730 2830 979 2913 Guelferbytano
1001 2841 1045 2912 et,
1069 2841 1107 2893 ut
1129 2830 1338 2912 suspicamur,
1363 2832 1395 2890 in
1417 2825 1497 2890 libris

322 2937 485 3017 plerisque
508 2934 673 2998 omnibus:
706 2946 792 2998 certe
815 2936 893 3016 quin
917 2953 1029 2998 verum
1050 2936 1092 2998 sit
1114 2943 1245 3018 propter
1266 2951 1393 2996 versum
1411 2929 1496 2992 Calli-

322 3040 425 3102 machi
447 3057 509 3102 non
532 3047 635 3121 potest
657 3037 810 3102 dubitari.
