3186 5108
379 388 470 450 lttnnx
491 406 658 451 uncrinus!
680 406 864 450 ιιιιιιιιιιιιιιιιι
884 387 977 447 1859.
1204 373 1275 446 165

94 577 229 642 titudinis
251 575 439 640 vocabulum
463 579 522 640 etsi
547 595 654 640 rarum
677 585 737 656 est,
762 577 841 639 nihil
865 587 971 639 tamen
996 577 1091 640 hahet
1110 576 1196 658 quod
1219 580 1280 640 mi-

95 699 156 744 rurn
184 681 225 743 sit
247 690 302 744 aut
323 680 457 762 dignum
480 681 731 762 vituperatione,
764 699 869 761 neque
894 679 978 762 quod
1009 690 1100 762 pocta
1124 681 1157 743 in
1179 679 1280 743 Aetna

94 785 144 846 hoc
158 803 271 848 nornen
294 783 335 848 ad
359 803 411 848 res
427 785 615 846 inanimatas
629 784 803 862 transtulit,
829 803 900 846 oum
916 783 999 846 dixit
1019 803 1143 866 operum
1158 784 1276 858 herbas,

93 907 147 950 non
169 897 255 952 caret
284 888 473 951 offensione:
506 889 654 952 similiter
683 887 769 948 enim
792 887 892 949 Latini
923 889 1051 969 saepius
1074 888 1168 952 locuti
1191 900 1278 968 sunt,

93 992 181 1054 veluti
205 991 316 1054 Cicero
340 992 371 1054 in
396 994 492 1054 Bruto
513 992 567 1072 32,
595 992 656 1053 l22
680 989 801 1054 turbam
824 991 1011 1054 voluminum
1034 990 1126 1055 dixit.

170 1094 234 1158 Sed
250 1094 336 1176 quod
358 1105 433 1158 ante
448 1095 534 1158 huno
549 1113 679 1158 versum
695 1113 790 1175 quem
815 1093 1003 1157 emendasse
1025 1094 1118 1157 nobis
1133 1095 1282 1158 videmur

93 1200 200 1280 legitur
222 1219 305 1262 nuno
324 1199 426 1282 glorio
448 1199 520 1260 viva
535 1199 683 1280 Myronis,
708 1198 811 1278 siquis
831 1198 973 1260 animum
989 1197 1282 1280 diligenteratten-

93 1300 179 1382 derit,
204 1302 370 1383 intelleget
393 1321 456 1364 non
479 1302 585 1365 miuus
608 1301 754 1383 indigere
777 1299 1011 1364 emendatione.
1051 1301 1198 1366 buculam
1215 1305 1282 1384 lly-

94 1407 172 1468 ronis
193 1403 255 1467 dici
278 1404 431 1487 adparet,
464 1422 598 1485 eamque
628 1406 821 1486 interpretes
843 1424 879 1467 aa
910 1407 1031 1468 ratione
1054 1407 1158 1468 vocari
1186 1415 1281 1486 puta-

93 1519 160 1572 runt
176 1510 279 1572 vivam
295 1527 359 1590 qua
381 1507 537 1572 artificum
560 1526 657 1588 opera
680 1526 776 1588 saepe
792 1507 944 1573 dicuntur
960 1511 1070 1579 vivere
1093 1518 1126 1572 et
1143 1510 1278 1591 spirare,

92 1615 176 1676 cuius
197 1615 243 1676 rei
273 1613 370 1676 multa
400 1612 545 1692 exempla
568 1612 713 1674 Nicolans
736 1613 885 1675 Heinsius
913 1613 954 1676 ad
977 1613 1141 1676 Prudentii
1171 1614 1277 1694 apoth.

93 1737 119 1777 v.
137 1715 196 1780 724
220 1714 401 1797 adscripsit.
446 1733 557 1778 verum
581 1717 650 1795 ipsa
672 1716 822 1777 orationis
845 1715 944 1779 lorma
967 1737 1004 1779 eo
1027 1716 1224 1779 traducimur
1247 1727 1282 1780 ut

92 1820 188 1882 vivam
204 1820 342 1902 Myronis
357 1819 489 1900 gloriam
511 1835 590 1899 opus
606 1817 828 1899 intellegamus
851 1821 942 1883 cuius
958 1821 1055 1902 gloria
1073 1820 1153 1882 vivit
1175 1839 1281 1902 nequo

93 1924 176 2005 longa
197 1933 300 1986 aetate
330 1923 537 1985 intermortua
560 1931 619 1984 est.
666 1921 780 2002 quodsi
809 1933 913 1986 tamen
938 1934 1028 2006 poeta
1053 1924 1093 1986 ita
1122 1934 1156 1986 ut
1180 1924 1281 1985 inter-

93 2036 192 2108 pretes
214 2035 370 2107 ceperunt
400 2025 543 2107 intellegi
567 2025 682 2105 voluit,
713 2026 869 2108 perplexe
899 2027 1020 2089 locutus
1046 2036 1105 2089 est.
1152 2025 1281 2089 videtur

92 2141 189 2194 autem
211 2130 305 2193 aliter
335 2130 458 2192 locutus
481 2148 562 2192 esse.
610 2129 668 2192 etsi
698 2130 784 2191 enim
807 2131 944 2212 llyronis
972 2129 1088 2193 bucula
1110 2130 1277 2210 artificem,

91 2245 122 2296 ut
143 2234 231 2296 Plinii
254 2231 366 2296 verbis
395 2242 540 2312 utamur,
573 2233 711 2295 maxime
734 2230 931 2322 nobilitavit,
964 2244 1068 2296 tamen
1098 2233 1279 2297 cumidem

91 2337 179 2400 otiam
200 2338 262 2400 alia
285 2337 448 2420 praeclara
472 2354 568 2416 opera
591 2335 736 2413 lecisset,
763 2345 891 2416 poetae,
924 2338 951 2400 si
975 2347 1047 2418 apte
1071 2348 1103 2399 et
1125 2339 1279 2400 concinne

90 2440 171 2522 loqui
193 2439 329 2520 volebat,
354 2440 534 2504 accuratius
556 2437 764 2520 significanda
788 2449 871 2518 erat,
898 2439 1164 2521 quemadmodum
1188 2449 1281 2502 antea

91 2541 203 2625 hpellis
224 2546 384 2608 Venerem
406 2542 659 2626 anadyomenen,
685 2541 826 2604 Medeam
849 2544 1057 2622 Timomachi,
1083 2543 1280 2626 Iphigeniam

90 2647 258 2710 Timanthis
274 2647 415 2711 dilucida
437 2647 579 2711 oratione
601 2647 812 2710 enumeravit.
852 2667 934 2728 quae
958 2667 1029 2710 cum
1046 2648 1088 2710 ita
1104 2648 1179 2728 sint,
1204 2667 1281 2729 per-

91 2770 213 2814 suasum
237 2760 286 2813 cst
315 2749 407 2814 nobis
437 2751 550 2831 exigua
580 2748 751 2812 admodum
780 2752 953 2815 mutatione
982 2761 1094 2832 poetae
1125 2750 1182 2813 hoc
1206 2751 1282 2814 red-

90 2853 225 2918 dendum
250 2873 333 2934 esse,
358 2873 440 2918 nuno
460 2854 562 2936 picria
582 2873 676 2916 ιιοιι
699 2855 847 2937 Myronis.
896 2856 927 2916 in
952 2873 1014 2936 qua
1037 2854 1194 2916 sententia
1217 2873 1279 2917 non

93 2959 199 3022 leviter
222 2957 398 3020 confirmati
428 2977 538 3020 sumus
567 2976 638 3019 cum
662 2956 801 3020 vidimus
829 2955 955 3020 subtilis
978 2957 1097 3037 ingenii
1122 2957 1282 3020 hominem

92 3063 234 3127 loannem
257 3060 471 3124 Schraderum
495 3061 528 3122 in
552 3059 690 3142 quadam
713 3059 830 3122 scheda
854 3061 939 3123 idem
963 3059 1178 3142 consignasse.

173 3163 393 3230 Confidentius
407 3182 509 3245 paene
531 3164 660 3226 tertium
685 3182 725 3225 ex
749 3163 869 3226 eisdem
886 3162 1035 3227 versibus
1052 3164 1203 3227 mendum
1222 3165 1282 3227 tol-

91 3270 190 3334 limus.
239 3287 312 3332 nam
339 3267 471 3349 Papiriae
493 3274 634 3330 rorantes
662 3274 731 3329 orte
759 3267 880 3348 capilli,
915 3268 970 3348 qui
993 3267 1142 3330 omnihus
1165 3267 1282 3331 indca

91 3373 244 3456 Scaligero
267 3372 467 3454 placuerunt,
494 3371 601 3451 inepte
624 3370 700 3433 dicti
724 3379 809 3433 sunt.
858 3369 941 3432 haud
966 3371 1046 3432 male
1069 3371 1186 3452 aliquis
1208 3372 1282 3452 pul-

93 3495 161 3538 crae
176 3476 322 3540 mulieris
337 3475 459 3537 crinem
476 3475 575 3555 gratia
599 3484 631 3537 et
646 3484 812 3537 venustate
835 3474 956 3536 stillare
972 3471 1102 3552 dixerit,
1127 3473 1285 3553 quemad-

94 3578 216 3644 modum
245 3599 317 3642 cum
346 3578 400 3641 alii
428 3577 523 3640 locuti
552 3587 628 3640 sunt
658 3585 724 3640 tum
755 3575 957 3640 Philodemus
985 3577 1073 3639 anth.
1100 3577 1163 3639 Pal.
1189 3597 1205 3638 ι
1231 3579 1281 3656 l3,

93 3677 151 3744 lat
170 3678 250 3770 χρὼς
273 3667 478 3767 ‹ip'potidotroc
500 3674 539 3744 ἔτ’
565 3675 747 3766 ἀμβροσίην,
778 3676 823 3743 ἔτι
844 3674 941 3744 πειθώ
965 3677 1090 3758 Πᾶσαι,
1114 3675 1160 3744 ἔτι
1183 3673 1309 3752 στάζειι

93 3780 235 3871 μυριάδας
257 3783 408 3872 χαριτωιιε
434 3786 569 3848 Veneris
592 3785 624 3846 in
648 3782 755 3848 tabula
770 3785 874 3865 pictae
895 3784 1025 3866 capillos
1048 3793 1115 3846 arte
1139 3791 1284 3846 rorantes

91 3887 150 3952 dici
172 3889 348 3954 absurdum
371 3899 431 3952 est.
471 3907 577 3971 neque
600 3907 677 3950 vero
701 3887 779 3950 illud
802 3895 870 3949 orto
893 3889 934 3949 ita
957 3888 1099 3968 separari
1122 3895 1227 3967 potest
1249 3897 1285 3950 ut

93 4012 148 4073 per
169 4013 202 4056 sc
225 3993 453 4074 intellegantur
477 3999 621 4055 rorantes
643 3990 760 4073 capilli,
787 3989 819 4052 id
843 4001 891 4053 est
913 4010 995 4072 aqua
1015 3992 1137 4054 marina
1160 3990 1285 4053 stillan-

93 4104 155 4158 tes:
186 4116 257 4160 nam
288 4096 334 4158 sic
364 4115 492 4178 quoque
521 4114 584 4159 non
607 4103 729 4158 tantum
753 4094 942 4156 inconcinna
972 4105 1019 4156 cst
1042 4092 1172 4157 ablativi
1201 4093 1286 4156 illius

93 4202 244 4279 accessio,
280 4199 338 4262 sed
371 4201 478 4280 inepte
508 4208 599 4280 poeta
630 4207 854 4260 commemorat
882 4216 945 4259 non
975 4199 1035 4260 alia
1067 4218 1101 4261 re
1130 4196 1187 4260 sed
1217 4206 1285 4260 arte

94 4301 208 4384 hpellis
235 4303 351 4368 lactum
382 4323 452 4367 esse
482 4313 517 4366 ut
538 4303 674 4365 Veneris
703 4299 938 4384 anadyomenes
967 4302 1072 4383 capilli
1104 4305 1211 4364 rurale
1235 4301 1285 4362 vi-

95 4404 237 4470 deantur.
284 4416 402 4489 quanto
433 4407 569 4487 rectius,
603 4424 644 4468 ne
675 4405 866 4468 Graecorum
897 4415 1060 4487 poetarum
1092 4407 1284 4468 mentionem

97 4508 252 4591 iaciamus,
276 4509 411 4575 Ovidius
434 4511 557 4574 locutus
580 4518 628 4572 est
651 4529 702 4591 cp.
729 4529 768 4572 cx
788 4510 882 4571 Ponto
907 4527 936 4572 ιι
961 4509 972 4571 l
995 4511 1035 4572 29
1065 4511 1097 4572 Vt
1118 4511 1214 4574 Venus
1230 4526 1285 4572 or-
