3184 5108
371 385 460 446 lunas
482 403 649 448 tccrrouvu
672 405 857 448 arauautaru
876 387 968 449 4865.
1189 374 1263 460 305

218 569 279 632 567
302 566 369 635 ἀλλ’
389 571 520 636 ἐκποκιῶ
535 595 590 636 σου
605 568 657 644 τὰς
671 567 815 644 ποκάδας.
851 568 886 637 od
903 571 940 660 δὴ
957 571 998 659 μὰ
1014 573 1070 639 Δία
1085 569 1121 640 σό
1143 571 1170 661 γ’
1191 569 1265 662 όίψει

89 674 156 733 lian.
217 674 272 733 944
301 667 452 758 τριότιστα
476 671 608 761 μὲνγὰρ
631 675 686 738 ἕνα
706 675 740 758 γέ
762 699 830 739 τινα
851 677 975 742 καθῖσεν
998 673 1170 764 ἐγκαλύψας

217 777 273 837 cat
303 769 328 838 rb
350 770 544 863 παμπόνηρος
567 771 605 840 οἷ’
633 769 679 863 ἄρ’
707 777 928 864 ἐφενακιζόμην
952 773 1000 845 ὑπ’
1026 775 1118 846 alut

88 877 164 938 Pluto
215 881 277 942 292
301 873 378 962 θμᾶς
401 869 495 963 ἄγειν.
543 874 610 944 ἀλλ’
637 877 687 944 εἶα
707 881 797 946 τέκεα
818 876 920 964 θαμίν’
947 881 1173 968 ἐπαναβοῶντες

217 982 279 1042 298
301 976 400 1068 πήραν
423 980 533 1068 ἔχοντα
555 977 676 1069 λόχσνό
698 979 724 1047 τ’
751 975 842 1070 ἄγρια
865 980 1010 1071 δροσερά,
1036 991 1250 1074 κραιπαλῶντα

87 1083 167 1145 lloris
189 1103 198 1144 ι
260 1087 277 1146 4
301 1089 375 1148 abac
397 1079 489 1170 χόρια
511 1080 668 1171 χελιδόνια
690 1086 823 1170 τέττιγας
845 1081 989 1172 ἐμβρύεια

240 1189 279 1250 lb
301 1179 423 1273 κᾶγωγε
444 1187 509 1260 ταῖς
532 1179 640 1260 ἄλλαις
661 1184 767 1254 πόλεσι
790 1191 852 1275 δρῶ
873 1194 967 1254 ταῦτα
989 1187 1068 1276 τλήν
1083 1187 1229 1276 Ἀθηνῶν.
1257 1267 1258 1270 ¹

161 1291 205 1352 lle
233 1291 305 1353 aliis
332 1309 396 1354 non
425 1292 523 1354 nullis
544 1291 659 1354 Avium
689 1293 837 1355 versibus
861 1293 1096 1374 disputabimus
1118 1295 1261 1376 quidem,

84 1389 133 1452 sed
156 1391 355 1471 dubitanter,
380 1413 452 1456 eum
475 1395 653 1474 significare
676 1397 780 1476 potius
799 1395 915 1458 menda
938 1415 1033 1476 quam
1056 1397 1264 1478 probabiliter
1347 1379 1357 1390 ’

83 1493 184 1556 tollere
205 1515 297 1576 posse
320 1496 499 1560 videamur.
545 1508 713 1578 postquam
736 1499 933 1560 Pithetaerus
960 1499 1165 1580 splendidum
1188 1520 1264 1562 eon-

83 1595 198 1658 deudac
221 1617 320 1661 novae
343 1599 434 1662 urbis
456 1619 572 1662 nomon
595 1602 727 1680 protulit
757 1601 854 1680 idque
877 1619 952 1664 aves
974 1604 1184 1666 vehementer
1205 1603 1265 1666 ad-

84 1701 205 1770 miratae
221 1712 313 1778 sunt,
334 1721 464 1764 suorum
479 1703 602 1783 aliquid
618 1705 755 1766 iocorum
771 1702 943 1784 Euelpides
958 1703 1122 1786 adspergit
1137 1725 1168 1766 v.
1187 1707 1261 1785 82⁴,

279 1794 324 1890 ἆρ’
350 1801 429 1868 ἐστίν
453 1799 560 1888 abrupi
584 1801 850 1891 Νεφελοκοκκυγία

279 1903 329 1970 ἵνα
351 1903 403 1970 καί
424 1903 462 1970 τοί
487 1904 650 1992 Θεογένους
671 1905 709 1972 τὰ
730 1903 829 1972 πολλὰ
850 1901 995 1993 χρήματα

276 2003 356 2072 τότ’
384 2009 530 2096 Αἰσχίνου
552 2005 576 2096 γ’
603 2002 737 2088 ἅπαντας

81 2112 142 2171 reri
166 2113 249 2174 enim
272 2114 377 2174 simile
399 2123 447 2174 est
470 2108 578 2199 αθτηγί
593 2115 752 2176 Elmsloii:
780 2117 811 2177 in
829 2114 921 2176 libris
938 2107 1013 2198 αθτη
1028 2108 1054 2198 γ’
1072 2108 1092 2199 ἡ
1109 2119 1263 2198 seriptum

80 2224 134 2274 est.
180 2214 237 2278 sed
260 2217 379 2278 certius
402 2227 449 2278 est
472 2235 535 2279 non
560 2219 699 2299 potuisse
721 2217 966 2297 Aristophanem
994 2217 1137 2282 scribere
1165 2213 1203 2282 τό
1231 2214 1258 2282 τ’

80 2313 217 2402 Αἰσχίνου
246 2312 270 2402 γ’
299 2309 427 2382 ἅπαντα.
478 2339 635 2400 nusquam
666 2323 751 2382 enim
772 2319 805 2383 τέ
828 2330 860 2382 et
882 2319 916 2403 γε’
940 2322 983 2383 ita
1005 2322 1260 2402 coniunguntur:

80 2438 180 2500 neque
195 2431 327 2502 possunt
347 2423 512 2502 coniungi,
538 2442 609 2484 cum
631 2421 664 2485 τέ
686 2423 767 2484 nibil
788 2425 831 2484 ita
854 2423 970 2485 adiciat
992 2425 1147 2486 cuiusvis
1169 2426 1264 2486 simul

79 2524 173 2602 possit
194 2523 331 2586 intendi.
370 2525 473 2586 aliena
497 2527 582 2587 enirn
606 2536 680 2587 sunt
703 2544 785 2606 quae
808 2526 841 2586 in
859 2526 999 2588 Parisino
1015 2527 1168 2606 Stephani
1191 2530 1263 2589 the-

77 2641 165 2686 sauro
187 2635 210 2688 t.
236 2645 258 2686 u
281 2647 313 2707 p.
340 2627 401 2686 tto
431 2626 630 2690 adferuntur.
686 2627 915 2690 intellexerunt
946 2628 1002 2688 hoc
1030 2637 1097 2689 tres
1120 2628 1264 2691 homines

78 2725 192 2789 Graece
213 2727 399 2808 doctissimi,
427 2730 625 2792 dermannus
639 2730 801 2792 Dobraeus
816 2731 1003 2792 Meineltius.
1050 2748 1185 2810 quorum
1200 2733 1263 2792 Do-

80 2827 189 2892 braeus
209 2829 291 2892 Adv.
310 2849 332 2892 u
357 2851 388 2912 p.
408 2832 464 2894 θθί
494 2833 535 2893 ita
558 2833 701 2913 scripsit,
726 2829 777 2896 ἵνα
798 2837 851 2895 τοῦ
872 2854 906 2894 τε
920 2828 1084 2916 Θεογένους
1105 2827 1143 2895 τὰ
1164 2828 1262 2896 πολλὰ

77 2925 215 3017 χρήματα
237 2929 299 2997 Τοῦ
327 2927 347 2996 τ’
377 2929 522 3018 Αἰσχίνου
549 2929 587 2997 τὰ
614 2928 728 3010 τάντα;
760 2933 819 2996 sed
851 2935 955 3016 priora
979 2943 1065 2997 certe
1088 2954 1151 2997 non
1175 2946 1261 2998 recte

77 3037 270 3098 attrectavit:
303 3055 376 3098 nam
399 3036 516 3116 optime
540 3036 657 3099 dicitur
685 3037 738 3098 ubi
760 3038 848 3099 etiam
875 3037 1034 3119 Theopenis
1056 3037 1128 3099 illue
1150 3029 1262 3118 multoe

76 3155 142 3217 opes
164 3146 251 3215 tuat,
276 3148 403 3219 praeter
424 3140 501 3202 alias
523 3141 643 3202 scilicet
666 3159 717 3202 res
740 3141 931 3220 magnificas.
980 3139 1159 3201 Hermanno
1181 3142 1261 3201 sori—

77 3237 214 3303 bendum
236 3242 367 3304 tortasse
391 3260 461 3304 esse
483 3243 654 3305 videbatur
674 3236 713 3305 τό
733 3235 755 3304 τ’
775 3238 921 3328 Αἰσχίνου
939 3235 999 3304 ’σθ’
1023 3233 1157 3319 ἅπαντα,
1182 3244 1261 3304 blei-

76 3343 166 3404 neltio
199 3339 250 3407 καί
281 3338 424 3430 τᾴσχίνου
455 3338 481 3427 γ’
516 3336 643 3408 ἅπαντα.
700 3354 840 3425 praestat
874 3346 1045 3406 Hermanni
1080 3347 1260 3406 coniectura

76 3447 254 3508 mutationis
271 3445 438 3525 facilitate,
463 3447 521 3508 sed
545 3447 653 3509 ialsam
676 3457 782 3510 tamen
803 3445 958 3509 habemus
980 3455 1111 3526 propter
1125 3445 1259 3510 eandem

77 3567 141 3609 rem
163 3558 294 3630 propter
316 3569 410 3630 quam
434 3569 474 3610 nc
490 3549 625 3612 Dobraei
649 3549 779 3630 quidem
801 3559 855 3611 aut
870 3549 1018 3611 Meinelrii
1040 3549 1167 3611 inventa
1184 3569 1259 3611 vera

76 3661 219 3729 putamus
242 3671 323 3716 esso.
370 3653 397 3714 si
421 3653 506 3714 enim
528 3651 682 3715 eiusmodi
706 3651 785 3733 quid
799 3652 968 3730 scribitur,
994 3652 1062 3712 lieri
1079 3669 1142 3713 non
1158 3661 1260 3732 potest

76 3755 152 3834 quin
174 3756 216 3816 ita
239 3756 318 3817 haec
340 3755 576 3834 intellegamus,
608 3754 662 3816 ubi
686 3754 845 3837 Theopenit
867 3761 939 3817 scot
956 3754 1120 3836 pleraeque
1142 3773 1211 3835 opes
1233 3762 1261 3816 et

75 3875 173 3920 omnes
200 3855 368 3921 Aeschinis.
426 3858 514 3939 atqui
549 3859 607 3920 hoc
639 3858 782 3938 languet,
819 3858 872 3920 illa
904 3865 1010 3919 autem
1044 3875 1138 3936 quam
1166 3865 1259 3918 antea

76 3961 319 4039 significavimus
341 3962 502 4022 sententia
524 3971 555 4022 et
577 3960 674 4022 multo
692 3960 805 4022 melior
827 3970 874 4022 est
897 3969 928 4022 et
950 3967 1063 4039 sponte
1086 3958 1178 4020 nobis
1201 3977 1258 4020 na-

74 4063 170 4124 scitur
196 4064 252 4126 ubi
283 4064 417 4144 legimus
444 4063 496 4124 illa
524 4059 575 4126 ἵνα
605 4059 657 4126 καί
679 4058 716 4126 τὰ
738 4060 901 4147 Θεογένους
923 4057 962 4125 τὰ
982 4055 1080 4126 πολλὰ
1100 4055 1259 4150 χρήματα.Ι

74 4166 177 4244 itaque
191 4165 232 4227 ad
247 4166 334 4229 aliud
349 4165 445 4229 delati
468 4185 592 4244 sumus,
618 4166 703 4247 quod
719 4185 831 4228 verum
854 4183 923 4228 esse
939 4183 1002 4227 non
1017 4163 1254 4242 adseveramus,

73 4267 128 4328 sed
150 4268 281 4349 dignum
303 4279 408 4331 tamen
431 4278 578 4350 putamus
598 4288 667 4330 esse
683 4267 903 4349 Aristophane.
950 4268 1149 4358 suspicamur
1171 4267 1255 4360 enim

72 4371 275 4434 scribendum
298 4359 380 4434 esse¹

124 4487 237 4540 ilsupiii
251 4488 362 4540 opuscula
376 4487 405 4529 ll.
1015 4491 1048 4542 20
1078 4457 1081 4464 ί
