3240 5094
324 341 399 411 454
472 357 478 371 “
622 356 710 415 Ιιιοτκ
733 371 898 416 ιυοτνοκνι
919 373 1101 416 κτοτννκκνκ
1119 351 1213 414 tata.

324 543 409 624 quod
438 561 536 604 versu
565 543 676 623 quinto
703 542 857 624 scriptum
886 551 934 604 est
963 533 1058 628 ἄγρης
1086 541 1121 606 4κ
1148 536 1268 627 πρώτης
1293 541 1448 606 Brodaeus
1473 553 1503 606 et

323 645 483 708 laoohsius
502 643 619 707 frustra
636 643 830 707 studuerunt
845 645 1017 727 explicare.
1056 646 1206 708 Meinekii
1229 635 1325 731 ἄγρης
1347 639 1501 732 ἐκπρώης,

296 757 358 822 θυι
385 767 443 810 nos
472 745 604 829 quidem
633 748 805 826 sentimus,
837 748 927 810 otiosi
957 736 1086 829 aliquid¹
1115 747 1221 826 addit,
1253 749 1389 811 Heokeri
1416 739 1500 834 ἄκρης

322 849 357 913 ἐκ
378 844 497 936 πρώτης
521 861 552 912 et
575 843 731 920 δακνάίιυν
754 849 892 913 absurde
916 852 1164 931 coniunguntur.
1210 851 1341 933 scripsit
1360 853 1503 916 Leonidas

322 944 418 1040 ἄγρης
440 953 474 1016 ἐκ
495 955 624 1037 πλωτῆς.
672 953 805 1016 Archias
825 951 923 1016 Anth.
943 954 1008 1016 Pal.
1025 973 1054 1014 rr
1074 954 1132 1015 480
1157 949 1202 1026 οἷς
1224 944 1289 1037 ἅμα
1310 952 1503 1040 χερσαίαισιν,

323 1049 374 1141 ἅμ’
401 1051 549 1142 ἠερίαισιν
573 1055 604 1120 lv
628 1046 754 1142 ἄγραις,
780 1049 899 1141 ’ll-{paim
933 1047 989 1140 ἅμ’
1015 1053 1046 1120 ἐν
1069 1057 1217 1132 πλωταῖς,
1250 1050 1292 1129 ώς
1313 1055 1399 1142 πρίν,
1423 1053 1500 1144 ἄρα·

321 1153 372 1243 el<
396 1154 452 1222 ἴθι.

407 1263 444 1325 V.
477 1263 624 1324 Scholion
654 1263 686 1324 iu
717 1261 938 1342 Aristophanis
966 1261 1118 1342 Equitum
1146 1282 1178 1323 v.
1210 1263 1272 1324 539
1303 1263 1344 1328 de
1372 1265 1500 1327 brassica

320 1359 402 1449 παρὰ
425 1362 458 1428 δὲ
480 1364 541 1438 τοῖς
559 1360 699 1437 Ἀττικοῖς
721 1357 897 1450 κοράμβλη,
923 1359 974 1426 διὰ
995 1359 1028 1428 τὸ
1050 1359 1103 1438 τὰς
1124 1359 1218 1451 κάρας
1239 1361 1390 1451 βλάπτειν.
1434 1362 1503 1451 psol

319 1461 379 1552 γάρ
402 1461 496 1552 αὐτὴν
519 1468 634 1531 ἐκτῶν
657 1462 824 1553 ὀφθαλμῶν
846 1467 899 1530 τοῦ
923 1460 1108 1552 Λυκούργου.
1156 1469 1234 1531 haec
1256 1471 1381 1534 codices
1402 1471 1499 1550 scripti

183 1603 187 1610 ·
320 1570 450 1634 habent.
491 1581 749 1652 quae-secuntur
771 1569 880 1632 addita
901 1570 987 1633 haud
1010 1569 1109 1633 dubie
1131 1583 1206 1634 sunt
1227 1575 1397 1652 allusuro,
1419 1566 1501 1656 ἡνίκα

319 1668 378 1758 γάρ
401 1667 417 1736 ὃ
441 1666 583 1746 Διόνυσος
605 1677 708 1736 τοῦτον
731 1667 911 1756 εὐλαβηθείς
934 1671 976 1744 τίς
1005 1668 1059 1758 τὴν
1090 1668 1247 1737 θάλασσαν
1270 1672 1342 1754 ἔδυ,
1374 1669 1427 1740 ὐπὸ
1453 1679 1498 1758 τῆς

320 1771 454 1859 ἀμπέλου
484 1775 686 1860 δεσμιυίίέντα
720 1770 848 1860 δάκρυον
878 1774 1093 1861 ἐπαφσικέναι,
1128 1771 1187 1839 κάκ
1213 1781 1266 1842 τοῦ
1296 1775 1427 1865 δακράου
1452 1773 1501 1860 τὴν

319 1873 474 1964 κράμβην,
502 1875 554 1942 καί
577 1873 629 1942 διὰ
649 1882 736 1942 τοῦτο
760 1873 931 1950 ἀντιπαῦῶς
954 1875 1036 1964 ἔχειν
1060 1873 1200 1964 ἀλλήλων
1222 1876 1276 1965 τὴν
1299 1879 1434 1967 κράμβην
1454 1876 1500 1943 καί

318 1977 371 2046 τάν
401 1972 546 2065 ἄμπελον.
598 1983 734 2063 sumpsit
762 1991 868 2044 autem
897 2001 937 2043 ex
967 1981 1153 2063 Geoponicis
1182 2004 1223 2046 xu
1248 1985 1299 2065 47,
1332 1985 1388 2048 uhi
1414 1987 1500 2066 plane

319 2085 430 2147 eadem
453 2086 602 2166 leguntur
624 2094 790 2166 postquam
813 2085 933 2147 dictum
958 2094 1007 2147 est
1028 2078 1044 2147 ὁ
1069 2083 1102 2148 δὲ
1125 2082 1250 2172 Νέστωρ
1279 2088 1311 2151 ἐν
1334 2093 1377 2174 τῷ
1396 2081 1497 2156 Ἀλεξι-

318 2181 406 2272 κηπῳ
430 2181 521 2251 αὐτοῖν
543 2186 625 2272 λέγει
646 2181 700 2270 τὴν
723 2181 860 2274 κράμβην
884 2179 1012 2272 δάκρυον
1036 2185 1115 2251 εἶναι
1135 2193 1187 2254 τοῦ
1206 2183 1391 2276 Λυκοάργου.
1436 2200 1499 2278 post

319 2291 372 2352 illa
395 2308 476 2371 quae
499 2293 646 2353 Musurus
669 2291 860 2370 interposuit
887 2289 966 2352 haec
996 2301 1167 2372 secuntur,
1200 2312 1282 2374 quae
1305 2291 1428 2355 codices
1448 2294 1500 2353 ha·
1589 2291 1590 2296 ’

318 2391 415 2472 bant,
439 2397 612 2456 πιστοῦνται
635 2389 668 2454 δὲ
689 2386 739 2455 τὸν
763 2391 858 2474 μῦθον
880 2394 1022 2479 γεωργῶν
1043 2393 1159 2466 παῖδας.
1207 2395 1234 2458 εί
1255 2389 1314 2481 γάρ
1336 2419 1398 2473 τις,
1421 2393 1498 2482 φασί,

317 2491 371 2580 τὴν
396 2494 479 2580 ’ρίζαν
503 2491 596 2580 αὐτῆς
618 2489 726 2581 ἐξάψαι
748 2495 779 2558 ἐν
803 2489 949 2581 ἀμπέλῳ,
981 2490 1035 2560 οὐκ
1063 2489 1098 2559 ἄν
1130 2489 1205 2582 αὕτη
1234 2495 1349 2585 καρπὸν
1379 2498 1494 2583 ἐνέγκοι.

318 2601 454 2664 conferri
478 2608 611 2682 possunt
634 2599 742 2660 Cicero
766 2599 806 2661 de
831 2598 917 2660 deor.
945 2611 1008 2661 nat.
1028 2619 1050 2662 u
1073 2597 1180 2684 5⁴20,
1205 2601 1497 2666 Artemidorusrlll
1589 2603 1590 2612 ’

317 2725 350 2786 p.
377 2705 417 2763 64
443 2705 455 2764 4
485 2703 613 2780 Herch.,
643 2702 722 2763 Nicl.
749 2703 781 2762 in
805 2701 902 2783 Geop.
928 2722 945 2763 ν
969 2703 1003 2762 44
1032 2703 1064 2764 3.
1112 2723 1240 2766 rursum
1262 2707 1409 2768 Musurus
1430 2705 1500 2767 haec
1589 2783 1590 2786 γ

317 2805 459 2884 addidit,
491 2797 562 2868 ὅθεν
590 2799 641 2867 καί
668 2797 771 2890 πρώτη
802 2803 833 2866 ἐν
864 2803 1018 2890 συμποσίῳ
1049 2803 1180 2882 δίδοται,
1214 2801 1266 2870 καί
1294 2807 1323 2870 οἱ
1352 2801 1500 2892 Alpinum

316 2903 373 2995 πρὸ
395 2899 578 2984 τῶνᾶλλων
601 2900 772 2990 ἐδεσμάτων
796 2901 892 2992 ἑφθὰς
915 2901 1051 2994 κράμβας
1073 2900 1180 2993 ἤσθιον
1204 2907 1255 2973 διὰ
1282 2905 1316 2974 τὸ
1345 2907 1385 2996 μὴ
1409 2905 1497 2995 pelli-
1589 2909 1590 2912 '

318 3010 445 3075 σκεσίλαι
473 3007 555 3096 οίνῳ.
604 3009 719 3094 βέλτιον
751 3006 784 3072 δὲ
806 3003 925 3095 κράμβη
955 3005 1064 3096 λέγοιτ’
1094 3004 1129 3076 ἄν
1151 3005 1171 3096 ἡ
1194 3015 1238 3098 τῷ
1259 3007 1345 3100 κάρῳ
1368 3009 1496 3100 άντιβαί·

316 3138 421 3178 νουσα.
470 3133 552 3196 quae
574 3123 697 3194 sumpta
720 3122 796 3175 sunt
818 3133 835 3175 a
855 3113 952 3175 Suida
975 3115 1008 3175 in
1031 3108 1171 3201 κράμβη,
1196 3117 1381 3197 conspirant
1401 3128 1494 3180 autem
1589 3115 1590 3144 ³

317 3237 399 3299 quae
430 3217 676 3299 Etymologicum
706 3236 739 3297 p.
766 3217 827 3277 534
853 3216 892 3277 45
925 3226 958 3278 et
984 3217 1106 3279 lexicon
1134 3219 1276 3280 Crameri
1298 3217 1418 3282 Anecd.
1441 3220 1494 3281 Ox.
1589 3229 1590 3264 ί

316 3331 339 3382 t.
365 3339 387 3382 u
416 3340 448 3401 p.
476 3319 536 3380 445
560 3317 692 3382 hahent.
739 3320 912 3400 neglegens
933 3319 992 3381 luit
1018 3320 1051 3380 in
1074 3319 1287 3402 Etymclogico
1311 3321 1491 3384 Gaislordus.
1589 3401 1590 3404 γ

316 3441 389 3484 nam
419 3431 450 3484 et
473 3421 595 3485 Suidan
625 3432 658 3484 et
687 3422 811 3484 lexicon
840 3421 919 3484 illud
949 3433 1162 3485 conmemorat
1185 3434 1216 3486 et
1239 3444 1280 3486 ex
1302 3423 1407 3487 codice
1429 3426 1495 3487 Sor·
1589 3407 1590 3412 ί

315 3525 451 3587 honuico
478 3526 522 3610 τῷ
544 3517 629 3610 κάρῳ
654 3524 774 3604 adfert,
807 3535 965 3588 ettamen
988 3519 1220 3612 τῷκάρῳοου
1243 3527 1404 3590 emendat.
1445 3545 1495 3608 pa-

316 3630 395 3690 riter
417 3627 549 3708 suidas,
582 3628 706 3690 lexicon
731 3627 888 3708 Crameri,
921 3628 1021 3690 codex
1043 3629 1260 3693 Sorhonnious
1289 3629 1402 3692 docorc
1430 3649 1492 3693 eum

315 3741 461 3812 poterant
482 3731 600 3817 πρῶτον
624 3731 658 3791 in
679 3727 784 3816 πρώτη
808 3731 994 3794 mutandum
1017 3752 1101 3795 esse:
1129 3734 1237 3813 inepte
1260 3734 1346 3794 enim
1369 3734 1495 3795 llillerus
1589 3801 1590 3818 γ

315 3836 401 3896 Misc.
428 3854 460 3915 p.
482 3835 540 3895 494
565 3827 584 3918 ἡ
609 3831 694 3918 plin,
719 3833 804 3914 quod
827 3834 1029 3897 Florentinus
1051 3835 1133 3897 liber
1155 3835 1270 3914 hahet,
1296 3833 1493 3898 commendat.

315 3935 508 3999 conserenda
541 3947 617 3999 sunt
649 3956 730 4018 quac
764 3935 947 4000 Athenaeus
980 3949 1090 4002 narrat
1117 3957 1139 3998 u
1172 3957 1206 4018 p.
1238 3940 1311 4000 34⁰.
1368 3937 1494 4001 Nestoris

312 4033 498 4122 Ἀλεξίκηπος
525 4048 779 4102 conmemoratur
802 4041 835 4101 in
858 4039 1045 4121 Geoponicis
1068 4042 1164 4103 etiam
1192 4060 1234 4103 xu
1259 4042 1317 4120 46,
1352 4034 1493 4104 Πανάκεια

315 4161 351 4203 κν
372 4143 384 4202 4
416 4143 448 4202 44
478 4152 510 4204 ct
525 4143 578 4204 32.
625 4141 682 4204 sed
706 4142 747 4204 de
769 4143 900 4205 Nestore
923 4142 1117 4205 Larandensi
1140 4161 1240 4225 pauca
1263 4145 1317 4206 illa
1340 4161 1417 4225 quac
1438 4140 1493 4204 dici

195 4311 201 4316 ,
317 4255 448 4324 possunt
470 4245 523 4306 alii
550 4255 755 4326 occuparunt.
801 4265 901 4309 unum
924 4255 1031 4308 tamen
1054 4245 1214 4308 addimus.
1261 4244 1347 4327 apud
1370 4245 1492 4328 Stepha-

314 4365 391 4408 num
414 4348 599 4428 Byzantium
622 4349 700 4410 haec
727 4349 878 4428 legimus,
903 4342 1090 4426 Ὑστάσπαν,
1121 4346 1208 4421 ἔθνος
1231 4343 1389 4434 Περσικόν.
1432 4343 1492 4419 Νέ-

314 4471 392 4534 στωρ
427 4443 456 4511 δ’
494 4449 526 4512 ἐν
559 4453 596 4534 τῇ
629 4443 733 4536 πρώτη
767 4453 820 4535 τῆς
847 4445 1107 4537 Ἀλεξανδριάδος,
1144 4452 1266 4533 reliqua
1299 4454 1489 4516 interierunt.
