3186 5108
430 299 518 360 liram
541 317 709 361 amarem
732 318 912 363 rsrrrrrrrrrr
931 299 1024 360 1856.
1251 287 1322 358 103

254 485 329 550 baec
348 487 406 550 riti
425 488 570 570 culparer
593 491 666 552 istos
688 497 851 571 compescet
872 507 1003 566 cmorm,

333 605 387 654 mc
407 610 490 652 cova
510 591 683 674 pausando
705 611 826 675 rernper
847 594 964 656 amictu
988 595 1060 656 eris.

254 693 329 757 dccc
351 713 403 778 epo
425 713 485 756 con
508 713 632 757 rumore
654 695 745 773 malm
770 715 831 758 nort
853 715 972 779 cupiere
994 697 1115 760 decas:

334 797 400 860 victi
419 816 490 881 epo:
514 815 560 860 rrre
580 817 693 881 quaere
715 806 787 862 leste
807 817 922 882 aegane
940 803 1049 881 potes?

127 903 332 983 persequitur
354 899 472 964 deinde
489 902 672 983 Propertius
694 901 774 983 qaid
789 901 918 982 viderit,
945 903 977 965 ni
1001 903 1117 966 mirum
1141 905 1323 966 amatorium

126 1006 202 1066 Galli
225 1016 261 1068 ct
284 1006 411 1087 puellae
432 1005 639 1086 voluptatem.
682 1003 818 1068 eandem
839 1004 1011 1087 descripsit
1034 1005 1155 1070 decima
1179 1006 1323 1068 eiusdem

125 1108 196 1170 libri
218 1110 336 1190 elegia,
362 1127 458 1190 quam
481 1108 528 1170 sic
548 1109 679 1190 incepit,
707 1109 732 1172 Ο
754 1108 889 1172 tenenda
910 1111 1005 1191 quies,
1027 1111 1129 1190 prrirw
1151 1127 1219 1172 urm
1241 1111 1324 1172 testis

124 1213 225 1275 omri
247 1209 416 1294 Adfueram
438 1213 548 1274 vestris
569 1211 709 1274 censeriis
733 1213 765 1274 in
786 1212 934 1276 lacrimas.
981 1212 1039 1277 sed
1061 1212 1221 1275 decimum
1243 1211 1324 1275 illud

123 1335 255 1380 carmen
270 1316 430 1398 posterius
451 1315 607 1397 scriptum
631 1323 679 1378 cst
695 1333 790 1396 quem
815 1317 946 1380 tertium
960 1316 1136 1380 decimum:
1164 1316 1222 1378 bec
1237 1316 1324 1378 enirn

123 1419 163 1483 ed
187 1425 354 1483 recentem
369 1419 450 1482 Galli
473 1431 611 1481 amorem
635 1419 791 1500 pertinet,
810 1418 971 1482 decimum
993 1437 1123 1482 carmen
1142 1420 1324 1500 Pmpsrtius

124 1521 198 1586 iecit
221 1532 404 1604 postquam,
429 1533 466 1586 ut
487 1521 627 1600 videtur,
653 1522 700 1582 ira
723 1522 829 1604 aliqua
852 1533 995 1586 amantes
1016 1522 1171 1585 diviserat
1192 1532 1247 1584 aut
1270 1541 1323 1584 er-

123 1626 181 1689 dor
203 1626 333 1708 puellae
361 1626 503 1708 paullum
531 1634 600 1687 eret
630 1623 849 1706 refrigeratus.
897 1627 931 1688 in
953 1625 1103 1689 versibus
1131 1625 1324 1688 autemillis

123 1731 278 1792 carminis
299 1739 443 1810 tempore
463 1728 579 1810 prioris
595 1747 675 1809 quos
696 1727 926 1810 adscripsimus
948 1748 1048 1792 unum
1070 1738 1119 1791 est
1134 1727 1323 1791 vocabulum

124 1835 156 1894 in
179 1852 247 1914 quo
275 1852 424 1914 peccasse
454 1831 602 1893 librarios
632 1831 841 1913 hominesque
871 1831 979 1896 domos
1006 1832 1088 1894 mele
1119 1829 1324 1912 adquievisse

125 1947 291 2018 putamus:
324 1955 397 1999 uam
421 1934 506 2017 quod
529 1953 625 1998 versu
652 1943 763 1996 octavo
790 1936 945 2017 seriptum
971 1934 1168 2012 eratcdr'ra,
1199 1933 1233 1996 id
1256 1935 1323 1998 ltali
1378 1923 1380 1928 ’

125 2042 155 2101 in
179 2038 324 2103 abeundi
341 2039 477 2103 verbum
499 2038 675 2102 rectissime
693 2047 896 2102 mutaverunt
911 2039 1070 2120 stulteque
1094 2039 1141 2100 eis
1162 2056 1225 2099 non
1244 2037 1324 2100 nulli

125 2161 232 2225 nuper
254 2142 392 2205 oblocuti
416 2153 502 2205 sunt.
542 2139 600 2204 sed
619 2141 811 2204 versiculum
835 2142 965 2205 tertium
988 2141 1148 2205 decimum
1170 2159 1324 2221 negamus

124 2247 254 2326 qualem
278 2245 353 2308 libri
375 2245 534 2327 praebent
553 2263 572 2307 a
592 2245 755 2326 Propertio
777 2243 875 2308 scribi
898 2246 1051 2326 petuisse.
1092 2242 1178 2325 quod
1194 2245 1248 2325 qui
1272 2263 1324 2308 so-

124 2349 174 2412 lus
196 2348 281 2411 vidit
296 2351 409 2412 Petrus
422 2336 581 2412 Francius¹
604 2348 770 2429 scripsisse
793 2359 918 2430 poetam
941 2349 1066 2431 putavit
1087 2365 1211 2410 rurum
1232 2355 1349 2430 vaput

125 2452 157 2514 id
180 2451 271 2534 quod
298 2461 409 2534 aptum
439 2461 488 2514 est
515 2461 548 2514 et
576 2452 654 2514 satis
681 2449 859 2532 probabile.
906 2455 1108 2516 Burmannus
1137 2452 1224 2514 eninr
1245 2449 1323 2513 dum

124 2555 241 2620 adlatis
263 2557 384 2637 aliquot
413 2553 610 2618 carminibus
639 2554 672 2616 in
697 2553 820 2636 'quibus
848 2573 956 2618 cumr
984 2575 1044 2618 non
1073 2555 1168 2620 bonoso
1196 2555 1325 2636 aliaque

124 2661 243 2722 similia
271 2659 425 2722 dicuntur
447 2659 570 2720 Franeii
600 2659 814 2740 suspicionem
835 2658 964 2721 elevare
993 2658 1056 2721 sibi
1078 2657 1223 2738 videtur,
1257 2677 1324 2720 ram

126 2765 202 2845 egit,
229 2773 265 2826 ut
287 2781 400 2844 saepe,
425 2763 608 2824 oscitanter.
655 2779 729 2824 nam
751 2760 814 2824 diei
838 2781 930 2844 posse
954 2763 1061 2824 Latine
1083 2763 1199 2823 malum
1220 2780 1326 2824 rumo-

126 2887 191 2930 mm
213 2885 310 2930 nemo
322 2864 486 2929 dubitabit
508 2872 676 2946 potestque
699 2863 732 2926 id
749 2865 848 2928 multo
869 2864 1018 2947 pluribus
1034 2883 1129 2945 quarn
1144 2866 1326 2928 Burmanno

127 2979 257 3052 praesto
280 2969 411 3032 luerunt
433 2969 589 3050 exemplis
618 2967 814 3048 confirmari,
846 2967 904 3031 sed
933 2968 1009 3032 huic
1038 2967 1170 3029 carmini
1195 2966 1326 3029 minima

126 3075 359 3138 convenienter
381 3071 509 3136 dieitur.
556 3072 611 3153 qui
640 3072 725 3133 enim
755 3071 828 3134 mali
860 3073 996 3134 rumoris
1017 3091 1111 3134 cause
1135 3089 1204 3134 esse
1227 3071 1327 3150 possit

127 3177 215 3259 quod
230 3177 340 3240 Gallus
355 3177 480 3240 cnissis
495 3173 682 3256 vulgaribus
702 3173 866 3238 amoribus
888 3177 944 3237 uui
969 3175 1029 3238 ium
1046 3175 1184 3256 puellae,
1206 3182 1242 3236 ut
1257 3173 1327 3254 ipsc

128 3282 313 3362 Propertius
327 3280 495 3362 Cynthiae,
521 3277 651 3342 deditus
671 3289 720 3340 est
742 3277 836 3359 eique
860 3287 921 3340 tarn
946 3278 1098 3359 pulchrae
1121 3287 1155 3340 ct
1174 3286 1327 3338 venustae

127 3395 162 3448 nt
182 3385 321 3448 summis
350 3401 419 3446 earn
451 3391 543 3463 pocta
571 3380 720 3444 laudibus
744 3382 895 3444 extollat?
923 3380 1043 3444 deinde
1066 3383 1091 3443 si
1115 3381 1166 3442 vel
1190 3381 1327 3442 maxime

128 3489 154 3549 is
177 3505 290 3550 muros
309 3483 424 3549 babc'ri
448 3493 555 3566 posset
576 3485 692 3563 malus,
724 3495 830 3546 tamen
854 3485 906 3546 bic
926 3485 1036 3566 inepte
1059 3484 1239 3560 diceretur,
1271 3481 1327 3546 ubi

129 3591 212 3654 laura
234 3591 341 3672 potius
359 3588 499 3652 obscura
529 3597 561 3650 et
591 3589 711 3650 incerta
739 3597 845 3650 certae
875 3587 920 3650 rei
943 3589 1115 3668 cognitioni
1139 3585 1329 3668 opponenda

129 3704 209 3758 erat.
265 3707 373 3774 seque
402 3709 480 3754 vere
509 3692 628 3754 rectius
656 3691 866 3773 coniungeres
894 3691 974 3754 mulo
1003 3711 1138 3776 separa,
1170 3709 1242 3754 curn
1264 3707 1328 3753 acu

130 3799 211 3860 mlo
235 3796 406 3860 dicendum
431 3805 533 3874 esset,
559 3794 618 3857 sed
637 3781 758 3876 fallaci.
807 3795 914 3875 itaque
938 3795 1121 3876 Propertius
1145 3812 1249 3874 neque
1272 3809 1330 3856 ru-

132 3917 253 3964 morem
277 3911 382 3982 ne'que
403 3917 561 3980 augurem
585 3897 701 3961 malum
718 3897 810 3976 dixit,
835 3896 893 3960 sed
914 3907 970 3960 eut
991 3899 1095 3960 levam
1116 3909 1151 3960 et
1172 3898 1330 3959 incertum

131 4017 312 4082 rumorem,
339 4003 372 4066 id
396 4002 482 4084 quod
504 4002 627 4066 Praneii
653 4001 731 4064 illud
754 4020 831 4084 oropo
854 4010 1012 4082 praestat,
1037 4011 1092 4062 aut
1115 4000 1252 4063 rumoris
1275 4019 1331 4062 vo-

132 4107 256 4188 cabulo,
281 4106 367 4188 quod
390 4107 477 4172 nullo
497 4106 641 4187 epitheto
660 4103 795 4185 indiget,
821 4104 900 4166 nibil
916 4102 1044 4183 adiecit,
1070 4103 1129 4166 sed
1151 4103 1245 4165 aliter
1259 4121 1332 4166 ora-

133 4213 251 4274 tionem
276 4209 498 4273 conformavit.
546 4208 696 4272 videmur
724 4218 829 4270 autam
857 4206 952 4270 nobis
976 4207 1148 4270 mutatione
1172 4207 1331 4270 lenissima

134 4313 167 4376 id
191 4313 274 4396 quod
299 4315 482 4395 Propertius
504 4313 633 4394 scripsit
655 4311 836 4390 restituere,

262 4417 336 4480 burc
357 4434 409 4500 epo
430 4436 492 4478 nac
514 4434 638 4478 tumere
660 4433 721 4492 ruo,
747 4427 808 4476 nort
831 4431 949 4498 aequm
971 4414 1086 4478 doctus.
