3186 5108
133 1317 299 1422 INDEX
328 1318 649 1420 indnuntur
680 1317 1050 1420 fltssunnauvn
1085 1328 1211 1421 1861.

92 1571 304 1706 Disputatun'
318 1643 429 1686 sumus
446 1623 486 1686 de
502 1623 651 1687 versibus
673 1643 737 1687 non
759 1624 857 1686 nullis
878 1625 1171 1706 metamorphoseon
1188 1625 1265 1686 Ovi-

90 1725 144 1806 dii,
170 1735 231 1790 uon
260 1745 324 1809 quo
353 1730 447 1809 plane
470 1745 552 1789 nota
582 1737 727 1790 etentes
750 1747 924 1810 numquam
947 1728 1031 1791 dicta
1054 1728 1263 1812 proferamus,

89 1831 136 1892 sed
167 1843 202 1894 ut
238 1831 351 1893 iactam
387 1831 461 1891 olim
496 1831 749 1894 emendationem
788 1835 985 1912 argumentis
1022 1833 1263 1894 confirmemus:

90 1931 205 1997 bierunt
227 1936 312 1998 enim
335 1935 390 2015 qui
413 1935 634 1997 necessitatem
657 1937 728 1997 eius
749 1953 812 1996 non
837 1937 1070 2016 intebegerent.
1109 1937 1266 1998 notissimi

89 2047 154 2098 sunt
172 2040 263 2120 primi
289 2037 364 2100 libri
387 2057 501 2100 versus
529 2037 557 2120 (b
580 2038 636 2120 ss.)
661 2039 780 2119 quibus
802 2039 938 2101 Ovidius
961 2039 1148 2119 indigestam
1171 2048 1267 2120 atque

90 2141 116 2200 in
138 2161 232 2204 unum
254 2142 348 2204 chaos
369 2142 534 2205 aonhtsam
549 2151 699 2223 quattuor
722 2144 950 2205 elementorum
971 2144 1084 2204 molem
1101 2141 1265 2204 describit.

205 2256 275 2309 aatc
296 2263 384 2308 marc
405 2253 434 2308 et
455 2255 557 2308 terras
579 2255 608 2308 ct
628 2247 707 2328 qaod
728 2249 797 2330 tepit
819 2249 921 2308 anaia
943 2248 1059 2308 coetum

203 2369 285 2412 naus
308 2357 377 2411 crat
397 2357 455 2412 toto
476 2358 608 2412 animae
629 2351 733 2413 malias
755 2355 787 2412 in
809 2349 889 2426 orbe,

204 2471 292 2535 passm
313 2453 424 2516 diacre
445 2452 555 2530 cbaos‚·
579 2454 668 2515 nadis
691 2453 898 2536 indipastapue
919 2455 1021 2530 moles,

204 2575 259 2620 neo
281 2559 441 2640 paiopaam
462 2559 525 2620 nisi
542 2557 663 2639 pondos
686 2559 772 2619 iners
793 2566 989 2640 omtpestapae
1014 2556 1114 2618 eodem

204 2681 262 2723 aon
288 2661 361 2724 banc
382 2663 557 2724 iunctorum
579 2661 734 2724 discordia
755 2662 872 2724 semina
894 2681 1009 2725 rotoma.

204 2765 311 2828 nultus
334 2763 434 2827 adiaco
455 2765 567 2826 mando
587 2765 753 2846 praebebat
774 2765 892 2829 lamina
918 2767 1015 2840 Titan,

204 2889 259 2932 acc
282 2887 363 2931 nova
384 2869 544 2932 crescendo
567 2869 735 2951 reparabat
756 2887 873 2931 corana
898 2869 1018 2947 Pacete,

204 2991 259 3036 nco
282 2971 465 3055 circumfuso
484 2971 634 3054 pendebat
656 2975 686 3033 ia
710 2991 782 3034 aere
804 2973 892 3035 tellas

202 3075 391 3160 madet-ibas
414 3075 528 3139 librata
550 3077 625 3156 nais,
651 3093 706 3137 aec
727 3075 871 3138 bracchia
893 3077 978 3160 toppo

204 3181 347 3265 marpissa
368 3189 525 3242 terraram
544 3187 734 3262 porreaerat
755 3175 955 3262 Amphitritc,·

205 3281 525 3369 praepediendum,
552 3284 615 3345 illio
637 3291 795 3364 sipontus
818 3291 846 3346 at
868 3303 933 3346 aar.

205 3391 251 3453 sic
273 3395 343 3450 crat
365 3385 515 3450 instabilis
538 3387 637 3471 tellas,
663 3385 809 3448 innabilis
831 3387 927 3466 ando,

207 3489 287 3556 bacis
310 3509 398 3575 eptas
420 3509 495 3568 aer‚·
519 3491 600 3553 auiti
619 3489 801 3572 mafortea
822 3491 972 3569 canebat,

207 3593 402 3677 otcataptc
422 3595 493 3657 aliis
516 3595 612 3670 oldad,
638 3596 710 3678 qaia
732 3613 858 3677 corpore
879 3597 911 3656 ia
933 3615 994 3656 ono

203 3699 325 3785 sripido
344 3697 524 3782 pttptmbaat
544 3697 664 3775 calidis,
690 3700 825 3760 amentia
846 3701 945 3778 siccis,

207 3805 312 3867 mollia
335 3821 403 3864 cam
425 3801 523 3876 daris,
549 3803 616 3864 sitta
633 3801 769 3883 pondere
789 3801 931 3864 babentia
949 3803 1081 3884 pandas.

86 3907 138 3969 sed
160 3925 273 3972 versus
295 3906 360 3986 ille,
385 3923 502 3988 poaque
521 3905 584 3987 fait
605 3903 705 3982 tellas,
731 3905 793 3968 illio
815 3913 844 3967 at
861 3913 973 3987 pontus
995 3914 1022 3968 ct
1044 3925 1109 3984 aar,
1135 3907 1284 3988 scriptus,

85 4010 124 4072 ita
147 4022 195 4074 est
216 4013 250 4073 in
272 4010 367 4072 libris
388 4009 588 4092 paucissimis
611 4027 717 4089 neque
740 4008 910 4071 admodum
933 4009 1035 4072 bonis.
1084 4009 1116 4070 in
1141 4009 1273 4090 reliquis

85 4131 252 4197 permagna
281 4123 330 4177 est
358 4115 536 4196 scripturae
559 4111 746 4192 diversitas,
778 4111 818 4175 de
842 4131 904 4193 qua
933 4112 1077 4176 dicemus
1105 4122 1271 4195 postquam

86 4217 123 4280 de
146 4216 383 4301 exemplaribus
404 4217 698 4298 metamorphoseon
722 4217 899 4296 generatim
924 4233 986 4277 nou
1010 4205 1103 4278 nulla¹
1127 4215 1294 4297 disputa-t

86 4323 233 4386 velimus.
279 4319 432 4384 ridentur
460 4329 565 4383 autem
594 4319 680 4383 nulla
710 4319 937 4400 elegantissimi
966 4321 1116 4382 carminis
1145 4318 1185 4381 ad
1214 4339 1271 4384 nos

86 4427 268 4504 pervenisse
306 4425 500 4506 exemplaria
532 4424 723 4504 octingentis
759 4425 851 4485 annis
887 4424 1077 4503 vetustiora,
1118 4423 1269 4505 pleraque

85 4528 201 4610 aliquot
229 4529 363 4592 saeculis
392 4528 552 4610 posterius
578 4528 695 4607 scripta
724 4535 816 4606 sunt,
853 4525 976 4589 nullum
1009 4524 1147 4588 liberum
1176 4537 1223 4590 est
1252 4545 1270 4589 a

1012 4645 1065 4698 1³·
