<?xml version="1.0" encoding="UTF-8"?>
<!DOCTYPE html PUBLIC "-//W3C//DTD XHTML 1.0 Transitional//EN"
    "http://www.w3.org/TR/xhtml1/DTD/xhtml1-transitional.dtd">
<html xmlns="http://www.w3.org/1999/xhtml" xml:lang="en" lang="en">
 <head>
  <title>
</title>
<meta http-equiv="Content-Type" content="text/html;charset=utf-8" />
  <meta name='ocr-system' content='tesseract 3.04.00' />
  <meta name='ocr-capabilities' content='ocr_page ocr_carea ocr_par ocr_line ocrx_word'/>
</head>
<body>
  <div class='ocr_page' id='page_1' title='image "./mavriciihavptii00haupgoog/mavriciihavptii00haupgoog_0283.png"; bbox 0 0 3184 5108; ppageno 0'>
   <div class='ocr_carea' id='block_1_1' title="bbox 302 377 1192 452">
    <p class='ocr_par' dir='ltr' id='par_1_1' title="bbox 302 377 1192 452">
     <span class='ocr_line' id='line_1_1' title="bbox 302 377 1192 452; baseline 0.001 -3"><span class='ocrx_word' id='word_1_1' title='bbox 302 377 376 450; x_wconf 80' lang='grc'><strong>270</strong></span> <span class='ocrx_word' id='word_1_2' title='bbox 596 391 684 450; x_wconf 75' lang='lat' dir='ltr'><strong>lanan</strong></span> <span class='ocrx_word' id='word_1_3' title='bbox 706 405 872 452; x_wconf 78' lang='grc' dir='ltr'>ιιιοιιοιιιιι</span> <span class='ocrx_word' id='word_1_4' title='bbox 893 407 1077 452; x_wconf 66' lang='lat' dir='ltr'><strong>smannens!</strong></span> <span class='ocrx_word' id='word_1_5' title='bbox 1100 390 1192 452; x_wconf 76' lang='lat' dir='ltr'><strong>test.</strong></span> 
     </span>
    </p>
   </div>
   <div class='ocr_carea' id='block_1_2' title="bbox 300 579 1477 662">
    <p class='ocr_par' dir='ltr' id='par_1_2' title="bbox 300 579 1477 662">
     <span class='ocr_line' id='line_1_2' title="bbox 300 579 1477 662; baseline -0.002 -22"><span class='ocrx_word' id='word_1_6' title='bbox 300 583 476 662; x_wconf 83' lang='lat' dir='ltr'><strong>repentinas</strong></span> <span class='ocrx_word' id='word_1_7' title='bbox 494 579 666 642; x_wconf 82' lang='lat' dir='ltr'><strong>adiectusve</strong></span> <span class='ocrx_word' id='word_1_8' title='bbox 688 597 730 641; x_wconf 81' lang='lat' dir='ltr'><strong>eoe</strong></span> <span class='ocrx_word' id='word_1_9' title='bbox 752 580 915 660; x_wconf 84' lang='lat' dir='ltr'><strong>improviso</strong></span> <span class='ocrx_word' id='word_1_10' title='bbox 936 597 1041 642; x_wconf 84' lang='lat' dir='ltr'><strong>sonus.</strong></span> <span class='ocrx_word' id='word_1_11' title='bbox 1087 587 1235 659; x_wconf 89' lang='lat' dir='ltr'><strong>putamus</strong></span> <span class='ocrx_word' id='word_1_12' title='bbox 1258 579 1355 659; x_wconf 88' lang='lat' dir='ltr'><strong>Lipsii</strong></span> <span class='ocrx_word' id='word_1_13' title='bbox 1378 595 1477 640; x_wconf 86' lang='lat' dir='ltr'><strong>emen-</strong></span> 
     </span>
    </p>
   </div>
   <div class='ocr_carea' id='block_1_3' title="bbox 299 680 1573 867">
    <p class='ocr_par' dir='ltr' id='par_1_3' title="bbox 299 680 1573 867">
     <span class='ocr_line' id='line_1_3' title="bbox 300 680 1573 745; baseline -0.002 -2"><span class='ocrx_word' id='word_1_14' title='bbox 300 681 461 744; x_wconf 79' lang='lat' dir='ltr'><strong>dationem</strong></span> <span class='ocrx_word' id='word_1_15' title='bbox 488 683 582 744; x_wconf 92' lang='lat' dir='ltr'><strong>aliter</strong></span> <span class='ocrx_word' id='word_1_16' title='bbox 609 701 679 745; x_wconf 89' lang='lat' dir='ltr'><strong>esse</strong></span> <span class='ocrx_word' id='word_1_17' title='bbox 710 680 999 744; x_wconf 79' lang='lat' dir='ltr'><strong>consummandam.</strong></span> <span class='ocrx_word' id='word_1_18' title='bbox 1045 681 1109 744; x_wconf 87' lang='lat' dir='ltr'><strong>nisi</strong></span> <span class='ocrx_word' id='word_1_19' title='bbox 1131 683 1217 744; x_wconf 91' lang='lat' dir='ltr'><strong>enim</strong></span> <span class='ocrx_word' id='word_1_20' title='bbox 1247 680 1387 743; x_wconf 91' lang='lat' dir='ltr'><strong>lallimur</strong></span> <span class='ocrx_word' id='word_1_21' title='bbox 1407 682 1477 742; x_wconf 88' lang='lat' dir='ltr'><strong>sari-</strong></span> <span class='ocrx_word' id='word_1_22' title='bbox 1572 689 1573 696; x_wconf 47' lang='lat'>³</span> 
     </span>
     <span class='ocr_line' id='line_1_4' title="bbox 299 786 1573 867; baseline -0.003 -20"><span class='ocrx_word' id='word_1_23' title='bbox 299 787 364 867; x_wconf 87' lang='lat' dir='ltr'><strong>psit</strong></span> <span class='ocrx_word' id='word_1_24' title='bbox 387 787 507 847; x_wconf 80' lang='lat' dir='ltr'><strong>Seneca</strong></span> <span class='ocrx_word' id='word_1_25' title='bbox 529 803 616 866; x_wconf 84' lang='lat' dir='ltr'><strong>quem</strong></span> <span class='ocrx_word' id='word_1_26' title='bbox 641 803 743 867; x_wconf 87' lang='lat' dir='ltr'><strong>pavor</strong></span> <span class='ocrx_word' id='word_1_27' title='bbox 770 786 947 867; x_wconf 77' lang='lat' dir='ltr'><strong>repentinas</strong></span> <span class='ocrx_word' id='word_1_28' title='bbox 968 803 1075 847; x_wconf 74' lang='lat' dir='ltr'><strong>csmrr</strong></span> <span class='ocrx_word' id='word_1_29' title='bbox 1103 792 1132 847; x_wconf 88' lang='lat' dir='ltr'><strong>et</strong></span> <span class='ocrx_word' id='word_1_30' title='bbox 1151 803 1194 847; x_wconf 73' lang='lat' dir='ltr'><strong>eat</strong></span> <span class='ocrx_word' id='word_1_31' title='bbox 1216 787 1371 867; x_wconf 77' lang='lat' dir='ltr'><strong>inproviso</strong></span> <span class='ocrx_word' id='word_1_32' title='bbox 1394 801 1476 846; x_wconf 83' lang='lat' dir='ltr'><strong>sonas</strong></span> <span class='ocrx_word' id='word_1_33' title='bbox 1572 843 1573 860; x_wconf 55' lang='lat'><strong>,</strong></span> 
     </span>
    </p>
   </div>
   <div class='ocr_carea' id='block_1_4' title="bbox 299 886 1573 1500">
    <p class='ocr_par' dir='ltr' id='par_1_4' title="bbox 299 886 1573 1278">
     <span class='ocr_line' id='line_1_5' title="bbox 300 886 1573 972; baseline -0.002 -23"><span class='ocrx_word' id='word_1_34' title='bbox 300 887 429 951; x_wconf 80' lang='lat' dir='ltr'><strong>auribus</strong></span> <span class='ocrx_word' id='word_1_35' title='bbox 450 890 557 972; x_wconf 78' lang='lat' dir='ltr'><strong>pravis</strong></span> <span class='ocrx_word' id='word_1_36' title='bbox 579 891 704 951; x_wconf 73' lang='lat' dir='ltr'><strong>excutit.</strong></span> <span class='ocrx_word' id='word_1_37' title='bbox 751 890 895 950; x_wconf 90' lang='lat' dir='ltr'><strong>Lucanus</strong></span> <span class='ocrx_word' id='word_1_38' title='bbox 917 905 971 949; x_wconf 85' lang='grc' dir='ltr'>ιιιι</span> <span class='ocrx_word' id='word_1_39' title='bbox 993 888 1033 948; x_wconf 78' lang='grc'><strong>58</strong></span> <span class='ocrx_word' id='word_1_40' title='bbox 1064 886 1152 950; x_wconf 88' lang='lat' dir='ltr'><strong>obvia</strong></span> <span class='ocrx_word' id='word_1_41' title='bbox 1180 905 1247 949; x_wconf 69' lang='lat' dir='ltr'><strong>aare</strong></span> <span class='ocrx_word' id='word_1_42' title='bbox 1267 889 1397 950; x_wconf 77' lang='lat' dir='ltr'><strong>miserae</strong></span> <span class='ocrx_word' id='word_1_43' title='bbox 1416 904 1478 948; x_wconf 87' lang='lat' dir='ltr'><strong>cae-</strong></span> <span class='ocrx_word' id='word_1_44' title='bbox 1572 963 1573 970; x_wconf 6' lang='grc' dir='ltr'>ἵ</span> 
     </span>
     <span class='ocr_line' id='line_1_6' title="bbox 300 987 1477 1074; baseline -0.004 -21"><span class='ocrx_word' id='word_1_45' title='bbox 300 992 364 1053; x_wconf 84' lang='lat' dir='ltr'><strong>lum</strong></span> <span class='ocrx_word' id='word_1_46' title='bbox 386 992 537 1074; x_wconf 80' lang='lat' dir='ltr'><strong>laceroque</strong></span> <span class='ocrx_word' id='word_1_47' title='bbox 559 990 690 1054; x_wconf 81' lang='lat' dir='ltr'><strong>tenebris</strong></span> <span class='ocrx_word' id='word_1_48' title='bbox 712 987 843 1054; x_wconf 75' lang='lat' dir='ltr'><em>Abstulit</em></span> <span class='ocrx_word' id='word_1_49' title='bbox 864 998 953 1072; x_wconf 84' lang='lat' dir='ltr'><strong>atque</strong></span> <span class='ocrx_word' id='word_1_50' title='bbox 974 992 1110 1052; x_wconf 83' lang='lat' dir='ltr'><strong>animam</strong></span> <span class='ocrx_word' id='word_1_51' title='bbox 1130 991 1242 1053; x_wconf 82' lang='lat' dir='ltr'><strong>clausit</strong></span> <span class='ocrx_word' id='word_1_52' title='bbox 1262 989 1359 1064; x_wconf 84' lang='lat' dir='ltr'><strong>dolor,</strong></span> <span class='ocrx_word' id='word_1_53' title='bbox 1387 991 1477 1051; x_wconf 83' lang='lat' dir='ltr'><strong>omnia</strong></span> 
     </span>
     <span class='ocr_line' id='line_1_7' title="bbox 299 1092 1573 1177; baseline -0.003 -21"><span class='ocrx_word' id='word_1_54' title='bbox 299 1097 404 1157; x_wconf 83' lang='lat' dir='ltr'><strong>nervis</strong></span> <span class='ocrx_word' id='word_1_55' title='bbox 426 1093 564 1157; x_wconf 81' lang='lat' dir='ltr'><strong>Membra</strong></span> <span class='ocrx_word' id='word_1_56' title='bbox 586 1095 693 1157; x_wconf 88' lang='lat' dir='ltr'><strong>relicta</strong></span> <span class='ocrx_word' id='word_1_57' title='bbox 715 1092 829 1170; x_wconf 83' lang='lat' dir='ltr'><strong>labant,</strong></span> <span class='ocrx_word' id='word_1_58' title='bbox 862 1095 1024 1177; x_wconf 80' lang='lat' dir='ltr'><strong>riquertmt</strong></span> <span class='ocrx_word' id='word_1_59' title='bbox 1045 1093 1140 1157; x_wconf 87' lang='lat' dir='ltr'><strong>corda</strong></span> <span class='ocrx_word' id='word_1_60' title='bbox 1168 1093 1278 1175; x_wconf 81' lang='lat' dir='ltr'><strong>diuque</strong></span> <span class='ocrx_word' id='word_1_61' title='bbox 1301 1093 1361 1174; x_wconf 89' lang='lat' dir='ltr'><strong>Spe</strong></span> <span class='ocrx_word' id='word_1_62' title='bbox 1382 1094 1477 1153; x_wconf 83' lang='lat' dir='ltr'><strong>martis</strong></span> <span class='ocrx_word' id='word_1_63' title='bbox 1572 1097 1573 1144; x_wconf 75' lang='lat' dir='ltr'><strong>i</strong></span> 
     </span>
     <span class='ocr_line' id='line_1_8' title="bbox 299 1196 530 1278; baseline 0 -20"><span class='ocrx_word' id='word_1_64' title='bbox 299 1196 421 1278; x_wconf 83' lang='lat' dir='ltr'><strong>decepta</strong></span> <span class='ocrx_word' id='word_1_65' title='bbox 444 1199 530 1260; x_wconf 85' lang='lat' dir='ltr'><strong>iacet.</strong></span> 
     </span>
    </p>

    <p class='ocr_par' dir='ltr' id='par_1_5' title="bbox 299 1295 1573 1500">
     <span class='ocr_line' id='line_1_9' title="bbox 387 1295 1475 1380; baseline -0.002 -20"><span class='ocrx_word' id='word_1_66' title='bbox 387 1300 422 1362; x_wconf 94' lang='lat' dir='ltr'><strong>ln</strong></span> <span class='ocrx_word' id='word_1_67' title='bbox 446 1299 558 1362; x_wconf 92' lang='lat' dir='ltr'><strong>eodem</strong></span> <span class='ocrx_word' id='word_1_68' title='bbox 581 1299 662 1362; x_wconf 87' lang='lat' dir='ltr'><strong>libro</strong></span> <span class='ocrx_word' id='word_1_69' title='bbox 685 1319 755 1380; x_wconf 89' lang='lat' dir='ltr'><strong>cap.</strong></span> <span class='ocrx_word' id='word_1_70' title='bbox 775 1299 814 1359; x_wconf 88' lang='lat' dir='ltr'><strong>l8</strong></span> <span class='ocrx_word' id='word_1_71' title='bbox 839 1300 850 1358; x_wconf 91' lang='lat' dir='ltr'><strong>l</strong></span> <span class='ocrx_word' id='word_1_72' title='bbox 885 1300 964 1362; x_wconf 87' lang='lat' dir='ltr'><strong>hacc</strong></span> <span class='ocrx_word' id='word_1_73' title='bbox 985 1297 1119 1380; x_wconf 87' lang='lat' dir='ltr'><strong>praebet</strong></span> <span class='ocrx_word' id='word_1_74' title='bbox 1141 1297 1224 1361; x_wconf 87' lang='lat' dir='ltr'><strong>liber</strong></span> <span class='ocrx_word' id='word_1_75' title='bbox 1245 1295 1475 1372; x_wconf 75' lang='lat' dir='ltr'><strong>Ambrosianus,</strong></span> 
     </span>
     <span class='ocr_line' id='line_1_10' title="bbox 299 1400 1573 1500; baseline -0.003 -36"><span class='ocrx_word' id='word_1_76' title='bbox 299 1401 415 1465; x_wconf 85' lang='lat' dir='ltr'><strong>uidebis</strong></span> <span class='ocrx_word' id='word_1_77' title='bbox 444 1403 506 1466; x_wconf 87' lang='lat' dir='ltr'><strong>illic</strong></span> <span class='ocrx_word' id='word_1_78' title='bbox 528 1401 763 1465; x_wconf 82' lang='lat' dir='ltr'><strong>innumerabiles</strong></span> <span class='ocrx_word' id='word_1_79' title='bbox 785 1401 900 1478; x_wconf 86' lang='lat' dir='ltr'><strong>stellas,</strong></span> <span class='ocrx_word' id='word_1_80' title='bbox 933 1401 1036 1464; x_wconf 81' lang='lat' dir='ltr'><strong>vi&#39;dere</strong></span> <span class='ocrx_word' id='word_1_81' title='bbox 1058 1400 1182 1465; x_wconf 77' lang='lat' dir='ltr'><strong>micabis</strong></span> <span class='ocrx_word' id='word_1_82' title='bbox 1210 1420 1271 1464; x_wconf 80' lang='lat' dir='ltr'><strong>aaa</strong></span> <span class='ocrx_word' id='word_1_83' title='bbox 1300 1401 1399 1464; x_wconf 84' lang='lat' dir='ltr'><strong>sidere</strong></span> <span class='ocrx_word' id='word_1_84' title='bbox 1423 1419 1479 1461; x_wconf 90' lang='lat' dir='ltr'><strong>om·</strong></span> <span class='ocrx_word' id='word_1_85' title='bbox 1572 1425 1573 1500; x_wconf 45' lang='lat' dir='ltr'><strong>q</strong></span> 
     </span>
    </p>
   </div>
   <div class='ocr_carea' id='block_1_5' title="bbox 299 1501 1573 1690">
    <p class='ocr_par' dir='ltr' id='par_1_6' title="bbox 299 1501 1573 1690">
     <span class='ocr_line' id='line_1_11' title="bbox 299 1501 1573 1588; baseline -0.002 -22"><span class='ocrx_word' id='word_1_86' title='bbox 299 1507 353 1567; x_wconf 86' lang='lat' dir='ltr'><strong>aia</strong></span> <span class='ocrx_word' id='word_1_87' title='bbox 375 1507 498 1588; x_wconf 80' lang='lat' dir='ltr'><strong>inpleri,</strong></span> <span class='ocrx_word' id='word_1_88' title='bbox 529 1505 621 1568; x_wconf 92' lang='lat' dir='ltr'><strong>salem</strong></span> <span class='ocrx_word' id='word_1_89' title='bbox 643 1505 793 1568; x_wconf 82' lang='lat' dir='ltr'><strong>cotidiano</strong></span> <span class='ocrx_word' id='word_1_90' title='bbox 815 1523 910 1568; x_wconf 81' lang='lat' dir='ltr'><strong>cursa</strong></span> <span class='ocrx_word' id='word_1_91' title='bbox 931 1504 979 1567; x_wconf 87' lang='lat' dir='ltr'><strong>die</strong></span> <span class='ocrx_word' id='word_1_92' title='bbox 1000 1506 1152 1587; x_wconf 72' lang='lat' dir='ltr'><strong>noctuque</strong></span> <span class='ocrx_word' id='word_1_93' title='bbox 1181 1507 1283 1586; x_wconf 86' lang='lat' dir='ltr'><strong>spatia</strong></span> <span class='ocrx_word' id='word_1_94' title='bbox 1306 1506 1476 1587; x_wconf 80' lang='lat' dir='ltr'><strong>siqrtaatem,</strong></span> <span class='ocrx_word' id='word_1_95' title='bbox 1572 1501 1573 1530; x_wconf 72' lang='lat'><em>³</em></span> 
     </span>
     <span class='ocr_line' id='line_1_12' title="bbox 299 1604 1573 1690; baseline -0.002 -21"><span class='ocrx_word' id='word_1_96' title='bbox 299 1627 402 1670; x_wconf 81' lang='lat' dir='ltr'><strong>annuo</strong></span> <span class='ocrx_word' id='word_1_97' title='bbox 424 1615 553 1671; x_wconf 83' lang='lat' dir='ltr'><strong>aestates</strong></span> <span class='ocrx_word' id='word_1_98' title='bbox 575 1608 742 1690; x_wconf 71' lang='lat' dir='ltr'><strong>hiemesque</strong></span> <span class='ocrx_word' id='word_1_99' title='bbox 769 1608 986 1689; x_wconf 79' lang='lat' dir='ltr'><strong>aeqaattasqae</strong></span> <span class='ocrx_word' id='word_1_100' title='bbox 1014 1607 1205 1670; x_wconf 76' lang='lat' dir='ltr'><strong>dividentem.</strong></span> <span class='ocrx_word' id='word_1_101' title='bbox 1252 1625 1311 1688; x_wconf 91' lang='lat' dir='ltr'><strong>pro</strong></span> <span class='ocrx_word' id='word_1_102' title='bbox 1339 1604 1479 1668; x_wconf 88' lang='lat' dir='ltr'><strong>mendosa</strong></span> <span class='ocrx_word' id='word_1_103' title='bbox 1572 1665 1573 1676; x_wconf 67' lang='lat'><strong>,</strong></span> 
     </span>
    </p>
   </div>
   <div class='ocr_carea' id='block_1_6' title="bbox 299 1708 1479 1790">
    <p class='ocr_par' dir='ltr' id='par_1_7' title="bbox 299 1708 1479 1790">
     <span class='ocr_line' id='line_1_13' title="bbox 299 1708 1479 1790; baseline -0.003 -18"><span class='ocrx_word' id='word_1_104' title='bbox 299 1710 352 1773; x_wconf 93' lang='lat' dir='ltr'><strong>illo</strong></span> <span class='ocrx_word' id='word_1_105' title='bbox 373 1709 498 1774; x_wconf 83' lang='lat' dir='ltr'><strong>micabis</strong></span> <span class='ocrx_word' id='word_1_106' title='bbox 521 1711 574 1773; x_wconf 92' lang='lat' dir='ltr'><strong>alii</strong></span> <span class='ocrx_word' id='word_1_107' title='bbox 598 1720 684 1773; x_wconf 89' lang='lat' dir='ltr'><strong>recte</strong></span> <span class='ocrx_word' id='word_1_108' title='bbox 706 1710 868 1773; x_wconf 70' lang='lat' dir='ltr'><strong>miraberis</strong></span> <span class='ocrx_word' id='word_1_109' title='bbox 890 1709 1021 1790; x_wconf 91' lang='lat' dir='ltr'><strong>habent,</strong></span> <span class='ocrx_word' id='word_1_110' title='bbox 1052 1710 1157 1774; x_wconf 83' lang='lat' dir='ltr'><strong>videre</strong></span> <span class='ocrx_word' id='word_1_111' title='bbox 1178 1721 1284 1773; x_wconf 87' lang='lat' dir='ltr'><strong>autam</strong></span> <span class='ocrx_word' id='word_1_112' title='bbox 1307 1708 1392 1790; x_wconf 89' lang='lat' dir='ltr'><strong>quad</strong></span> <span class='ocrx_word' id='word_1_113' title='bbox 1412 1719 1479 1770; x_wconf 87' lang='lat' dir='ltr'><strong>ante</strong></span> 
     </span>
    </p>
   </div>
   <div class='ocr_carea' id='block_1_7' title="bbox 299 1811 1573 1895">
    <p class='ocr_par' dir='ltr' id='par_1_8' title="bbox 299 1811 1573 1895">
     <span class='ocr_line' id='line_1_14' title="bbox 299 1811 1573 1895; baseline -0.002 -20"><span class='ocrx_word' id='word_1_114' title='bbox 299 1812 379 1876; x_wconf 90' lang='lat' dir='ltr'><strong>illud</strong></span> <span class='ocrx_word' id='word_1_115' title='bbox 400 1813 589 1876; x_wconf 87' lang='lat' dir='ltr'><strong>vocabulum</strong></span> <span class='ocrx_word' id='word_1_116' title='bbox 616 1813 770 1895; x_wconf 91' lang='lat' dir='ltr'><strong>scriptum</strong></span> <span class='ocrx_word' id='word_1_117' title='bbox 799 1823 846 1876; x_wconf 87' lang='lat' dir='ltr'><strong>est</strong></span> <span class='ocrx_word' id='word_1_118' title='bbox 876 1813 1021 1894; x_wconf 87' lang='lat' dir='ltr'><strong>plerique</strong></span> <span class='ocrx_word' id='word_1_119' title='bbox 1050 1812 1127 1875; x_wconf 82' lang='lat' dir='ltr'><strong>libri</strong></span> <span class='ocrx_word' id='word_1_120' title='bbox 1155 1814 1302 1876; x_wconf 89' lang='lat' dir='ltr'><strong>amittere</strong></span> <span class='ocrx_word' id='word_1_121' title='bbox 1324 1811 1476 1887; x_wconf 86' lang='lat' dir='ltr'><strong>videntur,</strong></span> <span class='ocrx_word' id='word_1_122' title='bbox 1572 1831 1573 1856; x_wconf 67' lang='grc' dir='ltr'>ι</span> 
     </span>
    </p>
   </div>
   <div class='ocr_carea' id='block_1_8' title="bbox 298 1913 1573 2101">
    <p class='ocr_par' dir='ltr' id='par_1_9' title="bbox 298 1913 1573 2101">
     <span class='ocr_line' id='line_1_15' title="bbox 298 1913 1573 2010; baseline -0.004 -32"><span class='ocrx_word' id='word_1_123' title='bbox 298 1919 474 1980; x_wconf 89' lang='lat' dir='ltr'><strong>amiserunt</strong></span> <span class='ocrx_word' id='word_1_124' title='bbox 502 1925 588 1978; x_wconf 88' lang='lat' dir='ltr'><strong>certe</strong></span> <span class='ocrx_word' id='word_1_125' title='bbox 617 1917 760 1979; x_wconf 86' lang='lat' dir='ltr'><strong>homines</strong></span> <span class='ocrx_word' id='word_1_126' title='bbox 790 1915 886 1978; x_wconf 89' lang='lat' dir='ltr'><strong>docti.</strong></span> <span class='ocrx_word' id='word_1_127' title='bbox 938 1926 1005 1980; x_wconf 94' lang='lat' dir='ltr'><strong>tum</strong></span> <span class='ocrx_word' id='word_1_128' title='bbox 1036 1916 1262 1999; x_wconf 73' lang='lat' dir='ltr'><strong>aequalitasque,</strong></span> <span class='ocrx_word' id='word_1_129' title='bbox 1294 1913 1380 1997; x_wconf 89' lang='lat' dir='ltr'><strong>quod</strong></span> <span class='ocrx_word' id='word_1_130' title='bbox 1407 1913 1479 1976; x_wconf 80' lang='lat' dir='ltr'><strong>ferri</strong></span> <span class='ocrx_word' id='word_1_131' title='bbox 1572 1999 1573 2010; x_wconf 48' lang='lat'><strong>,</strong></span> 
     </span>
     <span class='ocr_line' id='line_1_16' title="bbox 298 2013 1573 2101; baseline -0.004 -19"><span class='ocrx_word' id='word_1_132' title='bbox 298 2021 422 2100; x_wconf 91' lang='lat' dir='ltr'><strong>nequit,</strong></span> <span class='ocrx_word' id='word_1_133' title='bbox 448 2020 500 2082; x_wconf 87' lang='lat' dir='ltr'><strong>alii</strong></span> <span class='ocrx_word' id='word_1_134' title='bbox 524 2017 596 2082; x_wconf 92' lang='lat' dir='ltr'><strong>rudi</strong></span> <span class='ocrx_word' id='word_1_135' title='bbox 613 2019 745 2081; x_wconf 89' lang='lat' dir='ltr'><strong>artificio</strong></span> <span class='ocrx_word' id='word_1_136' title='bbox 769 2020 802 2080; x_wconf 92' lang='lat' dir='ltr'><strong>in</strong></span> <span class='ocrx_word' id='word_1_137' title='bbox 824 2019 992 2101; x_wconf 84' lang='lat' dir='ltr'><strong>aequaliter</strong></span> <span class='ocrx_word' id='word_1_138' title='bbox 1013 2027 1228 2096; x_wconf 86' lang='lat' dir='ltr'><strong>mutaverunt,</strong></span> <span class='ocrx_word' id='word_1_139' title='bbox 1255 2021 1386 2082; x_wconf 80' lang='lat' dir='ltr'><strong>Hessius</strong></span> <span class='ocrx_word' id='word_1_140' title='bbox 1400 2015 1479 2097; x_wconf 89' lang='lat' dir='ltr'><strong>quod</strong></span> <span class='ocrx_word' id='word_1_141' title='bbox 1572 2013 1573 2068; x_wconf 55' lang='lat' dir='ltr'><strong>i</strong></span> 
     </span>
    </p>
   </div>
   <div class='ocr_carea' id='block_1_9' title="bbox 299 2119 1573 2205">
    <p class='ocr_par' dir='ltr' id='par_1_10' title="bbox 299 2119 1573 2205">
     <span class='ocr_line' id='line_1_17' title="bbox 299 2119 1573 2205; baseline -0.005 -19"><span class='ocrx_word' id='word_1_142' title='bbox 299 2123 471 2204; x_wconf 88' lang='lat' dir='ltr'><strong>scripserat</strong></span> <span class='ocrx_word' id='word_1_143' title='bbox 493 2123 660 2203; x_wconf 81' lang='lat' dir='ltr'><strong>aequaliter</strong></span> <span class='ocrx_word' id='word_1_144' title='bbox 681 2140 777 2204; x_wconf 82' lang='lat' dir='ltr'><strong>usque</strong></span> <span class='ocrx_word' id='word_1_145' title='bbox 798 2123 866 2204; x_wconf 90' lang='lat' dir='ltr'><strong>ipse</strong></span> <span class='ocrx_word' id='word_1_146' title='bbox 888 2131 998 2205; x_wconf 89' lang='lat' dir='ltr'><strong>postea</strong></span> <span class='ocrx_word' id='word_1_147' title='bbox 1019 2131 1043 2185; x_wconf 92' lang='lat' dir='ltr'><strong>t.</strong></span> <span class='ocrx_word' id='word_1_148' title='bbox 1062 2140 1096 2184; x_wconf 95' lang='grc' dir='ltr'><strong>ιιι</strong></span> <span class='ocrx_word' id='word_1_149' title='bbox 1118 2143 1151 2204; x_wconf 85' lang='lat' dir='ltr'><strong>p.</strong></span> <span class='ocrx_word' id='word_1_150' title='bbox 1171 2141 1220 2184; x_wconf 78' lang='grc' dir='ltr'><strong>ιιι</strong></span> <span class='ocrx_word' id='word_1_151' title='bbox 1242 2123 1355 2184; x_wconf 89' lang='lat' dir='ltr'><strong>merito</strong></span> <span class='ocrx_word' id='word_1_152' title='bbox 1377 2123 1479 2202; x_wconf 87' lang='lat' dir='ltr'><strong>inpro-</strong></span> <span class='ocrx_word' id='word_1_153' title='bbox 1572 2119 1573 2148; x_wconf 65' lang='lat'>³</span> 
     </span>
    </p>
   </div>
   <div class='ocr_carea' id='block_1_10' title="bbox 297 2224 1479 2718">
    <p class='ocr_par' dir='ltr' id='par_1_11' title="bbox 297 2224 1479 2718">
     <span class='ocr_line' id='line_1_18' title="bbox 299 2224 1476 2306; baseline -0.004 -20"><span class='ocrx_word' id='word_1_154' title='bbox 299 2224 397 2286; x_wconf 87' lang='lat' dir='ltr'><strong>bavit.</strong></span> <span class='ocrx_word' id='word_1_155' title='bbox 449 2233 533 2287; x_wconf 88' lang='lat' dir='ltr'><strong>recte</strong></span> <span class='ocrx_word' id='word_1_156' title='bbox 563 2225 717 2306; x_wconf 91' lang='lat' dir='ltr'><strong>scriptum</strong></span> <span class='ocrx_word' id='word_1_157' title='bbox 747 2235 795 2288; x_wconf 90' lang='lat' dir='ltr'><strong>est</strong></span> <span class='ocrx_word' id='word_1_158' title='bbox 828 2227 861 2286; x_wconf 93' lang='lat' dir='ltr'><strong>in</strong></span> <span class='ocrx_word' id='word_1_159' title='bbox 889 2224 972 2287; x_wconf 91' lang='lat' dir='ltr'><strong>libro</strong></span> <span class='ocrx_word' id='word_1_160' title='bbox 1005 2227 1111 2306; x_wconf 90' lang='lat' dir='ltr'><strong>aliqua</strong></span> <span class='ocrx_word' id='word_1_161' title='bbox 1141 2226 1278 2288; x_wconf 86' lang='lat' dir='ltr'><strong>Palatino</strong></span> <span class='ocrx_word' id='word_1_162' title='bbox 1307 2225 1476 2306; x_wconf 78' lang='lat' dir='ltr'><strong>aeqttalim:</strong></span> 
     </span>
     <span class='ocr_line' id='line_1_19' title="bbox 299 2326 1479 2410; baseline -0.003 -20"><span class='ocrx_word' id='word_1_163' title='bbox 299 2345 373 2390; x_wconf 90' lang='lat' dir='ltr'><strong>uam</strong></span> <span class='ocrx_word' id='word_1_164' title='bbox 402 2337 433 2389; x_wconf 88' lang='lat' dir='ltr'><strong>et</strong></span> <span class='ocrx_word' id='word_1_165' title='bbox 454 2326 541 2390; x_wconf 90' lang='lat' dir='ltr'><strong>unde</strong></span> <span class='ocrx_word' id='word_1_166' title='bbox 564 2337 668 2390; x_wconf 89' lang='lat' dir='ltr'><strong>artum</strong></span> <span class='ocrx_word' id='word_1_167' title='bbox 697 2328 816 2410; x_wconf 82' lang='lat' dir='ltr'><strong>sitque</strong></span> <span class='ocrx_word' id='word_1_168' title='bbox 837 2327 1027 2392; x_wconf 87' lang='lat' dir='ltr'><strong>vocabulum</strong></span> <span class='ocrx_word' id='word_1_169' title='bbox 1055 2327 1250 2391; x_wconf 77' lang='lat' dir='ltr'><strong>antecedens</strong></span> <span class='ocrx_word' id='word_1_170' title='bbox 1279 2337 1429 2390; x_wconf 90' lang='lat' dir='ltr'><strong>monstrat</strong></span> <span class='ocrx_word' id='word_1_171' title='bbox 1450 2335 1479 2388; x_wconf 90' lang='lat' dir='ltr'><strong>et</strong></span> 
     </span>
     <span class='ocr_line' id='line_1_20' title="bbox 297 2429 1477 2512; baseline -0.002 -18"><span class='ocrx_word' id='word_1_172' title='bbox 297 2449 374 2494; x_wconf 89' lang='lat' dir='ltr'><strong>sane</strong></span> <span class='ocrx_word' id='word_1_173' title='bbox 397 2430 442 2492; x_wconf 90' lang='lat' dir='ltr'><strong>sal</strong></span> <span class='ocrx_word' id='word_1_174' title='bbox 465 2431 629 2511; x_wconf 85' lang='lat' dir='ltr'><strong>aequalius</strong></span> <span class='ocrx_word' id='word_1_175' title='bbox 651 2440 788 2494; x_wconf 85' lang='lat' dir='ltr'><strong>aestates</strong></span> <span class='ocrx_word' id='word_1_176' title='bbox 811 2431 996 2512; x_wconf 84' lang='lat' dir='ltr'><strong>hiemesque</strong></span> <span class='ocrx_word' id='word_1_177' title='bbox 1019 2449 1114 2512; x_wconf 88' lang='lat' dir='ltr'><strong>quam</strong></span> <span class='ocrx_word' id='word_1_178' title='bbox 1136 2429 1202 2493; x_wconf 90' lang='lat' dir='ltr'><strong>diei</strong></span> <span class='ocrx_word' id='word_1_179' title='bbox 1224 2432 1389 2511; x_wconf 88' lang='lat' dir='ltr'><strong>noctisque</strong></span> <span class='ocrx_word' id='word_1_180' title='bbox 1411 2447 1477 2510; x_wconf 84' lang='lat' dir='ltr'><strong>spa-</strong></span> 
     </span>
     <span class='ocr_line' id='line_1_21' title="bbox 297 2531 1477 2615; baseline -0.002 -20"><span class='ocrx_word' id='word_1_181' title='bbox 297 2533 341 2595; x_wconf 91' lang='lat' dir='ltr'><strong>tia</strong></span> <span class='ocrx_word' id='word_1_182' title='bbox 363 2531 489 2595; x_wconf 86' lang='lat' dir='ltr'><strong>dividit.</strong></span> <span class='ocrx_word' id='word_1_183' title='bbox 537 2532 595 2595; x_wconf 87' lang='lat' dir='ltr'><strong>sed</strong></span> <span class='ocrx_word' id='word_1_184' title='bbox 627 2551 668 2596; x_wconf 92' lang='lat' dir='ltr'><strong>ne</strong></span> <span class='ocrx_word' id='word_1_185' title='bbox 691 2531 771 2596; x_wconf 94' lang='lat' dir='ltr'><strong>illud</strong></span> <span class='ocrx_word' id='word_1_186' title='bbox 793 2531 923 2614; x_wconf 90' lang='lat' dir='ltr'><strong>quidem</strong></span> <span class='ocrx_word' id='word_1_187' title='bbox 953 2533 1125 2615; x_wconf 89' lang='lat' dir='ltr'><strong>probamus</strong></span> <span class='ocrx_word' id='word_1_188' title='bbox 1146 2532 1232 2615; x_wconf 89' lang='lat' dir='ltr'><strong>quad</strong></span> <span class='ocrx_word' id='word_1_189' title='bbox 1261 2535 1337 2595; x_wconf 89' lang='lat' dir='ltr'><strong>satis</strong></span> <span class='ocrx_word' id='word_1_190' title='bbox 1365 2531 1477 2595; x_wconf 89' lang='lat' dir='ltr'><strong>habuc-</strong></span> 
     </span>
     <span class='ocr_line' id='line_1_22' title="bbox 298 2635 1474 2718; baseline -0.002 -22"><span class='ocrx_word' id='word_1_191' title='bbox 298 2645 374 2698; x_wconf 93' lang='lat' dir='ltr'><strong>runt</strong></span> <span class='ocrx_word' id='word_1_192' title='bbox 406 2637 549 2698; x_wconf 89' lang='lat' dir='ltr'><strong>homines</strong></span> <span class='ocrx_word' id='word_1_193' title='bbox 583 2635 667 2698; x_wconf 91' lang='lat' dir='ltr'><strong>docti</strong></span> <span class='ocrx_word' id='word_1_194' title='bbox 700 2636 821 2713; x_wconf 87' lang='lat' dir='ltr'><strong>videre,</strong></span> <span class='ocrx_word' id='word_1_195' title='bbox 861 2637 1011 2717; x_wconf 89' lang='lat' dir='ltr'><strong>quoniam</strong></span> <span class='ocrx_word' id='word_1_196' title='bbox 1045 2639 1189 2718; x_wconf 91' lang='lat' dir='ltr'><strong>ineptum</strong></span> <span class='ocrx_word' id='word_1_197' title='bbox 1222 2646 1286 2715; x_wconf 91' lang='lat' dir='ltr'><strong>est,</strong></span> <span class='ocrx_word' id='word_1_198' title='bbox 1326 2637 1474 2698; x_wconf 84' lang='lat' dir='ltr'><strong>omittere.</strong></span> 
     </span>
    </p>
   </div>
   <div class='ocr_carea' id='block_1_11' title="bbox 297 2737 1573 2924">
    <p class='ocr_par' dir='ltr' id='par_1_12' title="bbox 297 2737 1573 2924">
     <span class='ocr_line' id='line_1_23' title="bbox 297 2737 1573 2820; baseline 0 -21"><span class='ocrx_word' id='word_1_199' title='bbox 297 2756 402 2819; x_wconf 90' lang='lat' dir='ltr'><strong>neque</strong></span> <span class='ocrx_word' id='word_1_200' title='bbox 426 2741 512 2800; x_wconf 92' lang='lat' dir='ltr'><strong>enim</strong></span> <span class='ocrx_word' id='word_1_201' title='bbox 534 2737 718 2802; x_wconf 89' lang='lat' dir='ltr'><strong>dubitamus</strong></span> <span class='ocrx_word' id='word_1_202' title='bbox 741 2741 819 2820; x_wconf 89' lang='lat' dir='ltr'><strong>quin</strong></span> <span class='ocrx_word' id='word_1_203' title='bbox 843 2737 1062 2820; x_wconf 87' lang='lat' dir='ltr'><strong>quad&#39;deinde</strong></span> <span class='ocrx_word' id='word_1_204' title='bbox 1085 2742 1231 2820; x_wconf 89' lang='lat' dir='ltr'><strong>sequitur</strong></span> <span class='ocrx_word' id='word_1_205' title='bbox 1253 2740 1355 2803; x_wconf 86' lang='lat' dir='ltr'><strong>sidere</strong></span> <span class='ocrx_word' id='word_1_206' title='bbox 1377 2757 1478 2801; x_wconf 90' lang='lat' dir='ltr'><strong>emcn-</strong></span> <span class='ocrx_word' id='word_1_207' title='bbox 1572 2747 1573 2754; x_wconf 77' lang='grc'>’</span> 
     </span>
     <span class='ocr_line' id='line_1_24' title="bbox 297 2840 1573 2924; baseline -0.003 -21"><span class='ocrx_word' id='word_1_208' title='bbox 297 2840 395 2904; x_wconf 89' lang='lat' dir='ltr'><strong>dandi</strong></span> <span class='ocrx_word' id='word_1_209' title='bbox 418 2861 511 2904; x_wconf 90' lang='lat' dir='ltr'><strong>causa</strong></span> <span class='ocrx_word' id='word_1_210' title='bbox 533 2843 672 2923; x_wconf 91' lang='lat' dir='ltr'><strong>primum</strong></span> <span class='ocrx_word' id='word_1_211' title='bbox 695 2851 780 2904; x_wconf 86' lang='lat' dir='ltr'><strong>recta</strong></span> <span class='ocrx_word' id='word_1_212' title='bbox 804 2840 998 2924; x_wconf 90' lang='lat' dir='ltr'><strong>adscriptum</strong></span> <span class='ocrx_word' id='word_1_213' title='bbox 1027 2843 1079 2920; x_wconf 91' lang='lat' dir='ltr'><strong>sit,</strong></span> <span class='ocrx_word' id='word_1_214' title='bbox 1111 2851 1218 2923; x_wconf 89' lang='lat' dir='ltr'><strong>postea</strong></span> <span class='ocrx_word' id='word_1_215' title='bbox 1247 2851 1354 2905; x_wconf 88' lang='lat' dir='ltr'><strong>autem</strong></span> <span class='ocrx_word' id='word_1_216' title='bbox 1382 2842 1477 2903; x_wconf 87' lang='lat' dir='ltr'><strong>aliena</strong></span> <span class='ocrx_word' id='word_1_217' title='bbox 1572 2865 1573 2878; x_wconf 41' lang='grc' dir='ltr'>ι</span> 
     </span>
    </p>
   </div>
   <div class='ocr_carea' id='block_1_12' title="bbox 271 2942 1477 4572">
    <p class='ocr_par' dir='ltr' id='par_1_13' title="bbox 296 2925 1573 3336">
     <span class='ocr_line' id='line_1_25' title="bbox 296 2942 1477 3026; baseline -0.002 -20"><span class='ocrx_word' id='word_1_218' title='bbox 296 2945 363 3006; x_wconf 91' lang='lat' dir='ltr'><strong>loco</strong></span> <span class='ocrx_word' id='word_1_219' title='bbox 386 2947 553 3007; x_wconf 90' lang='lat' dir='ltr'><strong>insertum.</strong></span> <span class='ocrx_word' id='word_1_220' title='bbox 599 2947 710 3026; x_wconf 91' lang='lat' dir='ltr'><strong>pulcra</strong></span> <span class='ocrx_word' id='word_1_221' title='bbox 732 2943 767 3007; x_wconf 80' lang='lat' dir='ltr'><strong>fit</strong></span> <span class='ocrx_word' id='word_1_222' title='bbox 790 2947 928 3007; x_wconf 86' lang='lat' dir='ltr'><strong>Senecae</strong></span> <span class='ocrx_word' id='word_1_223' title='bbox 951 2947 1050 3007; x_wconf 92' lang='lat' dir='ltr'><strong>cratia</strong></span> <span class='ocrx_word' id='word_1_224' title='bbox 1072 2946 1099 3007; x_wconf 91' lang='lat' dir='ltr'><strong>si</strong></span> <span class='ocrx_word' id='word_1_225' title='bbox 1122 2946 1165 3006; x_wconf 92' lang='lat' dir='ltr'><strong>ita</strong></span> <span class='ocrx_word' id='word_1_226' title='bbox 1188 2943 1370 3022; x_wconf 81' lang='lat' dir='ltr'><strong>scribimus,</strong></span> <span class='ocrx_word' id='word_1_227' title='bbox 1399 2942 1477 3005; x_wconf 85' lang='lat' dir='ltr'><strong>vide-</strong></span> 
     </span>
     <span class='ocr_line' id='line_1_26' title="bbox 296 3027 1472 3127; baseline -0.003 -18"><span class='ocrx_word' id='word_1_228' title='bbox 296 3027 342 3111; x_wconf 81' lang='lat' dir='ltr'><strong>bis</strong></span> <span class='ocrx_word' id='word_1_229' title='bbox 365 3049 428 3111; x_wconf 87' lang='lat' dir='ltr'><strong>illic</strong></span> <span class='ocrx_word' id='word_1_230' title='bbox 449 3047 686 3111; x_wconf 82' lang='lat' dir='ltr'><strong>innumerabiles</strong></span> <span class='ocrx_word' id='word_1_231' title='bbox 708 3048 823 3126; x_wconf 87' lang='lat' dir='ltr'><strong>stellas,</strong></span> <span class='ocrx_word' id='word_1_232' title='bbox 849 3065 949 3110; x_wconf 80' lang='lat' dir='ltr'><strong>smnus</strong></span> <span class='ocrx_word' id='word_1_233' title='bbox 971 3045 1134 3110; x_wconf 85' lang='lat' dir='ltr'><strong>miraberis</strong></span> <span class='ocrx_word' id='word_1_234' title='bbox 1155 3065 1215 3110; x_wconf 84' lang='lat' dir='ltr'><strong>aaa</strong></span> <span class='ocrx_word' id='word_1_235' title='bbox 1235 3051 1338 3110; x_wconf 85' lang='lat' dir='ltr'><strong>amaia</strong></span> <span class='ocrx_word' id='word_1_236' title='bbox 1360 3046 1472 3127; x_wconf 84' lang='lat' dir='ltr'><strong>inpleri,</strong></span> 
     </span>
     <span class='ocr_line' id='line_1_27' title="bbox 296 3150 1475 3234; baseline -0.004 -20"><span class='ocrx_word' id='word_1_237' title='bbox 296 3152 387 3214; x_wconf 86' lang='lat' dir='ltr'><strong>solem</strong></span> <span class='ocrx_word' id='word_1_238' title='bbox 404 3150 553 3214; x_wconf 81' lang='lat' dir='ltr'><strong>cotidiano</strong></span> <span class='ocrx_word' id='word_1_239' title='bbox 575 3169 670 3214; x_wconf 82' lang='lat' dir='ltr'><strong>cursa</strong></span> <span class='ocrx_word' id='word_1_240' title='bbox 691 3150 739 3213; x_wconf 87' lang='lat' dir='ltr'><strong>dic</strong></span> <span class='ocrx_word' id='word_1_241' title='bbox 761 3152 912 3232; x_wconf 80' lang='lat' dir='ltr'><strong>noctisque</strong></span> <span class='ocrx_word' id='word_1_242' title='bbox 933 3153 1034 3233; x_wconf 87' lang='lat' dir='ltr'><strong>spatia</strong></span> <span class='ocrx_word' id='word_1_243' title='bbox 1055 3153 1233 3234; x_wconf 66' lang='lat' dir='ltr'><strong>siquenm,</strong></span> <span class='ocrx_word' id='word_1_244' title='bbox 1261 3169 1363 3212; x_wconf 82' lang='lat' dir='ltr'><strong>amnuo</strong></span> <span class='ocrx_word' id='word_1_245' title='bbox 1382 3155 1475 3212; x_wconf 88' lang='lat' dir='ltr'><strong>aesta-</strong></span> 
     </span>
     <span class='ocr_line' id='line_1_28' title="bbox 297 3252 923 3336; baseline -0.002 -20"><span class='ocrx_word' id='word_1_246' title='bbox 297 3261 340 3316; x_wconf 87' lang='lat' dir='ltr'><strong>tes</strong></span> <span class='ocrx_word' id='word_1_247' title='bbox 361 3254 527 3335; x_wconf 83' lang='lat' dir='ltr'><strong>biemesque</strong></span> <span class='ocrx_word' id='word_1_248' title='bbox 549 3254 708 3336; x_wconf 80' lang='lat' dir='ltr'><strong>aequalius</strong></span> <span class='ocrx_word' id='word_1_249' title='bbox 732 3252 923 3316; x_wconf 84' lang='lat' dir='ltr'><strong>dividentem.</strong></span> 
     </span>
    </p>

    <p class='ocr_par' dir='ltr' id='par_1_14' title="bbox 292 3355 1474 3850">
     <span class='ocr_line' id='line_1_29' title="bbox 383 3355 1473 3440; baseline -0.004 -22"><span class='ocrx_word' id='word_1_250' title='bbox 383 3356 487 3419; x_wconf 87' lang='lat' dir='ltr'><strong>Paullo</strong></span> <span class='ocrx_word' id='word_1_251' title='bbox 510 3368 629 3438; x_wconf 87' lang='lat' dir='ltr'><strong>postca,</strong></span> <span class='ocrx_word' id='word_1_252' title='bbox 657 3358 695 3418; x_wconf 78' lang='grc'><strong>48</strong></span> <span class='ocrx_word' id='word_1_253' title='bbox 719 3357 738 3417; x_wconf 85' lang='lat' dir='ltr'><strong>li</strong></span> <span class='ocrx_word' id='word_1_254' title='bbox 761 3357 816 3440; x_wconf 86' lang='lat'><strong>(3),</strong></span> <span class='ocrx_word' id='word_1_255' title='bbox 842 3359 950 3439; x_wconf 86' lang='lat' dir='ltr'><strong>inepte</strong></span> <span class='ocrx_word' id='word_1_256' title='bbox 972 3355 1126 3419; x_wconf 91' lang='lat' dir='ltr'><strong>scribitur</strong></span> <span class='ocrx_word' id='word_1_257' title='bbox 1147 3357 1255 3419; x_wconf 80' lang='lat' dir='ltr'><strong>adiuta</strong></span> <span class='ocrx_word' id='word_1_258' title='bbox 1273 3356 1379 3439; x_wconf 74' lang='lat' dir='ltr'><strong>[mista</strong></span> <span class='ocrx_word' id='word_1_259' title='bbox 1399 3371 1473 3437; x_wconf 82' lang='lat' dir='ltr'><strong>sepes</strong></span> 
     </span>
     <span class='ocr_line' id='line_1_30' title="bbox 296 3455 1474 3543; baseline -0.006 -21"><span class='ocrx_word' id='word_1_260' title='bbox 296 3466 325 3522; x_wconf 84' lang='lat' dir='ltr'><strong>et</strong></span> <span class='ocrx_word' id='word_1_261' title='bbox 338 3459 467 3522; x_wconf 81' lang='lat' dir='ltr'><strong>arbusta</strong></span> <span class='ocrx_word' id='word_1_262' title='bbox 488 3460 554 3522; x_wconf 85' lang='lat' dir='ltr'><strong>siae</strong></span> <span class='ocrx_word' id='word_1_263' title='bbox 569 3461 689 3523; x_wconf 85' lang='lat' dir='ltr'><strong>custode</strong></span> <span class='ocrx_word' id='word_1_264' title='bbox 706 3459 888 3543; x_wconf 72' lang='lat' dir='ltr'><strong>fertilitatis.</strong></span> <span class='ocrx_word' id='word_1_265' title='bbox 934 3458 1162 3522; x_wconf 75' lang='lat' dir='ltr'><strong>Ambmsianus</strong></span> <span class='ocrx_word' id='word_1_266' title='bbox 1176 3460 1296 3541; x_wconf 87' lang='lat' dir='ltr'><strong>aliique</strong></span> <span class='ocrx_word' id='word_1_267' title='bbox 1319 3478 1381 3522; x_wconf 90' lang='lat' dir='ltr'><strong>non</strong></span> <span class='ocrx_word' id='word_1_268' title='bbox 1402 3455 1474 3520; x_wconf 85' lang='grc' dir='ltr'>ιιιιΙΙί</span> 
     </span>
     <span class='ocr_line' id='line_1_31' title="bbox 296 3557 1472 3645; baseline -0.003 -23"><span class='ocrx_word' id='word_1_269' title='bbox 296 3561 371 3623; x_wconf 87' lang='lat' dir='ltr'><strong>libri</strong></span> <span class='ocrx_word' id='word_1_270' title='bbox 394 3561 513 3624; x_wconf 86' lang='lat' dir='ltr'><strong>habent</strong></span> <span class='ocrx_word' id='word_1_271' title='bbox 532 3562 678 3644; x_wconf 77' lang='lat' dir='ltr'><strong>feritatis,</strong></span> <span class='ocrx_word' id='word_1_272' title='bbox 710 3582 794 3626; x_wconf 89' lang='lat' dir='ltr'><strong>unus</strong></span> <span class='ocrx_word' id='word_1_273' title='bbox 812 3562 941 3645; x_wconf 78' lang='lat' dir='ltr'><strong>fertilia,</strong></span> <span class='ocrx_word' id='word_1_274' title='bbox 972 3562 1058 3644; x_wconf 88' lang='lat' dir='ltr'><strong>quod</strong></span> <span class='ocrx_word' id='word_1_275' title='bbox 1080 3581 1193 3625; x_wconf 88' lang='lat' dir='ltr'><strong>verum</strong></span> <span class='ocrx_word' id='word_1_276' title='bbox 1216 3573 1265 3625; x_wconf 88' lang='lat' dir='ltr'><strong>cst</strong></span> <span class='ocrx_word' id='word_1_277' title='bbox 1293 3573 1326 3625; x_wconf 88' lang='lat' dir='ltr'><strong>et</strong></span> <span class='ocrx_word' id='word_1_278' title='bbox 1347 3562 1417 3624; x_wconf 90' lang='lat' dir='ltr'><strong>olim</strong></span> <span class='ocrx_word' id='word_1_279' title='bbox 1436 3557 1472 3621; x_wconf 89' lang='lat' dir='ltr'><strong>ab</strong></span> 
     </span>
     <span class='ocr_line' id='line_1_32' title="bbox 295 3663 1472 3747; baseline -0.003 -21"><span class='ocrx_word' id='word_1_280' title='bbox 295 3663 444 3726; x_wconf 87' lang='lat' dir='ltr'><strong>omnibus</strong></span> <span class='ocrx_word' id='word_1_281' title='bbox 466 3666 580 3728; x_wconf 89' lang='lat' dir='ltr'><strong>merito</strong></span> <span class='ocrx_word' id='word_1_282' title='bbox 603 3665 782 3747; x_wconf 91' lang='lat' dir='ltr'><strong>probatum.</strong></span> <span class='ocrx_word' id='word_1_283' title='bbox 828 3668 934 3747; x_wconf 79' lang='lat' dir='ltr'><strong>pergit</strong></span> <span class='ocrx_word' id='word_1_284' title='bbox 952 3668 1073 3729; x_wconf 88' lang='lat' dir='ltr'><strong>Seneca</strong></span> <span class='ocrx_word' id='word_1_285' title='bbox 1095 3673 1124 3728; x_wconf 88' lang='lat' dir='ltr'><strong>et</strong></span> <span class='ocrx_word' id='word_1_286' title='bbox 1144 3666 1284 3728; x_wconf 86' lang='lat' dir='ltr'><strong>rivorum</strong></span> <span class='ocrx_word' id='word_1_287' title='bbox 1307 3666 1383 3728; x_wconf 86' lang='lat' dir='ltr'><strong>leuis</strong></span> <span class='ocrx_word' id='word_1_288' title='bbox 1403 3665 1472 3726; x_wconf 83' lang='lat' dir='ltr'><strong>mter</strong></span> 
     </span>
     <span class='ocr_line' id='line_1_33' title="bbox 292 3751 1471 3850; baseline -0.001 -21"><span class='ocrx_word' id='word_1_289' title='bbox 292 3775 388 3849; x_wconf 84' lang='lat' dir='ltr'><strong>prata</strong></span> <span class='ocrx_word' id='word_1_290' title='bbox 413 3767 573 3832; x_wconf 74' lang='lat' dir='ltr'><strong>discursus</strong></span> <span class='ocrx_word' id='word_1_291' title='bbox 603 3777 631 3832; x_wconf 90' lang='lat' dir='ltr'><strong>et</strong></span> <span class='ocrx_word' id='word_1_292' title='bbox 649 3771 769 3831; x_wconf 81' lang='lat' dir='ltr'><strong>amoeni</strong></span> <span class='ocrx_word' id='word_1_293' title='bbox 794 3769 882 3832; x_wconf 82' lang='lat' dir='ltr'><strong>sinus</strong></span> <span class='ocrx_word' id='word_1_294' title='bbox 909 3774 938 3831; x_wconf 87' lang='lat' dir='ltr'><strong>et</strong></span> <span class='ocrx_word' id='word_1_295' title='bbox 967 3769 1059 3832; x_wconf 88' lang='lat' dir='ltr'><strong>litora</strong></span> <span class='ocrx_word' id='word_1_296' title='bbox 1086 3771 1120 3832; x_wconf 84' lang='lat' dir='ltr'><strong>ia</strong></span> <span class='ocrx_word' id='word_1_297' title='bbox 1141 3777 1264 3850; x_wconf 86' lang='lat' dir='ltr'><strong>portum</strong></span> <span class='ocrx_word' id='word_1_298' title='bbox 1293 3751 1471 3836; x_wconf 80' lang='lat' dir='ltr'><strong>recedentia,¹</strong></span> 
     </span>
    </p>

    <p class='ocr_par' dir='ltr' id='par_1_15' title="bbox 271 3872 1471 4572">
     <span class='ocr_line' id='line_1_34' title="bbox 271 3872 1471 3953; baseline -0.002 -20"><span class='ocrx_word' id='word_1_299' title='bbox 271 3889 426 3952; x_wconf 82' lang='lat' dir='ltr'><strong>aspersae</strong></span> <span class='ocrx_word' id='word_1_300' title='bbox 448 3877 487 3933; x_wconf 90' lang='lat' dir='ltr'><strong>tat</strong></span> <span class='ocrx_word' id='word_1_301' title='bbox 506 3890 565 3953; x_wconf 84' lang='lat' dir='ltr'><strong>per</strong></span> <span class='ocrx_word' id='word_1_302' title='bbox 586 3879 708 3935; x_wconf 87' lang='lat' dir='ltr'><strong>vastum</strong></span> <span class='ocrx_word' id='word_1_303' title='bbox 730 3873 860 3948; x_wconf 80' lang='lat' dir='ltr'><strong>insulae,</strong></span> <span class='ocrx_word' id='word_1_304' title='bbox 884 3889 962 3953; x_wconf 86' lang='lat' dir='ltr'><strong>quae</strong></span> <span class='ocrx_word' id='word_1_305' title='bbox 984 3872 1155 3934; x_wconf 82' lang='lat' dir='ltr'><strong>interventu</strong></span> <span class='ocrx_word' id='word_1_306' title='bbox 1177 3889 1231 3934; x_wconf 82' lang='lat' dir='ltr'><strong>sua</strong></span> <span class='ocrx_word' id='word_1_307' title='bbox 1253 3875 1357 3934; x_wconf 89' lang='lat' dir='ltr'><strong>muria</strong></span> <span class='ocrx_word' id='word_1_308' title='bbox 1374 3872 1471 3934; x_wconf 76' lang='lat' dir='ltr'><strong>datm-</strong></span> 
     </span>
     <span class='ocr_line' id='line_1_35' title="bbox 295 3971 1471 4056; baseline -0.004 -22"><span class='ocrx_word' id='word_1_309' title='bbox 295 3980 401 4056; x_wconf 80' lang='lat' dir='ltr'><strong>qaamt.</strong></span> <span class='ocrx_word' id='word_1_310' title='bbox 455 3973 499 4035; x_wconf 92' lang='lat' dir='ltr'><strong>ibi</strong></span> <span class='ocrx_word' id='word_1_311' title='bbox 528 3977 631 4037; x_wconf 85' lang='lat' dir='ltr'><strong>maria</strong></span> <span class='ocrx_word' id='word_1_312' title='bbox 657 3976 835 4038; x_wconf 88' lang='lat' dir='ltr'><strong>necessario</strong></span> <span class='ocrx_word' id='word_1_313' title='bbox 864 3993 905 4036; x_wconf 83' lang='lat' dir='ltr'><strong>ex</strong></span> <span class='ocrx_word' id='word_1_314' title='bbox 932 3973 1145 4037; x_wconf 86' lang='lat' dir='ltr'><strong>deterioribus</strong></span> <span class='ocrx_word' id='word_1_315' title='bbox 1174 3973 1368 4056; x_wconf 89' lang='lat' dir='ltr'><strong>quibusdam</strong></span> <span class='ocrx_word' id='word_1_316' title='bbox 1391 3971 1471 4036; x_wconf 87' lang='lat' dir='ltr'><strong>libris</strong></span> 
     </span>
     <span class='ocr_line' id='line_1_36' title="bbox 296 4075 1471 4160; baseline -0.001 -24"><span class='ocrx_word' id='word_1_317' title='bbox 296 4075 518 4157; x_wconf 89' lang='lat' dir='ltr'><strong>recipiendum</strong></span> <span class='ocrx_word' id='word_1_318' title='bbox 533 4087 599 4139; x_wconf 90' lang='lat' dir='ltr'><strong>est:</strong></span> <span class='ocrx_word' id='word_1_319' title='bbox 632 4079 741 4157; x_wconf 88' lang='lat' dir='ltr'><strong>inepte</strong></span> <span class='ocrx_word' id='word_1_320' title='bbox 757 4079 894 4158; x_wconf 90' lang='lat' dir='ltr'><strong>optimus</strong></span> <span class='ocrx_word' id='word_1_321' title='bbox 917 4085 949 4140; x_wconf 87' lang='lat' dir='ltr'><strong>et</strong></span> <span class='ocrx_word' id='word_1_322' title='bbox 970 4077 1023 4139; x_wconf 92' lang='lat' dir='ltr'><strong>alii</strong></span> <span class='ocrx_word' id='word_1_323' title='bbox 1047 4096 1110 4138; x_wconf 93' lang='lat' dir='ltr'><strong>non</strong></span> <span class='ocrx_word' id='word_1_324' title='bbox 1125 4078 1205 4140; x_wconf 88' lang='lat' dir='ltr'><strong>nulli</strong></span> <span class='ocrx_word' id='word_1_325' title='bbox 1225 4080 1330 4160; x_wconf 88' lang='lat' dir='ltr'><strong>paria.</strong></span> <span class='ocrx_word' id='word_1_326' title='bbox 1369 4093 1471 4140; x_wconf 87' lang='lat' dir='ltr'><strong>secun·</strong></span> 
     </span>
     <span class='ocr_line' id='line_1_37' title="bbox 296 4177 1467 4263; baseline 0.005 -24"><span class='ocrx_word' id='word_1_327' title='bbox 296 4187 349 4239; x_wconf 91' lang='lat' dir='ltr'><strong>tur</strong></span> <span class='ocrx_word' id='word_1_328' title='bbox 378 4179 440 4240; x_wconf 89' lang='lat' dir='ltr'><strong>iam</strong></span> <span class='ocrx_word' id='word_1_329' title='bbox 467 4178 659 4258; x_wconf 82' lang='lat' dir='ltr'><strong>difficiliora,</strong></span> <span class='ocrx_word' id='word_1_330' title='bbox 696 4197 779 4260; x_wconf 90' lang='lat' dir='ltr'><strong>quae</strong></span> <span class='ocrx_word' id='word_1_331' title='bbox 808 4181 938 4243; x_wconf 88' lang='lat' dir='ltr'><strong>Haasius</strong></span> <span class='ocrx_word' id='word_1_332' title='bbox 967 4182 1009 4243; x_wconf 83' lang='lat' dir='ltr'><strong>ita</strong></span> <span class='ocrx_word' id='word_1_333' title='bbox 1038 4180 1181 4260; x_wconf 89' lang='lat' dir='ltr'><strong>scripsit,</strong></span> <span class='ocrx_word' id='word_1_334' title='bbox 1217 4181 1314 4263; x_wconf 81' lang='lat' dir='ltr'><strong>quid?</strong></span> <span class='ocrx_word' id='word_1_335' title='bbox 1347 4177 1467 4262; x_wconf 76' lang='lat' dir='ltr'><strong>lapidum</strong></span> 
     </span>
     <span class='ocr_line' id='line_1_38' title="bbox 294 4281 1466 4365; baseline -0.002 -25"><span class='ocrx_word' id='word_1_336' title='bbox 294 4299 539 4364; x_wconf 83' lang='lat' dir='ltr'><strong>pemmaramque</strong></span> <span class='ocrx_word' id='word_1_337' title='bbox 557 4282 662 4365; x_wconf 78' lang='lat' dir='ltr'><strong>falqar</strong></span> <span class='ocrx_word' id='word_1_338' title='bbox 688 4281 736 4364; x_wconf 81' lang='lat' dir='ltr'><strong>[et]</strong></span> <span class='ocrx_word' id='word_1_339' title='bbox 772 4284 803 4344; x_wconf 85' lang='lat' dir='ltr'><strong>ia</strong></span> <span class='ocrx_word' id='word_1_340' title='bbox 826 4281 932 4365; x_wconf 85' lang='lat' dir='ltr'><strong>ter[ra]</strong></span> <span class='ocrx_word' id='word_1_341' title='bbox 959 4283 1140 4364; x_wconf 83' lang='lat' dir='ltr'><strong>rapidorum</strong></span> <span class='ocrx_word' id='word_1_342' title='bbox 1166 4286 1347 4347; x_wconf 79' lang='lat' dir='ltr'><strong>torrentium</strong></span> <span class='ocrx_word' id='word_1_343' title='bbox 1370 4295 1466 4345; x_wconf 84' lang='lat' dir='ltr'><strong>aarum</strong></span> 
     </span>
     <span class='ocr_line' id='line_1_39' title="bbox 295 4384 1466 4468; baseline -0.001 -25"><span class='ocrx_word' id='word_1_344' title='bbox 295 4385 400 4445; x_wconf 83' lang='lat' dir='ltr'><strong>arenis</strong></span> <span class='ocrx_word' id='word_1_345' title='bbox 423 4384 599 4466; x_wconf 77' lang='lat' dir='ltr'><strong>interfluens</strong></span> <span class='ocrx_word' id='word_1_346' title='bbox 621 4393 650 4448; x_wconf 90' lang='lat' dir='ltr'><strong>et</strong></span> <span class='ocrx_word' id='word_1_347' title='bbox 671 4387 702 4446; x_wconf 85' lang='lat' dir='ltr'><strong>in</strong></span> <span class='ocrx_word' id='word_1_348' title='bbox 724 4385 830 4448; x_wconf 86' lang='lat' dir='ltr'><strong>mediis</strong></span> <span class='ocrx_word' id='word_1_349' title='bbox 852 4387 944 4449; x_wconf 87' lang='lat' dir='ltr'><strong>terris</strong></span> <span class='ocrx_word' id='word_1_350' title='bbox 966 4386 1119 4468; x_wconf 86' lang='lat' dir='ltr'><strong>mediaque</strong></span> <span class='ocrx_word' id='word_1_351' title='bbox 1133 4405 1247 4449; x_wconf 82' lang='lat' dir='ltr'><strong>rursus</strong></span> <span class='ocrx_word' id='word_1_352' title='bbox 1262 4390 1346 4450; x_wconf 86' lang='lat' dir='ltr'><strong>mari</strong></span> <span class='ocrx_word' id='word_1_353' title='bbox 1358 4395 1466 4448; x_wconf 85' lang='lat' dir='ltr'><strong>terren·</strong></span> 
     </span>
     <span class='ocr_line' id='line_1_40' title="bbox 295 4487 1464 4572; baseline -0.001 -26"><span class='ocrx_word' id='word_1_354' title='bbox 295 4495 343 4546; x_wconf 88' lang='lat' dir='ltr'><strong>tes</strong></span> <span class='ocrx_word' id='word_1_355' title='bbox 366 4487 481 4568; x_wconf 79' lang='lat' dir='ltr'><strong>iqrtmm</strong></span> <span class='ocrx_word' id='word_1_356' title='bbox 499 4487 584 4568; x_wconf 77' lang='lat' dir='ltr'><strong>faces</strong></span> <span class='ocrx_word' id='word_1_357' title='bbox 602 4493 630 4548; x_wconf 88' lang='lat' dir='ltr'><strong>et</strong></span> <span class='ocrx_word' id='word_1_358' title='bbox 644 4487 799 4550; x_wconf 83' lang='lat' dir='ltr'><strong>vt&#39;acttlam</strong></span> <span class='ocrx_word' id='word_1_359' title='bbox 821 4496 978 4550; x_wconf 82' lang='lat' dir='ltr'><strong>terraram</strong></span> <span class='ocrx_word' id='word_1_360' title='bbox 992 4507 1132 4572; x_wconf 79' lang='lat' dir='ltr'><strong>meamus,</strong></span> <span class='ocrx_word' id='word_1_361' title='bbox 1158 4491 1335 4553; x_wconf 78' lang='lat' dir='ltr'><strong>contineatis</strong></span> <span class='ocrx_word' id='word_1_362' title='bbox 1349 4488 1464 4572; x_wconf 84' lang='lat' dir='ltr'><strong>qeatiaat</strong></span> 
     </span>
    </p>
   </div>
   <div class='ocr_carea' id='block_1_13' title="bbox 0 0 1596 5108">
    <p class='ocr_par' dir='ltr' id='par_1_16' title="bbox 0 0 1596 5108">
     <span class='ocr_line' id='line_1_41' title="bbox 0 0 1596 5108; baseline 0 1"><span class='ocrx_word' id='word_1_363' title='bbox 0 0 1596 5108; x_wconf 95' lang='lat' dir='ltr'><strong> </strong></span> 
     </span>
    </p>
   </div>
  </div>
 </body>
</html>
