3268 5108
391 413 480 476 lma
503 429 669 476 ιιιοοιοιινι
692 429 871 476 ιιιτινιιινιι
897 413 990 474 idib.
1241 399 1288 472 79

108 602 196 664 rum':
220 613 284 666 tam
308 601 400 666 docte
421 604 509 666 enim
532 603 683 684 loquitur.
725 621 835 666 verum
859 602 1015 685 disyllabo
1031 602 1182 666 vocabulo
1205 604 1292 666 eius-

107 704 182 768 modi
197 723 327 770 vsrsum
350 723 456 787 neque
472 703 614 769 Catullus
636 706 789 768 conclusit
810 725 916 787 neque
938 707 1107 770 cultiorum
1127 717 1291 788 poetarum

107 808 277 872 latinorum
311 810 481 891 quisquam
515 827 620 890 neque
649 811 751 891 magis
784 811 953 892 quisquam
982 809 1289 874 Alexandrinorum:

106 911 141 976 dc
162 913 335 976 Homericis
366 911 513 976 versibus
542 911 684 975 nondum
713 912 855 976 conlecta
885 931 938 976 ros
966 924 1026 977 est.
1072 932 1179 995 neque
1206 913 1293 995 quod

105 1015 173 1078 olim
193 1016 367 1080 Dorvillius
390 1017 547 1080 Catullum
576 1018 756 1098 scripsisse.
773 1018 913 1098 putavit,
945 1017 1031 1100 pauli
1052 1017 1189 1082 Minoide
1211 1017 1293 1080 tuctu

106 1117 274 1200 Odndnot,
308 1129 455 1202 repetere
486 1137 592 1201 nuper
622 1119 761 1183 debebat
783 1121 956 1202 Berglaius:
988 1139 1062 1183 nam
1092 1122 1236 1203 ineptum
1261 1119 1293 1184 id

105 1241 168 1286 csse
190 1225 329 1305 proximi
352 1223 502 1286 versiculi
534 1226 714 1305 conparatio
744 1223 859 1287 docere
888 1234 1022 1306 poterat.
1069 1233 1177 1288 contra
1206 1225 1293 1288 nulla

104 1335 148 1388 est
176 1328 207 1388 in
230 1326 352 1389 Graeca
382 1325 481 1389 dativi
512 1327 567 1408 qui
598 1337 647 1390 est
676 1329 806 1392 Minoidi
831 1327 978 1410 prosodia
1007 1328 1156 1407 offensio,
1188 1345 1295 1409 neque

106 1430 167 1510 ipse
189 1431 363 1493 llcrvillius
386 1432 542 1494 inmemor
570 1429 630 1494 tuit
651 1432 842 1513 pentametri
873 1431 958 1494 illius
980 1431 1164 1510 Catulliani,
1197 1449 1294 1512 quem

104 1551 194 1614 supra
212 1534 277 1596 alia
292 1533 333 1596 de
349 1551 443 1596 causa
464 1532 705 1615 adscripsimus,
731 1536 791 1598 tuo
805 1543 906 1600 ontcm
919 1553 1017 1598 conoe
1036 1533 1137 1616 Tsdlpi
1149 1535 1292 1597 restitutit.

184 1635 249 1700 Sed
275 1637 416 1700 Catullrus
438 1636 515 1702 dum
533 1635 769 1702 Alexandrinae
792 1639 898 1720 poesis
921 1637 1053 1701 formam
1076 1638 1216 1700 carmine
1238 1657 1295 1700 suo

105 1742 251 1822 exprimit
273 1759 337 1803 non
359 1759 459 1804 unum
487 1751 612 1823 poetam
634 1751 763 1805 secutus
784 1753 832 1805 cst
854 1761 960 1824 neque
982 1761 1001 1804 a
1022 1741 1114 1804 docta
1135 1741 1296 1821 antiquio-

107 1861 171 1906 rum
193 1843 371 1908 imitatione
394 1843 567 1908 abstinuit:
593 1863 786 1926 quamquam
809 1846 842 1907 in
857 1843 1107 1908 demonstranda
1123 1844 1295 1908 imitatione

106 1947 324 2029 superioribus
352 1948 488 2010 maculis
512 1949 705 2029 interpretes
727 1949 816 2010 nimii
840 1947 981 2014 fuorunt.
1028 1969 1128 2032 quaro
1151 1949 1297 2030 exempla

106 2052 170 2114 eius
190 2071 255 2115 non
280 2051 367 2116 nulla
389 2069 472 2132 quae
493 2051 628 2114 certiora
657 2069 727 2116 esso
751 2051 902 2116 videntur
930 2053 1076 2136 proierre
1097 2054 1174 2116 satis
1197 2051 1297 2116 babe-

107 2153 217 2219 bimus.
266 2156 374 2236 itaque
397 2153 522 2218 nobiles
543 2155 614 2217 illos
637 2173 748 2218 versus
770 2157 967 2238 Homericos,
996 2147 1038 2242 ἦ,
1062 2153 1114 2221 nul
1135 2155 1297 2242 κυανέῃσιν

106 2257 147 2321 irr'
175 2253 288 2346 ὀφρύσι
317 2260 404 2322 νεῦσε
432 2253 588 2343 Kpotluv·
617 2251 790 2344 Ἀμβρόαιαι
819 2259 844 2322 δ’
867 2250 929 2346 ἄρα
954 2259 1060 2347 χαῖται
1088 2253 1298 2346 ἐπερρώσαντο

106 2353 228 2435 ἄνοντος
251 2356 372 2448 Κρατὸς
393 2355 443 2425 ἀπ’
468 2355 648 2426 ἀθανάτοιο·
681 2360 775 2447 μέγαν
797 2363 823 2426 δ’
846 2363 976 2436 intuso
991 2355 1162 2450 Ὄλυμπον,
1190 2363 1299 2428 Catul-

107 2467 152 2529 lus
176 2475 292 2549 apartc
323 2467 464 2528 imitatus
493 2475 541 2530 est
566 2485 638 2530 cum
669 2467 746 2530 haec
774 2469 901 2550 scripsit
928 2467 970 2551 (v.
996 2469 1057 2532 iol
1080 2469 1158 2552 ss),
1190 2469 1300 2532 adnuit

106 2571 211 2634 inuicto
233 2570 398 2634 muctam
419 2571 543 2632 nomine
564 2577 681 2649 rector,
715 2573 779 2648 Quo
800 2579 872 2635 tune
892 2579 922 2634 el
943 2571 1032 2635 nttoo
1053 2580 1143 2654 umus
1171 2571 1299 2634 borridu

106 2681 349 2738 maminot
377 2670 518 2756 ilcpioro
544 2677 751 2758 connnsitque
778 2677 925 2738 micando
952 2675 1058 2738 sidua
1084 2675 1233 2740 mundns:
1264 2677 1298 2737 ni

107 2780 218 2842 minim
243 2779 432 2860 gravitatem
461 2787 494 2839 et
515 2777 750 2859 simplicitatem
773 2779 929 2841 llomsrici
958 2779 1109 2842 carminis
1130 2780 1208 2842 scite
1231 2797 1300 2841 am-

106 2883 258 2963 plificavit
277 2900 340 2963 quo
363 2901 434 2944 cum
457 2881 576 2962 reliqui
598 2883 753 2964 poematis
774 2882 945 2964 splendore
968 2893 1169 2963 congruerat.
1209 2884 1300 2945 simi-

108 2985 177 3048 liter
197 2986 279 3048 alios
301 2995 332 3048 et
354 2985 586 3066 pulcherrimos
609 2984 740 3066 quidem
757 3003 869 3050 vernis
891 3003 954 3048 non
976 2987 1047 3048 sine
1064 2987 1299 3050 llorncricomm

109 3107 257 3154 versuum
281 3087 499 3152 recordatione
521 3089 725 3171 conposuisse
748 3089 877 3153 videtur
904 3089 976 3171 (269
997 3091 1071 3174 ss),
1102 3089 1167 3167 dic,
1198 3091 1300 3172 quidm

106 3192 179 3274 dont
199 3191 359 3276 placidum
380 3211 468 3256 more
488 3194 637 3256 matutino
658 3193 850 3274 Hminlionos
872 3191 1025 3274 sepltyms
1045 3193 1200 3275 ρνοιίἰυαι
1223 3195 1300 3256 inci-

107 3297 273 3360 tutandos
295 3293 421 3360 Aurora
440 3298 598 3359 omnum
613 3298 686 3380 oapi
705 3295 991 3375 inimicantis,
1017 3298 1102 3374 Ortus
1124 3296 1212 3360 tarde
1230 3299 1301 3379 pri-

107 3417 186 3463 nnnn
218 3401 360 3464 clementi
382 3401 507 3482 {lanino
531 3400 643 3482 pulsos
677 3399 845 3462 Ρνοαοάιιοι
873 3399 951 3480 (leni
982 3408 1129 3462 monam
1152 3400 1302 3483 plonpore

107 3504 274 3585 melissi),
304 3505 374 3570 Post
395 3511 482 3568 oeno
511 3511 661 3568 crsacmte
682 3505 780 3586 napis
802 3504 901 3586 mapa
923 3501 1148 3567 increbrescunt
1179 3506 1301 3587 Ρνιηιιι-

106 3627 218 3690 reaqne
238 3609 348 3690 proctd
368 3615 478 3672 mater
500 3627 522 3670 o
542 3607 609 3670 lnce
629 3605 797 3690 refolpenl,
831 3607 882 3669 Sic
904 3603 947 3669 sln'
967 3605 1109 3670 vesnbnli
1133 3607 1302 3689 income

108 3714 192 3796 rapio
215 3719 293 3776 ncta
318 3707 367 3774 Ad
388 3729 421 3776 se
442 3712 567 3794 ᾳιιίιφια
588 3729 666 3795 vnpo
684 3711 805 3793 possim
823 3709 900 3792 pede
922 3709 1123 3774 discedebam.
1170 3711 1204 3773 in
1228 3713 1302 3792 qui-

110 3815 168 3880 bus
197 3814 347 3878 versibus
375 3817 420 3880 sic
448 3812 506 3895 ibi,
536 3813 623 3896 quod
652 3815 807 3897 scriptum
834 3823 884 3877 ost
912 3814 945 3876 in
973 3815 1149 3897 exemplari
1179 3815 1301 3896 Lipsiae

109 3937 189 3982 anno
211 3937 367 3984 mecauri
394 3918 498 3998 edito,
527 3928 641 4000 sponte
670 3918 705 3980 lit
734 3937 774 3980 ex
800 3917 846 3981 sic
867 3916 923 3980 tibi
943 3917 1029 3999 quod
1049 3937 1126 4000 pars
1147 3917 1302 3982 librorum

112 4023 222 4087 babet:
247 4025 294 4086 sic
314 4031 388 4103 anri,
416 4021 501 4103 qnod
523 4023 557 4084 in
579 4021 651 4084 aliis
673 4031 723 4084 est
741 4019 838 4104 (unde
860 4020 1069 4103 depravatum
1092 4032 1139 4084 est
1160 4023 1206 4085 ινα
1227 4029 1299 4099 torn,

112 4125 194 4207 qnod
217 4128 253 4188 in
276 4125 483 4190 Germanensi
507 4126 642 4206 legitur,
676 4122 836 4206 adscripto
863 4125 1028 4188 tamenin
1055 4127 1198 4206 margine
1222 4125 1300 4208 tibi),

112 4227 304 4292 emendandi
326 4247 420 4294 causa
441 4229 670 4316 inuarebetypo
692 4247 790 4310 supra
815 4227 1011 4310 adscriptum
1034 4227 1132 4293 baisse
1155 4228 1299 4292 videtur:

114 4335 166 4414 qni
181 4351 288 4414 nuper
308 4334 354 4396 sic
374 4341 438 4395 tum
460 4331 503 4395 ibi
522 4333 660 4413 scripsit,
687 4331 842 4395 ridiculus
864 4342 913 4396 est
927 4351 999 4394 αιιιι
1023 4331 1078 4396 tobi
1098 4333 1229 4395 elisione
1250 4351 1302 4395 ιιιιι

114 4435 289 4501 litterarum
310 4438 381 4498 sino
403 4436 467 4498 ulla
489 4435 688 4500 dubitatione
710 4445 814 4498 orttun
837 4455 907 4498 esso
930 4433 1019 4497 dicit.
1065 4435 1122 4498 sed
1147 4439 1303 4500 llomorici

117 4559 244 4620 versus,
276 4559 354 4621 quos
377 4539 497 4602 Catullo
524 4539 709 4602 obversatos
736 4557 807 4600 esse
829 4537 968 4602 Achilles
994 4539 1112 4602 Statius
1141 4539 1238 4620 vidit,
1270 4541 1302 4604 bi
