3204 5104
348 387 422 459 334
642 403 732 463 lunen
754 420 921 464 nscrronrrr
944 419 1122 462 resarum
1143 401 1235 460 teet.

344 610 376 672 p.
405 590 477 670 lbi,
510 589 678 651 Diomedes
706 610 739 670 p.
770 591 830 652 408
854 592 904 668 K.,
938 590 1116 651 Priscianus
1143 599 1167 650 t.
1198 607 1208 648 ι
1238 607 1270 668 p.
1296 587 1348 648 85.
1376 587 1427 662 98,
1457 597 1477 647 t.
1499 605 1517 647 ιι

343 712 376 772 p.
397 693 448 754 te.
474 693 514 752 80
542 693 578 753 Η.
625 693 726 755 utitur
748 711 784 755 eo
808 693 917 754 Cicero
940 693 972 752 in
996 693 1123 754 Somnio
1145 691 1303 771 Scipionis
1325 687 1342 772 §
1368 689 1418 764 te,
1442 697 1518 749 eraut
1575 683 1578 687 ’

344 802 444 856 autem
460 813 512 856 ece
527 795 631 856 stellae
646 813 722 876 petas
738 813 902 876 numquam
924 813 967 856 ea:
988 794 1042 857 boc
1064 795 1125 856 ioco
1147 793 1279 855 vidimus
1302 799 1331 853 et
1344 809 1398 853 eae
1412 793 1517 872 mappi-

344 897 463 959 tadiaes
493 900 625 958 ommam
652 915 729 979 quos
758 916 822 960 esse
850 916 1015 979 numquam
1037 898 1185 978 suspicati
1205 913 1331 957 summ:
1362 893 1516 974 exquibus

344 1008 412 1062 erat
440 1019 477 1061 ea
505 1002 630 1062 mim'ma
658 1019 735 1081 patae
756 1001 865 1062 ultima
887 1020 907 1061 a
928 1001 1027 1075 caelo,
1059 1001 1161 1062 citima
1182 1001 1292 1076 terris,
1326 998 1392 1060 luce
1416 995 1517 1059 lucebat

343 1103 456 1164 aiieua.
503 1113 599 1183 atque
616 1103 648 1163 in
665 1105 712 1164 eis
728 1101 858 1183 quidem
875 1102 973 1165 rebus
988 1121 1070 1183 quae
1085 1101 1126 1164 ad
1148 1101 1347 1180 astrologiam
1370 1100 1516 1182 pertinent

344 1205 403 1266 hoc
424 1206 539 1267 mansit
560 1217 596 1267 ut
618 1224 699 1286 quae
721 1205 866 1286 proxima
887 1205 958 1266 aliis
981 1215 1088 1267 essent
1105 1203 1290 1266 dicerentur
1306 1203 1400 1264 etiam
1415 1203 1514 1264 memo.

343 1304 496 1387 Apuleius
525 1305 566 1370 de
595 1307 656 1370 deo
678 1309 815 1370 Socratis
838 1325 907 1388 cap.
933 1307 952 1368 8
976 1325 1043 1369 urm
1065 1309 1106 1369 sit
1127 1309 1209 1369 aeris
1232 1323 1340 1388 opmea
1363 1307 1516 1366 iameumm

341 1427 437 1492 aspie
452 1410 493 1471 od
506 1412 638 1472 utimum
654 1411 745 1472 iuaoe
759 1409 891 1472 helicem.
925 1411 1094 1472 Martianus
1107 1409 1230 1491 Capella
1244 1428 1254 1470 ι
1267 1409 1307 1470 28
1322 1408 1384 1470 Clio
1399 1408 1517 1468 οιῖἰιιιιιιιι

342 1513 492 1574 circulum
508 1512 697 1594 (ampiecco),
721 1512 775 1575 boc
790 1520 835 1574 est
856 1515 887 1574 in
903 1512 978 1574 luua
993 1513 1149 1574 collocavit
1160 1511 1332 1594 hospitium.
1379 1509 1459 1572 unde
1471 1509 1518 1569 vel

302 1628 333 1675 te
344 1604 485 1695 septimo¹
508 1626 578 1697 post
595 1615 754 1678 Christum
777 1625 885 1678 natum
904 1615 1028 1677 saeculo
1043 1614 1210 1677 Sisebutus
1229 1615 1262 1674 in
1277 1613 1446 1675 Burmanni
1459 1609 1518 1673 An-

342 1717 479 1800 thologia
494 1719 603 1780 Latina
624 1728 648 1779 t.
667 1737 689 1779 ιι
706 1739 737 1799 p.
756 1720 817 1781 329
834 1717 854 1802 [
855 1719 918 1780 485
933 1720 978 1782 22
991 1719 1027 1778 H.
1032 1715 1052 1800 J
1074 1717 1115 1780 de
1138 1718 1212 1779 luna
1235 1717 1277 1777 ita
1299 1715 1399 1793 dixit,
1422 1717 1518 1795 prippe

341 1837 398 1901 per
420 1819 574 1896 aethram,
602 1823 670 1898 Quo
692 1824 810 1884 citimus
834 1822 918 1883 limes
941 1821 1081 1901 dispescit
1103 1819 1226 1882 mrbriia
1246 1820 1354 1900 paris,
1380 1817 1517 1880 inviolato

342 1928 431 1982 meat.
478 1920 535 1984 sed
558 1933 647 1984 extra
671 1925 727 1985 hos
749 1943 801 1986 res
822 1923 975 1986 dixerunt
993 1921 1102 1983 Cicero
1124 1923 1158 1983 in
1173 1923 1300 1983 Timaeo
1323 1939 1391 2001 esp.
1411 1921 1428 1982 7
1448 1919 1518 1980 batte

342 2031 442 2086 autem
464 2027 596 2087 citimam
622 2045 643 2087 u
664 2027 807 2088 mediana
829 2027 911 2088 liaeo
932 2025 1051 2086 diremit
1078 2024 1119 2086 od
1148 2025 1284 2100 laevom,
1318 2023 1434 2084 Plinius
1454 2023 1515 2082 Nat.

342 2127 416 2188 bist.
438 2145 467 2188 rr
490 2127 551 2188 2⁴3
576 2130 688 2190 cituma
714 2129 861 2208 Persidis,
888 2125 1035 2188 Arabiam
1058 2129 1244 2203 citeriorem,
1269 2128 1456 2207 omninoque
1475 2124 1516 2186 la·
1586 2159 1587 2162 =

341 2230 405 2290 tius
425 2230 567 2310 patuisse
589 2231 733 2294 vocabuli
762 2249 855 2293 usum
885 2239 917 2292 et
943 2248 1003 2312 per
1030 2248 1064 2293 se
1091 2241 1339 2292 consentaneum
1369 2239 1417 2291 est
1437 2239 1466 2290 et
1487 2247 1515 2288 eo
1586 2255 1587 2264 ι

342 2331 546 2394 confirmatur
575 2333 660 2414 quod
688 2335 831 2396 citeriora
861 2332 1012 2395 dicuntur
1042 2332 1139 2395 multa
1169 2351 1251 2413 quae
1280 2335 1426 2413 propiora
1453 2341 1515 2392 sunt
1586 2355 1587 2370 .

341 2444 395 2496 aut
416 2435 482 2496 loeo
505 2445 559 2497 aut
581 2446 734 2517 tempore.
782 2437 934 2516 temporis
960 2435 1220 2516 significationem
1244 2436 1277 2497 in
1300 2436 1359 2497 boc
1379 2433 1515 2497 vocabulo
1586 2425 1587 2434 ’

341 2536 542 2618 explicarunt
565 2537 741 2601 Gronovius
763 2538 839 2600 Obs.
865 2557 895 2600 rr
921 2539 953 2598 ll
983 2548 1014 2600 et
1036 2538 1247 2599 Ruhnkenius
1277 2541 1310 2599 in
1332 2537 1441 2599 velleii
1467 2537 1514 2597 Pa-
1586 2537 1587 2592 l

340 2641 455 2702 tereuli
471 2659 481 2700 ι
500 2640 553 2701 47ῑ
580 2639 728 2703 addimus
750 2643 876 2704 varium
898 2660 968 2703 esse
993 2652 1025 2702 et
1047 2640 1181 2702 aliorum
1203 2641 1319 2720 partim
1343 2639 1512 2702 dissimilem
1586 2621 1587 2656 ¹

342 2743 374 2803 in
404 2744 473 2805 eius
495 2742 639 2805 vocabuli
668 2763 729 2806 usu
757 2743 956 2807 Ammianum
980 2743 1196 2805 Marcellinum
1219 2761 1267 2804 xri
1293 2742 1330 2803 te
1358 2743 1407 2819 ll,
1437 2759 1512 2802 unu

342 2846 411 2921 i2;
439 2846 516 2906 xrvi
539 2845 569 2924 7,
595 2865 650 2907 ιιιιι
667 2848 683 2908 i
702 2847 733 2924 3,
757 2864 837 2907 ιιιιιιι
855 2847 891 2906 te
911 2848 941 2907 l.
988 2844 1195 2909 illudentem
1219 2847 1318 2906 citimi
1342 2845 1512 2907 vocabulum
1586 2841 1587 2864 ¹

340 2948 367 3009 si
390 2948 530 3010 Senecae
553 2957 638 3010 recte
661 2948 887 3029 retribuimus,
917 2948 1029 3011 eadem
1052 2947 1273 3010 emendatione
1295 2949 1342 3010 uti
1365 2946 1467 3010 licebit
1487 2947 1511 3004 in

341 3049 438 3114 Taciti
462 3050 669 3112 Historiarum
686 3069 719 3112 ιιι
738 3052 788 3112 16.
835 3053 1000 3114 verissime
1024 3051 1110 3112 enim
1126 3050 1352 3132 Nipperdeius
1364 3051 1396 3112 in
1412 3053 1512 3112 Emen-

340 3150 522 3214 dationibus
542 3171 576 3232 p.
598 3153 634 3212 te
659 3164 690 3215 et
712 3163 785 3216 ante
808 3173 880 3216 eum
897 3155 1063 3216 Ernestius
1086 3165 1243 3234 negarunt
1264 3155 1335 3216 sinc
1358 3154 1511 3216 mutatione

340 3252 417 3314 ierri
433 3273 526 3334 pesse
543 3255 620 3317 haec
634 3255 750 3335 verba,
776 3257 849 3318 dum
864 3255 1012 3318 Antonius
1034 3257 1180 3338 quidnam
1202 3257 1353 3340 apenditia
1368 3256 1509 3319 consulut.

340 3357 485 3418 aviditate
500 3359 663 3420 navandae
678 3377 787 3440 operae
803 3357 916 3421 Arrius
938 3363 1035 3422 Varus
1055 3378 1123 3421 cum
1141 3361 1379 3440 promptissimis
1399 3362 1511 3440 epulum

337 3461 480 3540 prorupit
502 3462 678 3541 impulitque
698 3463 869 3523 Vitellianos
887 3463 1005 3523 modico
1019 3461 1129 3523 caede:
1152 3462 1377 3543 complurium
1399 3479 1510 3524 accursu

340 3579 432 3623 verso
451 3560 579 3642 fortuma
601 3570 629 3623 et
649 3565 820 3626 acerrimus
842 3567 966 3646 quisque
981 3565 1166 3644 sequentium
1185 3562 1280 3647 sapae
1301 3567 1425 3626 ultimus
1443 3569 1508 3624 erat.

340 3681 444 3744 neque
475 3673 578 3745 potest
608 3664 758 3728 mendum
787 3667 863 3728 alibi
895 3669 1006 3748 quaeri
1030 3685 1130 3748 quam
1154 3669 1186 3727 in
1210 3686 1246 3728 eo
1268 3667 1420 3730 vocabulo
1439 3662 1508 3746 quod

340 3776 387 3828 est
416 3767 553 3829 ultimus.
598 3787 711 3830 verum
742 3787 846 3849 neque
872 3773 1010 3851 primus,
1041 3769 1126 3850 quod
1149 3771 1296 3832 Ernestio
1325 3773 1360 3831 in
1389 3779 1507 3832 mentem

339 3869 438 3947 venit,
465 3888 572 3950 neque
595 3871 782 3946 celerrimus,
808 3889 871 3951 quo
893 3874 1013 3952 prolato
1027 3871 1240 3953 Nipperdeius
1255 3891 1297 3934 ne
1313 3875 1382 3954 ipse
1397 3871 1507 3954 quidem

339 3969 400 4032 sibi
430 3971 599 4050 satisfecit,
630 3974 699 4034 veri
729 3973 848 4035 habent
878 3974 1132 4037 similitudinem.
1182 3987 1290 4038 eontra
1320 3975 1508 4057 probabiliter

339 4075 508 4154 scripseris
530 4081 559 4135 et
579 4077 749 4138 acerrimus
771 4079 895 4160 quisque
918 4079 1103 4158 sequentium
1122 4077 1215 4161 sapae
1237 4097 1355 4140 crrmrs
1377 4087 1452 4156 erat,
1481 4074 1505 4135 id

339 4185 388 4237 est
413 4176 461 4236 ‘et
484 4177 539 4257 qui
562 4179 717 4239 acerrime
741 4179 994 4259 insequebantur
1015 4182 1095 4242 nibil
1118 4181 1205 4244 aliud
1228 4180 1407 4244 efficiebant
1425 4197 1505 4262 quem

339 4287 375 4340 ut
397 4279 533 4358 proximi
563 4291 669 4342 essent
697 4281 789 4361 fugae
812 4292 845 4343 et
865 4283 961 4364 primi
983 4293 1071 4364 terga
1094 4285 1281 4346 verterent.'
1326 4305 1395 4347 cum
1415 4293 1503 4346 autem

339 4380 380 4442 ad
402 4381 499 4442 Taciti
524 4382 677 4444 Historias
704 4381 784 4444 forte
802 4383 910 4446 -deiati
938 4387 1053 4465 simuS,
1085 4391 1211 4449 veniam
1234 4387 1465 4468 impetrabimus
1483 4383 1503 4444 si

339 4481 442 4544 oblata
464 4501 504 4544 an
527 4495 654 4567 arrepta
676 4487 838 4549 occasione
860 4489 953 4551 aliam
975 4490 1069 4551 etiam
1086 4491 1155 4553 eius
1177 4494 1389 4554 narrationem
1409 4506 1504 4552 emen·
