3184 5108
380 392 468 454 lunen
490 408 656 456 tuortouut
677 408 855 456 snerrrsnru
873 393 966 454 4863.
1193 383 1268 462 245

163 597 241 658 quas
264 579 429 646 colesticea
450 587 574 644 vocant.
621 597 718 660 quem
748 579 891 660 fluvium,
925 583 958 648 in
986 601 1048 663 quo
1078 597 1265 666 nascuntur,

162 682 229 746 h'ilo
252 683 396 747 vicinum
418 681 657 762 descripsimus,
690 683 781 749 ouius
803 683 979 752 secundum
1002 687 1155 767 plurimos
1178 690 1268 770 igno-

162 795 251 850 ratur
280 784 419 852 initium.
471 785 527 866 qui
555 795 632 865 aput
653 783 825 867 Aegyptios
847 784 1072 869 Archoboleta,
1106 791 1190 872 quod
1221 803 1269 855 est

161 905 242 968 aqua
265 897 554 979 magnapvocatur.

104 989 121 1048 5
223 992 280 1052 32.
321 991 458 1072 Fingunt
486 993 572 1054 enim
601 990 726 1054 fabulae
749 993 941 1056 Graecorum
963 994 1082 1057 bestias
1104 1017 1215 1060 omnes
1237 1008 1268 1061 et

161 1103 292 1156 terrena
313 1096 461 1157 animalia
483 1114 554 1157 cum
570 1097 668 1158 variis
691 1105 903 1158 monstrorum
927 1107 958 1159 et
979 1097 1147 1162 beluarum
1169 1119 1269 1181 gene-

160 1197 251 1263 ribus
281 1199 417 1263 inmari
448 1217 519 1262 esse
543 1199 716 1282 Tyrrheno,
754 1219 825 1262 cum
848 1199 934 1265 binis
964 1211 1086 1266 tantum
1116 1202 1265 1284 pedibus,

160 1319 194 1362 eo
218 1301 308 1382 quod
330 1321 348 1362 a
370 1311 499 1386 pectore
521 1321 623 1384 usque
653 1301 694 1369 ad
724 1302 840 1367 caudas
862 1321 1029 1384 squamosa
1051 1325 1182 1388 corpora
1211 1307 1268 1368 ha-
1332 1311 1334 1316 '

158 1402 248 1469 bent.
297 1415 329 1471 et
358 1423 418 1488 per
448 1404 607 1488 quandam
636 1406 792 1486 picturam
821 1405 932 1470 Graeci
961 1408 1067 1492 operis
1095 1407 1268 1474 didicimus

82 1505 115 1566 40
158 1507 247 1590 quod
265 1508 411 1574 homines
426 1527 505 1590 quos
521 1509 659 1572 caerulei
675 1527 771 1572 canes
792 1509 895 1590 prima
917 1510 1106 1574 laceratione
1130 1531 1193 1574 non
1210 1511 1268 1574 dc-

157 1621 355 1676 roraverunt
377 1611 410 1677 in
426 1609 519 1676 dorso
542 1611 732 1693 supradicti
755 1614 884 1694 generis
907 1612 1077 1680 beluarum
1092 1615 1175 1678 vecti
1197 1617 1267 1679 sine

157 1714 299 1777 laesione
323 1713 468 1794 inissent,
498 1724 665 1796 postquam
688 1716 791 1797 Scylla
814 1715 937 1778 eisdem
960 1716 1154 1785 circumdata
1177 1737 1268 1780 mon-

156 1819 233 1881 stris
269 1827 370 1881 ratem
392 1819 493 1880 Vlixis
522 1819 713 1904 spoliaverat
746 1820 869 1900 nautis,
906 1829 938 1884 et
966 1821 1010 1884 ita
1041 1841 1113 1884 oum
1136 1822 1267 1884 marinis

156 1920 307 1984 leonibus
330 1920 467 2002 tigribus
488 1921 654 2004 pantheris
677 1924 803 2002 onagris
831 1922 977 2004 lyncibus
1000 1934 1031 1987 et
1053 1923 1213 2005 leopardis
1236 1934 1267 1986 et

80 2023 114 2081 45
156 2026 244 2086 omni
280 2043 398 2104 genere
432 2023 571 2086 ferarum
606 2035 701 2108 atque
731 2026 916 2090 animalium
951 2046 1011 2108 per
1044 2027 1189 2109 proprias
1217 2028 1266 2088 sui

154 2127 255 2190 maris
285 2129 432 2208 regiones
461 2128 659 2191 transierint.
712 2139 744 2190 et
772 2130 897 2210 fingunt
929 2127 1001 2192 ideo
1031 2129 1081 2191 his
1115 2149 1178 2191 non
1208 2149 1266 2192 uo-

156 2232 263 2294 cuisse
288 2230 470 2294 hominibus
486 2220 578 2312 quod'
602 2231 733 2294 seminis
755 2231 885 2296 humani
905 2234 1149 2295 conmixtioncm
1165 2249 1307 2313 quae-sa

156 2333 292 2412 rebant,
332 2344 363 2395 et
392 2333 467 2398 iude
497 2344 606 2396 natum
635 2354 738 2418 genus
765 2334 883 2397 formae
914 2336 1050 2420 triplicis
1079 2335 1262 2418 perhibent.

155 2447 187 2499 et
211 2439 245 2499 in
270 2436 417 2500 eiusdem
439 2437 524 2500 modi
547 2439 628 2501 fictis
651 2436 821 2501 cernebam
837 2438 1032 2502 vanitatibus
1053 2437 1137 2519 quod
1162 2439 1267 2502 inlau-

154 2551 205 2602 tes
228 2539 270 2602 ab
292 2541 343 2602 his
366 2541 548 2603 hominibus
564 2560 600 2604 ac
616 2541 692 2603 ieris
716 2543 748 2603 in
765 2543 844 2603 mari
867 2543 1049 2623 progenitos
1070 2542 1161 2604 lactis
1182 2543 1266 2604 mul-

154 2641 254 2724 gendi
279 2645 380 2724 gratia
409 2664 481 2707 cum
504 2645 632 2707 conchis
654 2653 763 2707 uetare
792 2664 852 2726 per
872 2644 976 2707 undas
1004 2644 1160 2726 putabant
1188 2655 1265 2708 uta

156 2749 226 2809 suis
247 2746 310 2810 sibi
334 2746 441 2810 cibum
464 2750 649 2828 exciperent
671 2747 872 2830 parentibus

224 2851 276 2912 33.
316 2851 387 2912 Fuit
416 2870 474 2913 rex
500 2849 615 2930 Aeeta,
653 2853 709 2932 qui
739 2854 885 2932 regnavit
914 2853 947 2914 in
978 2849 1136 2930 Colchide,
1169 2870 1265 2931 quem

156 2952 306 3016 scribunt
334 2965 441 3016 tauros
470 2957 576 3035 ignem
609 2955 721 3017 flantes
749 2954 900 3017 habuisse
929 2963 961 3016 et
983 2954 1100 3036 pellem
1122 2971 1263 3032 auream,

70 3056 109 3114 25
155 3065 290 3137 propter
319 3075 413 3137 quam
441 3057 530 3120 lason
560 3057 728 3120 Thessalus
761 3057 802 3120 ad
830 3057 960 3120 Colchos
989 3057 1161 3136 navigavit.
1214 3057 1265 3120 cui

156 3177 215 3221 rex
238 3169 347 3240 tauros
368 3161 566 3223 flammantes
588 3161 717 3224 domare
739 3172 775 3224 ut
796 3161 915 3243 pellem
936 3169 1117 3222 moreretur
1138 3158 1262 3222 tribuit.

156 3319 183 3366 A.
203 3313 392 3379 discripsimus
410 3317 440 3366 A.
512 3317 646 3381 cuiusque
664 3317 787 3382 plurimis
807 3316 837 3370 Β.
928 3319 952 3366 t.
972 3313 1150 3368 unchcboleta
1170 3313 1201 3364 Β.

71 3403 95 3448 A.
115 3413 174 3450 mr
191 3400 231 3452 De
248 3398 344 3452 bestiis
367 3413 430 3452 oum
454 3400 526 3452 binis
550 3401 664 3466 pedihus
682 3403 712 3462 A,
739 3415 795 3452 mr
814 3401 852 3452 Dc
871 3413 969 3465 genero
987 3399 1105 3466 quodam
1128 3399 1265 3450 maritimo

70 3485 105 3536 cb
123 3484 283 3538 hominihus
301 3498 334 3536 cc
352 3485 416 3540 ieris
429 3487 519 3551 genito
537 3488 567 3538 B.
640 3500 785 3551 gregorum
804 3487 835 3538 Β.
932 3490 957 3536 Β.
978 3489 1181 3538 monstruosum
1198 3483 1228 3536 A.

71 3573 96 3622 t.
115 3585 179 3627 esso
196 3573 281 3624 molt.
350 3555 436 3624 ’treno
454 3573 484 3634 A,
511 3577 619 3626 terreno
638 3573 669 3624 Β.
759 3585 822 3622 cum
840 3571 877 3622 A:
902 3571 1021 3637 siquod
1039 3572 1070 3623 Β.
1160 3571 1264 3623 tontum

73 3657 108 3706 A:
134 3662 226 3712 umen
244 3659 275 3710 A.
371 3663 395 3712 8.
415 3671 539 3714 acomoso
557 3659 586 3713 A.
641 3662 710 3714 icus
732 3657 836 3711 habent
858 3663 935 3720 nouo
958 3657 1022 3714 otA
1041 3656 1265 3711 mortuomari

73 3743 110 3794 De
129 3745 234 3808 picture
252 3746 326 3808 greci
339 3746 429 3810 operis
447 3751 471 3798 ct
488 3748 516 3796 ic
532 3748 653 3810 mcrpioc
668 3758 744 3796 mu.
816 3747 842 3795 9.
863 3742 1000 3808 quendam
1011 3743 1042 3794 A.
1115 3744 1158 3791 ti.
1177 3740 1265 3804 primo

69 3841 112 3878 om
132 3830 164 3881 Β.
253 3834 295 3882 tu.
315 3833 429 3895 postque
450 3832 480 3882 B.
552 3830 658 3882 hisdem
678 3831 709 3890 B,
736 3832 828 3882 numm
846 3828 880 3882 de
899 3830 927 3882 in
944 3829 976 3880 A.
1067 3831 1108 3877 ts.
1128 3825 1219 3878 uluxis
1232 3824 1262 3886 Β,

70 3914 151 3964 elixis
168 3915 197 3966 A.
296 3918 336 3966 ti.
358 3915 483 3968 leonibus
507 3917 619 3968 morinis
637 3917 669 3966 A.
750 3916 887 3982 pontegris
905 3915 936 3970 A.
1019 3915 1047 3966 ct
1071 3910 1214 3978 leopardos
1232 3911 1263 3970 A,

69 4011 112 4048 otu
131 3999 163 4050 A.
250 4004 291 4050 to.
312 4013 410 4066 genem
428 4001 457 4055 A.
529 4016 578 4068 per
595 4015 637 4054 em
654 4003 684 4052 A.
778 3985 1014 4060 tetransiton,
1038 4003 1066 4052 io
1082 3999 1266 4062 prosequitur

71 4086 178 4136 rubrica
194 4085 233 4138 De
252 4099 305 4136 non
324 4087 420 4139 nocuis
437 4087 594 4141 hominibus
612 4095 637 4140 ct
657 4091 685 4138 io
701 4089 821 4152 otoraioo
839 4100 924 4142 mun
997 4089 1039 4136 to.
1055 4088 1098 4139 tt.
1118 4084 1213 4136 nocuis
1231 4083 1261 4140 ,4.

70 4169 147 4232 qnod
163 4172 199 4222 A:
223 4172 286 4237 quis
306 4172 337 4223 Β.
426 4172 574 4224 humanam
593 4174 622 4223 B.
730 4176 773 4224 ⁴8.
799 4171 959 4238 perhibetur
982 4172 1013 4223 Β.
1120 4172 1161 4222 tt.
1182 4167 1264 4220 modo

70 4253 103 4304 A.
173 4257 301 4322 quodA:
327 4271 397 4323 quac
417 4259 447 4310 Β.
537 4259 745 4310 inchoasti.
836 4257 1063 4310 utconcioAB.
1151 4258 1264 4307 auex-

71 4337 196 4398 hlbflrettt
212 4343 242 4394 A.
331 4347 374 4396 Aa.
394 4357 480 4398 ursin
498 4344 536 4396 Do
555 4357 616 4409 rege
633 4349 675 4398 cta
688 4345 719 4404 A,
739 4357 806 4396 mu
824 4343 922 4394 herme
941 4342 1012 4406 regis
1031 4341 1102 4392 tcuri
1121 4339 1263 4392 hammen-

70 4428 115 4476 tcs
135 4426 172 4478 ut
235 4429 297 4480 hoto
310 4429 340 4489 A,
360 4431 404 4482 etr
423 4430 453 4483 Β.
513 4429 697 4484 cholchidoA.
770 4434 812 4480 Ab.
834 4428 966 4492 quumB:
986 4425 1060 4493 quod
1072 4427 1102 4479 A.
1157 4427 1262 4477 insonte

70 4509 146 4561 salus
162 4514 191 4564 A.
263 4513 421 4566 cholchidos
439 4516 470 4566 A.
560 4519 602 4566 tt.
623 4519 743 4568 meretur
760 4515 790 4566 A.
