3240 5094
401 399 491 462 λιιυεκ
513 417 679 462 ιυυτιοιινιι
702 418 880 463 ιιετιιιινα
899 401 993 462 4874.
1216 385 1292 460 437

109 585 189 658 ναῖος
218 583 251 650 δέ
273 581 289 650 δ
311 584 380 672 περί
397 581 528 672 Ἀττικῆς
557 586 718 672 συνηθείας
745 581 865 674 γράψας
892 583 966 674 φησὶ
994 583 1062 662 τούς
1080 581 1227 660 Ἀττικούς
1254 582 1293 654 τό

109 687 187 774 τρίτοι
208 682 354 775 πρόσοικα
374 694 427 776 τῆς
448 688 547 776 τρίτης
570 688 711 775 συζυγίας
733 686 785 754 διὰ
803 695 857 756 τυῖ
872 695 898 753 οῖ
915 690 1031 776 λέγειν,
1056 686 1108 756 ἐὰν
1123 695 1290 778 χρυσιῖνται,

107 786 159 855 ἐὰν
179 797 335 878 γυψιδται,
359 788 414 858 ἐὰν
435 796 634 879 στεφανῶται.
683 797 799 876 repetit
822 796 900 858 haec
919 794 1155 859 Choeroboscus
1178 817 1210 878 p.
1228 796 1291 857 808

107 895 201 958 Gaisf.

191 1000 222 1063 5.
249 1001 495 1083 Etymologieum
518 998 699 1064 Gudianum
721 1020 754 1082 p.
775 1000 834 1065 427
851 999 905 1082 57,
930 999 1137 1065 sorbonicum
1159 1022 1192 1084 p.
1211 1003 1293 1066 682⁶

108 1101 201 1166 Gaisf.
225 1099 336 1188 γνόφος
358 1098 410 1166 καί
437 1098 527 1189 (παρὰ
549 1097 583 1168 τό
604 1098 656 1168 καί
671 1103 775 1188 Sorb.)
804 1097 913 1190 δνόφος
935 1105 1048 1188 μᾶλλον
1070 1097 1104 1168 τό
1128 1099 1178 1168 διό
1199 1089 1295 1170 τοοδ

105 1198 347 1292 όνολυγιότερον,
378 1202 462 1293 παρὰ
487 1202 521 1272 τό
552 1206 648 1272 δονεῖν
673 1201 711 1272 τό
732 1205 820 1293 νέφη.
868 1198 962 1280 σότοις
983 1202 1145 1293 Εἰρηναῖος
1172 1202 1198 1291 (δ
1221 1203 1289 1293 Είρ.

109 1307 198 1392 eud.)
226 1303 390 1382 δἈττικός
417 1309 488 1393 (εστ.
513 1305 530 1377 δ
554 1303 745 1395 ότιικιστῆς).

190 1415 221 1474 6.
254 1415 400 1478 Scholion
428 1416 460 1476 in
484 1414 664 1476 Oribasium
694 1423 718 1476 4.
743 1433 778 1476 ιιι
799 1434 832 1496 p.
859 1416 920 1476 680
950 1407 1114 1501 έκφόρους,
1146 1408 1212 1478 οἰντλ
1239 1417 1292 1478 τοῦ

104 1508 242 1588 εὐτόνους
276 1510 424 1598 (εὐτόνους
452 1515 578 1598 codex).
625 1510 765 1602 έκφόριον
792 1513 850 1602 γὰρ
880 1515 1000 1600 λέγεται
1027 1513 1076 1581 ἐπί
1110 1510 1177 1600 (όπδ
1205 1517 1287 1601 cod.)

104 1622 155 1682 τοῦ
183 1623 320 1704 καρποῦ,
352 1611 394 1692 ὥς
423 1641 514 1706 φησιν
536 1615 709 1706 Εἰρηναῖος.
756 1613 835 1682 ἀλλὰ
862 1614 911 1682 ἐπί
932 1616 1040 1705 λόγου,
1068 1610 1104 1692 δς
1131 1614 1183 1702 (ὡς
1205 1619 1287 1702 cod.)

107 1716 242 1805 κρατόνει
264 1712 395 1807 δόραζε·
424 1717 508 1787 ίίοόκ
529 1720 593 1788 ἔστι
616 1722 710 1806 μῖιδος
730 1721 900 1808 ἔκφορος·”
924 1722 1062 1788 ἐντεῦθεν
1085 1717 1127 1795 ὡς
1149 1714 1289 1808 ἄφρονας.

103 1817 182 1888 ἀλλὰ
203 1819 256 1888 καί
277 1820 326 1889 ἐπί
346 1828 400 1910 τῆς
428 1827 555 1910 κομιδῆς
582 1821 714 1912 εἴρηται,
747 1819 788 1900 ὡς
810 1820 972 1910 Εὐριπίδης
1000 1824 1076 1908 (Alo.
1103 1828 1175 1908 436)
1205 1825 1292 1889 “lx-

105 1923 197 2013 φορὰν
220 1929 309 1992 τοῦδε
331 1922 467 2012 θήσομαι
488 1931 617 2015 νεκροδ”
640 1925 691 1992 καί
701 1923 914 2014 Ἀριστοφάνης
939 1919 1039 1993 ιιόταν
1055 1926 1138 2014 φίλοι
1152 1932 1292 2015 παρῆσαν

111 2027 251 2117 (παρῶσιν
275 2033 390 2094 conicit
411 2032 667 2115 Daremborgius)
694 2027 743 2096 ἐπὶ
767 2027 820 2115 τῆν
844 2026 1006 2117 έκφορόν.”
1051 2023 1098 2096 ότι
1122 2024 1183 2108 (ὅτε
1205 2031 1287 2116 cod.)

105 2131 138 2196 δὲ
158 2129 210 2197 καί
231 2128 248 2199 ό
265 2127 466 2220 Ἱπποκράτης
488 2130 537 2198 έπί
557 2139 617 2200 τῶν
633 2129 785 2200 ἐὐτέκνυιν
809 2133 957 2220 μέμνηται
976 2135 1030 2219 τῆς
1051 2133 1159 2208 λέξεως
1182 2135 1289 2220 δῆλον·

104 2235 136 2298 έν
156 2232 214 2322 γὰρ
238 2231 272 2300 α’
298 2235 512 2324 Πρυρρῆτικῶν
540 2237 618 2321 (cap.
647 2239 716 2322 ⁴03)
752 2261 842 2324 φησιν
875 2240 973 2323 ’ίτῆοι
994 2232 1164 2324 έπιφόρυισι
1190 2237 1291 2320 (τοῖσιν

103 2335 151 2402 ἐπί
165 2339 302 2426 φοροῖσιν
315 2340 396 2424 cod.)
416 2335 627 2428 κεφαλαλγικὰ
641 2335 784 2427 κορυῖδεα
795 2337 870 2425 μετὰ
884 2337 993 2427 βάρους
1009 2335 1156 2427 γενόμενα
1171 2343 1294 2426 φλαῦρα

113 2440 259 2529 ίφλαυροῦ
291 2443 412 2528 οοιί.).”
462 2435 541 2508 αὐτον
570 2440 622 2507 καί
651 2437 667 2507 ό
698 2440 870 2528 Μνησίθεος
899 2444 931 2509 έν
958 2447 994 2530 τῆ
1030 2445 1087 2532 (τῷ
1109 2444 1191 2528 cod.)
1224 2441 1293 2531 περί
1341 2517 1343 2520 ,

104 2541 238 2632 κράμβης
261 2545 431 2633 μονοβέβλιρ
454 2542 528 2633 φησί
550 2540 626 2612 διότι
647 2541 666 2631 ῆ
690 2541 789 2634 μῆτρα
811 2535 1057 2634 έκίπεφορισμένη
1082 2547 1138 2631 (sic
1160 2550 1317 2610 Darem-e

105 2647 249 2730 bergius:
277 2649 347 2714 cod.
366 2644 577 2735 εὐφορισμένη)
605 2644 667 2713 ἐστί
688 2647 740 2714 καί
755 2643 790 2714 οὐ
807 2644 932 2716 δόνατυιι
946 2649 1098 2738 ἐκτρέφειν
1117 2642 1196 2716 ἄλλα
1210 2645 1293 2737 παρὰ

111 2747 183 2838 (περί
204 2752 289 2835 cod.)
317 2758 412 2818 τοῦτο.

188 2855 220 2918 ’1.
246 2857 430 2938 Stephanus
451 2857 620 2938 Byzantius
643 2877 675 2938 p.
702 2857 763 2918 ³55
780 2859 874 2920 Mein.
895 2851 1111 2934 Καπετώλιον,
1137 2856 1168 2920 έν
1184 2850 1292 2942 Ῥώμη

106 2951 212 3043 λόφος,
238 2956 392 3044 Τυρταῖος
407 2955 504 3022 πάλαι
518 2953 689 3044 λεγόμενος.
728 2956 796 3046 περὶ
817 2957 850 3024 δέ
865 2962 918 3045 τῆς
933 2964 1052 3046 γραφῆς
1069 2963 1122 3024 τοῦ
1137 2964 1294 3044 τεμενικοῖι

102 3053 121 3130 ὁ
148 3056 311 3146 Εὐδαίμων
341 3056 391 3125 διδ
420 3065 473 3126 τοῦ
502 3077 513 3126 t
542 3060 631 3148 φησίν
661 3058 853 3149 ΗΕἰρηναῖος
881 3056 1097 3150 προπαροξύνει
1125 3059 1176 3128 διὰ
1203 3067 1256 3128 τοῖν
1282 3074 1294 3128 t

183 3167 258 3228 ιον.”

106 3184 219 3330 W&
246 3268 394 3332 Scholion
418 3270 450 3332 in
465 3267 686 3351 Aristophanis
700 3271 820 3352 Vespas
841 3289 874 3331 v.
893 3269 953 3331 900
979 3263 1020 3342 ὡς
1043 3266 1076 3333 δέ
1098 3267 1150 3334 καὶ
1168 3268 1292 3334 κλέπτον

104 3367 221 3451 βλέπει·
253 3365 320 3435 ἀντί
340 3373 393 3436 τοῦ
415 3365 583 3436 κλεπτικόν.
629 3371 753 3436 κλέπτον
777 3369 811 3436 δέ
833 3371 950 3458 βαρέως
968 3367 1107 3450 Ἀττικοί,
1138 3368 1221 3438 καδὰ
1242 3368 1294 3437 καί

108 3466 265 3558 Είρηναῖός
289 3496 392 3560 φησιν.

189 3580 219 3639 9.
245 3578 344 3640 Orion
367 3598 400 3659 p.
427 3579 466 3640 90
492 3579 532 3640 29
563 3575 697 3664 κομψός,
726 3573 810 3664 παρὰ
838 3574 871 3643 τὸ
894 3573 1019 3662 κάμπτον
1042 3577 1143 3663 ῥῆμα,
1173 3574 1226 3641 καί
1252 3575 1294 3662 (τό

103 3673 255 3760 καμπόλον
280 3675 331 3742 καί
347 3683 522 3744 Larcherus
544 3701 583 3744 ex
600 3682 818 3764 Etymologico)
848 3679 1080 3766 διεστραμμένον
1102 3685 1139 3766 τῆ
1163 3679 1292 3766 διανοίᾳ.

107 3773 220 3865 εἴρηται
240 3777 301 3868 γὰρ
322 3785 408 3848 τοῦτο
430 3777 463 3847 τὸ
487 3774 582 3867 όνυμοι
611 3779 664 3847 καί
692 3779 740 3847 ἐπὶ
768 3789 820 3849 τοῦ
849 3782 969 3870 μετρίου
997 3779 1048 3849 καί
1069 3783 1217 3857 ἐπιεικοῦς
1242 3781 1295 3848 καί

103 3880 152 3947 έπί
179 3887 231 3950 τοῖν
260 3883 444 3972 πανοόργου.
490 3881 540 3950 ἐπὶ
562 3883 595 3950 δὲ
616 3889 669 3950 τοῦ
691 3887 839 3960 ἐπιεικοῦς
860 3881 944 3973 παρὰ
972 3881 1005 3951 τό
1035 3881 1205 3971 εὐκαμπές,
1236 3883 1294 3952 ὐπὸ

104 3987 154 4050 τοδ
168 3983 295 4073 κάμπτον
311 3986 461 4074 βήματος,
486 3983 502 4054 ό
518 3984 661 4073 εὐπειθῆ-ς
684 3987 735 4053 καί
749 3984 901 4076 προσηνὴς
917 3985 1044 4076 εἴρηται.
1085 3982 1179 4062 οότοις
1193 3986 1295 4077 Εἰρη-

104 4089 184 4164 ναῖος
206 4085 223 4156 ὁ
247 4087 415 4176 ἀττικιστῆς
438 4092 469 4155 έν
492 4094 576 4178 τῷκ·
605 4091 767 4175 (scriptum
791 4095 819 4176 οἳ)
848 4091 1001 4180 στοιχείῳ.
1047 4095 1295 4176 Etymologicum

109 4209 251 4276 magnum
275 4215 307 4277 p.
334 4195 396 4256 527
421 4199 460 4258 49
484 4189 610 4282 κομψός.
656 4190 774 4280 εἴρηται
796 4193 849 4279 μέν
870 4191 891 4280 ῆ
914 4196 991 4268 λέξις
1012 4193 1065 4262 καί
1087 4191 1135 4260 ἐπὶ
1156 4197 1208 4262 τυδ
1229 4219 1295 4260 ποι-

105 4287 226 4379 νυόργυυ
248 4293 301 4362 καί
330 4294 379 4362 ἐπὶ
399 4300 451 4362 τοῦ
476 4296 595 4382 μετρίου
624 4293 676 4362 καί
696 4298 857 4371 έπιεικυδς.
905 4292 1060 4386 ἀμφότερα
1083 4289 1135 4365 οὐν
1157 4294 1296 4384 παρότδ

104 4390 246 4480 κόμπτιο,
265 4395 380 4485 κυρτός
395 4397 446 4467 καί
459 4394 593 4486 κομψός·
619 4394 687 4464 ἀλλ’
706 4399 755 4466 tal
771 4399 824 4486 μὲν
839 4404 892 4468 τοῖν
905 4396 1076 4489 πανοόργου
1090 4398 1125 4468 τδ
1139 4397 1295 4487 καμπόλον

106 4495 156 4562 καί
176 4503 411 4590 διεστραμμένον
426 4508 463 4591 τῆ
480 4502 617 4589 διανοίᾳ,
641 4501 692 4568 tal
710 4503 744 4570 δὲ
757 4507 811 4570 τοῦ
825 4505 975 4582 δπιεικυῖις
995 4500 1079 4592 παρὰ
1099 4500 1134 4572 τό
1156 4498 1296 4591 εὐκαμπῆ
