3268 5108
159 1247 338 1350 INDEX
363 1247 681 1350 assumitur
705 1247 1073 1350 assultavit
1102 1259 1229 1352 1855.

104 1455 159 1604 Q·
181 1518 301 1581 Valerii
325 1517 457 1597 Catulli,
489 1517 617 1600 dequo
646 1537 708 1582 non
731 1519 818 1582 nulla
840 1517 1004 1602 disputare
1026 1519 1190 1600 volumus,
1223 1539 1295 1584 aar·

103 1621 183 1682 mina
204 1640 248 1683 ne
271 1619 413 1702 Augusto
436 1621 566 1703 quidem
597 1623 793 1704 imperante,
825 1641 888 1704 qua
913 1633 1016 1686 aetate
1039 1624 1144 1705 poesis
1167 1626 1294 1688 Latinae

104 1721 195 1786 lorma
220 1734 254 1786 et
276 1726 399 1806 speeies
415 1725 577 1807 paullatim
602 1735 720 1789 mutata
742 1735 823 1805 erat,
849 1744 910 1789 non
928 1725 1026 1790 brisso
1041 1725 1182 1790 studiose
1204 1728 1295 1790 leati-

104 1837 159 1888 tata
182 1827 446 1892 memorabilibus
466 1830 587 1910 aliquot
609 1830 805 1910 argumentis
827 1839 930 1910 potest
953 1829 1175 1894 demonstrari.
1215 1850 1295 1912 quo-
1333 1911 1341 1928 .

104 1949 169 1992 mm
196 1951 301 1995 unum
331 1951 372 1994 ex
401 1933 554 2014 Sosipatri
587 1933 722 1996 Charisii
752 1933 986 1998 institutionum
1020 1935 1295 2016 grammaticarum

104 2033 179 2096 libro
201 2036 308 2116 primo
330 2036 503 2115 sumimus,
536 2035 591 2099 ubi
615 2037 693 2099 haee
715 2037 867 2118 leguntur
888 2057 957 2120 oap.
977 2039 1017 2099 l8
1041 2037 1058 2121 §
1080 2038 1132 2118 tt,
1160 2035 1214 2100 los
1233 2055 1295 2119 pu·

102 2137 225 2218 pilares
248 2145 277 2202 et
299 2140 466 2202 masculina
486 2157 598 2223 ponere
619 2147 647 2204 at
667 2158 787 2222 semper
805 2141 973 2222 pluraliter
994 2141 1095 2214 dicas,
1125 2142 1205 2204 sieut
1224 2139 1297 2204 Asi-

102 2242 168 2304 nius
190 2243 223 2304 in
254 2243 420 2323 Valeriam,
445 2245 519 2326 puio
537 2244 674 2328 poqtttas
697 2252 742 2308 est
763 2246 816 2327 qui
832 2245 941 2328 ptores
963 2243 1090 2308 tabellas
1112 2246 1241 2306 coatiaet
1262 2246 1294 2306 io

102 2346 206 2406 seriora
229 2353 328 2410 satas.
368 2355 501 2410 marea
515 2345 590 2410 laec
609 2347 781 2430 papillario
795 2349 919 2429 saepias
934 2349 1116 2411 neutraliter
1130 2347 1203 2412 dicit
1218 2347 1296 2412 idem

105 2447 240 2512 cautem
262 2451 295 2511 ia
316 2448 587 2532 hendecasyllabis.
636 2453 704 2514 itero
726 2449 875 2514 taoatm
897 2451 1098 2534 sr'oqutaritor
1119 2451 1173 2516 boc
1191 2451 1296 2535 pupil-

103 2549 150 2612 lar
170 2552 255 2616 dicit.
303 2554 359 2634 qui
382 2555 506 2637 primus
529 2553 664 2616 Charisii
687 2555 901 2618 institutiones
923 2553 1025 2618 edidit
1048 2555 1170 2618 Pierius
1190 2553 1296 2636 Cymi-

104 2654 171 2716 nius
193 2655 397 2720 obscuriores
423 2655 540 2720 aodiais
562 2657 758 2740 Neapolitani
790 2658 912 2720 litteras
941 2677 1004 2720 non
1027 2659 1104 2722 satis
1125 2658 1296 2722 adsecutus

103 2767 183 2820 erat:
216 2757 307 2822 dedit
329 2761 415 2822 enim
438 2761 518 2824 strat
538 2757 664 2824 Asinius
686 2761 758 2824 ioue
779 2769 811 2824 et
834 2760 951 2824 deinde
973 2771 1044 2846 post
1066 2781 1200 2826 vacuum
1223 2781 1297 2844 spa·

103 2861 178 2924 tium
200 2865 256 2945 qui
278 2863 416 2947 propitias
438 2871 483 2926 est
504 2873 536 2926 et
559 2872 675 2926 cetera.
723 2865 864 2946 explevit
887 2865 964 2927 haee
986 2865 1153 2928 Putsohius
1181 2863 1222 2947 (p.
1241 2864 1291 2948 75)

104 2963 462 3044 barbatoriam
491 2966 756 3031 Valeriamtib.1.
802 2977 898 3048 atque
922 2967 1001 3031 illud
1024 2967 1154 3050 quidem
1178 2969 1210 3032 ia
1239 2970 1297 3030 Va-

103 3067 210 3130 leriam
234 3070 293 3131 etsi
316 3069 410 3134 nobis
431 3089 494 3134 uon
518 3079 639 3134 oonstat
666 3069 753 3134 uude
774 3081 938 3152 sumptum
961 3072 1020 3152 sit,
1053 3091 1167 3135 verum
1189 3080 1297 3136 tamen

103 3181 166 3232 est:
200 3191 273 3234 narn
296 3173 453 3238 Heurieus
475 3174 614 3254 Keilius,
646 3174 737 3238 euius
759 3175 894 3252 eximiae
924 3175 956 3238 in
979 3175 1184 3257 explorandis
1206 3183 1297 3238 veta-

104 3273 190 3338 ribus
221 3275 312 3338 libris
342 3277 503 3340 sollertiae
533 3287 599 3342 tuto
629 3277 834 3358 oonlidimus‚
867 3277 975 3342 doouit
1003 3297 1060 3340 nos
1090 3297 1124 3341 se
1152 3279 1183 3340 in
1215 3277 1297 3340 libro

102 3377 304 3459 Neapolitano
327 3380 359 3442 irs
381 3381 471 3444 nater
494 3381 609 3462 legisse
632 3391 664 3443 et
686 3399 756 3444 esse
779 3381 836 3444 has
859 3381 980 3444 litteras
1003 3389 1122 3460 certas,
1147 3391 1214 3444 tum
1236 3381 1297 3443 ali-

103 3491 177 3558 quot
200 3481 321 3545 litteras
336 3482 450 3566 dispiei
474 3503 537 3546 non
555 3503 661 3566 posse,
686 3503 792 3566 neque
808 3493 914 3547 tamen
930 3485 1003 3568 plus
1026 3484 1181 3566 seriptum
1197 3483 1296 3548 luisse

103 3582 203 3646 videri
232 3604 329 3666 quam
366 3587 396 3648 ia
427 3587 599 3666 sabrina,
638 3599 733 3670 atque
765 3589 851 3652 huna
880 3588 976 3652 luisse
1007 3588 1155 3652 versiculi
1186 3587 1294 3650 tinem.

105 3687 207 3768 itaque
223 3688 297 3752 libri
314 3689 408 3770 primi
426 3693 678 3756 commemoratio
693 3710 789 3774 quam
805 3692 972 3755 Patsobius
992 3690 1117 3754 addidit
1134 3690 1297 3754 reicienda

104 3789 199 3872 est.*)
248 3791 367 3856 deinde
396 3795 473 3858 sitas
494 3795 693 3876 seripserunt
715 3796 838 3860 Pierius
862 3796 971 3876 etqui
996 3814 1069 3858 eum
1092 3795 1192 3858 seouti
1223 3803 1298 3858 sunt

104 3893 263 3958 Fabricius
289 3906 386 3978 atque
410 3898 591 3962 Putsohius:
626 3898 821 3962 Niebuhrius
844 3897 1008 3962 dubitasse
1031 3897 1161 3962 videtur
1189 3906 1297 3961 utrum

105 4003 187 4060 satas
211 4015 249 4062 au
272 4008 358 4064 ratos
381 4001 414 4063 iu
437 3999 545 4064 oodioe
568 4002 722 4084 scriptum
746 4011 846 4078 esset;
874 4001 931 4064 sod
954 4009 1051 4084 satas,
1078 4000 1164 4084 quod
1183 4020 1297 4066 verum

106 4110 167 4178 est,
201 4101 299 4166 Keilio
321 4105 527 4186 perspicuum
558 4103 628 4168 tuit.
677 4115 743 4168 tum
774 4107 806 4166 in
830 4105 938 4168 oodioe
967 4125 1003 4168 ea
1034 4105 1186 4186 leguntur
1216 4124 1297 4186 quae

106 4221 200 4284 supra
216 4208 387 4288 posuimus,
414 4209 476 4271 nisi
493 4208 579 4290 quod
594 4209 672 4272 &aar
694 4209 815 4272 amatas
838 4210 870 4271 ia
893 4208 1127 4290 iadeaasyllabis
1142 4210 1297 4290 seriptum

112 4363 310 4378 ----...—.

189 4449 215 4510 ¹)
229 4447 350 4515 {sarapta
367 4455 405 4502 ast
424 4465 459 4500 aa·
476 4452 575 4503 semaa
588 4451 754 4502 anamma.
785 4450 821 4512 os.
837 4451 867 4502 Η.
885 4449 941 4500 Keil
958 4452 986 4499 ta
1005 4451 1171 4514 vastatione
1185 4449 1298 4500 clames

108 4537 145 4586 usi
164 4535 311 4600 XXlt'roo.
327 4543 351 4590 et
364 4533 441 4601 tob}

1048 4637 1086 4688 51
