3204 5104
309 351 383 426 360
602 365 691 428 laon
712 382 881 428 necrronvn
903 381 1088 428 nminem
1106 361 1201 424 4867.

308 553 442 616 Vrsinus
465 553 608 617 Ciceroni
639 552 782 617 tribuere
804 552 921 632 voluit,
952 549 1071 634 aspera
1095 551 1148 614 ille
1171 549 1303 632 quidem
1332 559 1363 612 et
1382 547 1475 612 embra

309 677 385 720 usus
408 658 560 720 oratione.

395 759 488 822 Libro
511 760 551 822 de
574 760 700 840 legibus
723 779 744 822 n
767 757 840 843 §dl
865 758 1207 840 vetustaiexomplarie
1229 758 1309 820 haec
1329 755 1473 839 praebent,

310 865 371 926 iam
401 863 437 926 de
465 864 643 944 aruspicum
671 863 834 946 relipione,
867 863 903 926 de
931 861 1156 944 ercpiatiauibus
1185 868 1214 922 et
1231 857 1476 942 procurationum

309 967 418 1030 natissa
441 967 533 1028 illane
557 967 587 1028 in
610 969 680 1046 ipso
702 967 763 1047 iope
778 965 890 1028 dictum
909 973 994 1048 puto.
1034 984 1097 1027 non
1111 965 1225 1026 attinet
1240 981 1396 1044 exponere
1409 979 1477 1042 qnae

310 1071 384 1132 olim
407 1070 458 1131 hie
480 1077 628 1150 temptata
645 1069 720 1130 sint.
767 1086 872 1150 nuper
893 1079 1056 1149 arreptum
1081 1069 1137 1128 hoo
1159 1074 1227 1144 est,
1253 1067 1328 1128 sutas
1350 1083 1410 1128 esse
1429 1065 1478 1126 iam

311 1175 343 1236 in
366 1175 434 1254 ipsa
457 1173 520 1254 lepe
542 1171 653 1234 dictum
673 1179 756 1252 puta.
804 1171 891 1253 quod
913 1190 1104 1253 quamquam
1127 1169 1197 1232 veri
1221 1167 1479 1230 similitudinem-

312 1285 373 1354 ret,
405 1274 503 1338 inulto
533 1285 638 1337 tamen
667 1283 807 1354 praestat
836 1275 905 1338 eius
933 1275 1082 1356 opinione
1105 1275 1160 1354 qni
1183 1273 1333 1336 illanein
1355 1271 1479 1351 margine

310 1379 504 1460 adscriptum
528 1396 597 1440 esse
622 1378 745 1458 putavit
766 1376 928 1459 abaliquo
951 1377 1077 1440 homine
1101 1377 1157 1457 qui
1179 1374 1389 1438 admiraretur
1409 1371 1480 1454 quod

312 1482 421 1545 Cicero
449 1481 526 1542 satis
554 1479 616 1542 sibi
646 1479 765 1542 dixisse
795 1481 882 1542 visus
905 1481 956 1542 sit.
1002 1491 1067 1542 tam
1088 1477 1264 1542 absurdum
1286 1487 1480 1541 commentum

311 1603 374 1646 non
397 1582 696 1646 conmemorandum
720 1592 788 1645 erat
810 1585 900 1663 quasi
917 1603 1029 1647 verum
1051 1602 1122 1646 esse
1145 1590 1268 1664 posset,
1294 1581 1351 1644 sed
1371 1581 1479 1642 silentio

312 1685 594 1768 praetereundum.
640 1686 763 1748 litteras
792 1686 818 1748 si
848 1687 1030 1767 sequimur,
1063 1685 1147 1748 lucili
1171 1685 1295 1766 negotio
1319 1685 1392 1748 haee
1411 1683 1480 1746 reci-

312 1808 478 1872 peremus,
504 1789 565 1850 iam
588 1788 625 1850 de
646 1791 824 1870 amupioum
846 1789 1005 1872 relipione,
1035 1789 1072 1852 de
1094 1787 1319 1870 empiatiomims
1341 1795 1480 1868 aproni·
1580 1817 1581 1820 ¹

312 1891 481 1956 rationibus
504 1911 556 1955 sar
578 1911 642 1954 nass
665 1910 757 1954 aaran
786 1893 818 1954 in
847 1895 916 1973 ipsu
945 1893 1007 1976 lepe
1029 1893 1141 1956 dictum
1160 1899 1244 1973 puto.
1291 1890 1400 1973 quodsi
1421 1891 1481 1970 quis

312 1993 455 2058 scribere
478 1995 566 2056 malit
587 1999 663 2058 satis
686 2013 751 2057 esse
769 1997 878 2076 plane,
903 2013 966 2057 non
990 2015 1103 2076 magno
1125 2013 1221 2076 opere
1236 1993 1479 2076 repugnabimus.

400 2098 466 2160 Non
496 2107 581 2160 recte
607 2096 861 2160 admininistrata
883 2117 954 2160 esse
976 2097 1172 2161 arbitramur
1193 2116 1276 2179 quae
1298 2097 1378 2160 libro
1399 2096 1435 2159 de
1455 2115 1482 2157 re

313 2199 473 2282 publicar
504 2196 583 2282 §59
607 2219 633 2262 s.
671 2198 712 2280 (p.
738 2201 799 2263 265
831 2200 949 2264 codicis
971 2200 1144 2283 Bobiensis)
1179 2219 1286 2282 nuper
1315 2201 1357 2262 ita
1384 2199 1485 2278 scripta

313 2311 403 2380 sunt,
429 2302 524 2384 quid?
546 2311 608 2365 tum
630 2322 698 2365 cum
720 2311 753 2366 tu
775 2322 806 2366 os
829 2307 947 2380 iratus,
969 2305 1120 2386 permittis
1143 2303 1190 2366 illi
1207 2303 1386 2367 iracundiae
1399 2301 1486 2364 domi-

313 2414 419 2469 natum
447 2407 544 2468 animi
572 2406 638 2468 tui?
682 2408 748 2469 Non
778 2406 962 2484 mehercule,
993 2409 1104 2490 inquit,
1136 2407 1189 2470 sed
1218 2408 1319 2468 imitor
1341 2403 1486 2486 Arctum
1586 2465 1587 2470 ,

314 2509 401 2572 ilium
433 2510 645 2588 Tarentinum,
682 2510 736 2591 pai
767 2529 834 2572 cum
863 2511 904 2572 nd
932 2511 1038 2573 uillam
1066 2511 1197 2572 uenuset
1224 2518 1252 2572 et
1279 2511 1379 2572 onmia
1409 2508 1486 2570 atter

314 2612 487 2694 offendisset
508 2631 544 2674 ao
567 2614 715 2688 iusserat,
753 2614 789 2674 ‘a
811 2621 838 2676 te
861 2613 1021 2694 infolioem‘
1053 2614 1150 2694 imprit
1179 2613 1284 2688 vilico,
1319 2615 1418 2693 ‘praem
1441 2628 1487 2672 ne-

314 2733 430 2779 cassem
453 2717 514 2778 iam
537 2713 712 2778 verberibus
734 2717 797 2779 nisi
818 2717 918 2779 iratus
940 2716 1057 2778 essem.²
1104 2716 1237 2796 Optime,
1270 2717 1367 2797 rapuit
1388 2715 1484 2796 Scipio.

289 2834 385 2901 serpo
407 2813 556 2899 Archytas
587 2817 798 2896 iracundiam,
830 2819 967 2882 videlicet
993 2818 1188 2882 dissidentem
1218 2838 1238 2880 a
1264 2805 1391 2880 ratium*
1418 2815 1486 2880 sedi·

315 2921 423 2984 tionem
444 2919 615 3002 qtmndam,
648 2919 686 2982 ab
715 2923 816 2984 aniano
838 2921 1061 2984 removendam
1085 2919 1220 2984 ducebat.
1268 2921 1321 2982 hic
1342 2920 1380 2982 ab
1400 2919 1486 2982 mano

315 3023 527 3086 removendam
549 3022 713 3086 ducebatis
734 3023 995 3092 Weissenbornio
1024 3033 1185 3106 sumptum
1215 3032 1279 3104 est,
1312 3039 1486 3105 quamquem

315 3145 421 3209 neque
442 3127 616 3189 orationem
643 3126 778 3208 praebet
805 3129 881 3190 satis
909 3129 1094 3190 concinnam
1122 3125 1205 3208 (nam
1228 3125 1388 3190 dissidens
1408 3145 1424 3188 a
1445 3141 1487 3185 ra-

315 3229 401 3292 tione
424 3229 537 3292 seditio
559 3230 748 3311 conponitur
769 3239 823 3293 aut
847 3231 1055 3312 restinguitur
1076 3230 1181 3312 potius
1202 3247 1298 3310 quana
1322 3237 1486 3292 removetur

314 3331 356 3394 ab
378 3332 490 3415 animo)
519 3351 623 3413 neque
647 3335 793 3414 sequitur
815 3333 982 3396 manifesta
1004 3351 1086 3414 quae
1110 3335 1143 3395 in
1160 3332 1241 3394 libro
1257 3332 1404 3396 Bobiensi
1424 3349 1488 3393 con-

315 3452 495 3534 spiciuntur
515 3471 610 3515 verae
638 3455 815 3534 scripturae
844 3453 988 3534 vestigia.
1036 3453 1131 3516 habet
1152 3454 1238 3514 enim
1259 3419 1488 3534 litarddidlnu·

316 3575 417 3618 emer.
464 3555 550 3637 quod
571 3575 643 3618 oum
666 3557 728 3618 iam
750 3558 848 3620 llaius
870 3557 946 3620 satis
960 3555 1111 3619 adcurate
1126 3566 1403 3634 conmemorasset,
1426 3555 1488 3616 llei-
1532 3599 1537 3616 .
1587 3609 1588 3614 ,

316 3660 415 3740 sigius
437 3658 643 3722 scribendum
668 3678 738 3722 esse
760 3658 842 3722 vidit
863 3677 934 3742 erpo
956 3656 1105 3740 Archytas
1128 3659 1338 3737 iracundiam,
1370 3658 1490 3722 ouum

315 3762 511 3826 dissidentem
540 3781 561 3824 a
588 3766 721 3842 ratione,
758 3763 932 3826 seditionem
959 3761 1113 3844 putandam
1142 3763 1240 3824 animi
1265 3779 1339 3824 uere
1365 3760 1486 3825 duoedd.

316 3884 422 3946 neque
445 3865 616 3946 quicquam
645 3863 733 3927 aliud
761 3866 838 3928 latet
866 3866 897 3927 in
930 3865 981 3928 illa
1011 3883 1119 3928 eorum
1150 3882 1232 3946 quae
1254 3867 1393 3946 primum
1421 3863 1488 3925 malo

317 3969 434 4049 scripta
462 3977 553 4030 arant
582 3967 814 4030 emendatione.
869 3966 987 4030 deinde
1010 3967 1122 4030 Halmii
1152 3968 1230 4031 haec
1257 3977 1305 4030 est
1333 3967 1486 4031 adnotatio.

321 4072 405 4152 ‘post
427 4070 553 4134 ducebat
575 4079 623 4132 est
646 4071 678 4132 in
702 4067 896 4134 editionibus
918 4089 986 4133 eam
1007 4072 1130 4134 consilio
1145 4071 1252 4134 sederi
1265 4071 1396 4149 enimet,
1419 4085 1487 4150 quae

317 4173 433 4252 verba,
458 4182 494 4237 ut
516 4171 608 4236 nobis
623 4174 786 4236 Detlelsen
804 4173 1008 4253 significavit,
1035 4175 1119 4236 inter
1134 4175 1269 4255 primam
1285 4185 1317 4236 et
1331 4169 1486 4237 secundam

318 4276 435 4338 lineam
462 4277 594 4340 alterius
622 4277 786 4340 columnae
815 4297 848 4357 p.
880 4277 943 4339 265
974 4295 1069 4342 manu
1099 4278 1238 4342 secunda
1265 4277 1387 4340 adiecta
1412 4283 1483 4348 siunt,

318 4378 404 4462 quod
431 4381 519 4442 colon
548 4381 703 4443 insulsum
733 4381 967 4461 enpunximns.¹
1013 4381 1168 4443 vellemus
1195 4381 1402 4462 significatum
1428 4393 1484 4440 ose

320 4483 375 4564 qui
397 4481 462 4544 sint
482 4483 527 4545 illi
542 4502 668 4546 versus.
714 4492 786 4546 utut
808 4493 873 4561 est,
898 4485 1039 4564 pertinet
1061 4483 1148 4546 oolon
1171 4483 1251 4548 illud
1265 4483 1307 4547 ad
1321 4481 1492 4564 Amhytem'
