3186 5108
362 399 452 461 lnnsx
475 416 640 462 tuorroma
663 416 842 461 resarum
868 399 961 461 ⁴858.
1189 383 1258 454 137

79 588 225 650 currentis
247 597 357 670 gestus
379 587 534 652 describit
557 598 589 651 et
612 598 772 670 tamquam
796 592 1021 653 commentario
1039 591 1258 672 persequitur.

80 693 176 754 linitur
197 690 370 773 descriptio
394 692 444 754 bis
466 691 627 770 versibus,

152 815 233 879 eripe,
257 795 412 860 msclteme
433 795 533 858 terete
555 797 652 858 ostitit
672 798 717 859 sio
738 795 837 860 dulice
859 805 888 860 et
909 799 1082 860 comoediae.

151 917 316 981 auroqrtom
337 898 424 962 bodie
438 900 577 981 quiescet,
600 901 784 982 priusquam
806 900 839 962 id
852 902 931 982 quod
949 903 1025 983 petit
1042 901 1215 983 perfecerit.

151 1001 248 1078 tabet,
274 1004 392 1084 opinor.
439 1021 494 1086 oqe
516 1003 639 1085 siquid
661 1004 747 1086 aqu:
772 1005 877 1087 oipilo,
902 1023 941 1066 oe
962 1023 1065 1068 somuo
1088 1005 1196 1068 susm:

152 1107 214 1168 oiri
235 1106 354 1188 quidem
376 1105 424 1168 lu'o
445 1107 566 1189 oqitore
587 1107 687 1169 monis
710 1109 819 1169 varrus
842 1109 939 1190 oirqts
962 1109 1094 1191 uiqilics.

151 1209 205 1272 itti
225 1227 277 1293 eqo
300 1208 366 1272 dieo
388 1209 573 1272 anheriatus
592 1210 692 1272 uestis
706 1211 787 1273 heus
809 1218 837 1274 te
858 1210 1006 1292 adloqui?
1036 1211 1214 1288 Palaestrio,

153 1313 247 1396 viqilo
269 1314 405 1394 iuqteom,
430 1315 643 1396 essperqiscere
667 1313 811 1395 inquom:
836 1315 913 1376 lueet
933 1314 999 1391 boc,
1025 1315 1159 1396 inpiam.

79 1419 104 1478 in
126 1435 220 1480 versu
241 1435 345 1498 paene
367 1417 488 1496 ultimo,
515 1418 571 1498 qui
595 1419 690 1479 totius
711 1414 837 1479 labulae
861 1426 910 1478 est
932 1417 1005 1496 217,
1031 1415 1180 1482 dedimus
1203 1415 1263 1480 de-

80 1531 196 1600 pravata
225 1518 324 1581 verba
355 1520 460 1600 qualia
492 1520 524 1581 in
554 1521 683 1601 optimis
712 1518 804 1582 libris
834 1521 995 1600 leguntur.
1047 1520 1264 1603 adscripscrat

78 1625 217 1706 losepbus
232 1622 376 1702 Scaliger
397 1630 546 1686 cueureto
568 1631 601 1686 tu
616 1641 654 1686 ae
668 1623 740 1686 sess.
779 1624 929 1686 similiter
944 1625 1101 1704 Bergkius
1115 1624 1263 1688 scriben-

77 1727 144 1790 dum
166 1745 237 1789 esse
261 1727 395 1807 putavit,
421 1726 476 1790 tibi
496 1745 547 1810 eqo
569 1727 646 1802 dico,
671 1726 816 1791 hercreio:
840 1735 894 1790 tuo
916 1729 977 1790 scis
999 1736 1095 1791 mete
1117 1728 1263 1810 adloqui?

78 1831 196 1894 meliora
218 1828 410 1892 llitscbelius
432 1828 533 1908 dedit,
559 1829 613 1892 tibi
633 1848 685 1913 eqo
707 1828 792 1892 dico:
816 1850 876 1908 aa,
902 1831 1046 1908 laureto,
1071 1850 1118 1894 ase
1139 1831 1262 1894 bousois

77 1943 98 1994 te
118 1933 263 2016 adloqui?
284 1951 358 1994 nam
381 1951 427 1994 ute
448 1932 571 1996 luascu
592 1932 772 2013 perbonam
795 1953 864 1997 esse
887 1954 1031 2016 vereque
1055 1935 1262 1998 llitsobelium

77 2037 186 2102 addere
200 2047 351 2120 putamus
370 2035 562 2119 adscriptam
577 2037 701 2100 hauseis
717 2036 836 2100 somnae
852 2039 1149 2120 interpretationem
1165 2041 1263 2102 nescis

78 2143 274 2222 progenuisse
296 2139 452 2204 librorum
475 2141 686 2221 corruptelam
707 2143 801 2204 uestis
822 2142 907 2204 leus.
948 2142 1075 2206 omniuo
1105 2141 1184 2204 illud
1205 2161 1263 2205 vo-

77 2245 213 2308 cabulum
243 2243 329 2326 quod
352 2253 401 2307 est
429 2244 554 2308 becacio
583 2241 624 2306 ab
646 2243 807 2308 oblivione
836 2247 965 2327 egregie
995 2231 1197 2321 vin'dioavit,
1229 2252 1294 2308 ets

77 2359 190 2428 poterat
218 2369 271 2428 eo,
304 2349 366 2410 nisi
396 2347 554 2426 fallimur,
586 2349 682 2410 etiarn
711 2350 840 2431 saepius
869 2351 927 2412 uti.
982 2349 1081 2412 veluti
1112 2347 1197 2430 quod
1228 2349 1261 2410 in

78 2453 164 2516 tlilite
192 2453 320 2535 scripsit
349 2471 379 2512 v.
403 2453 483 2514 ⁴023
516 2451 725 2532 Pedetemptioi
752 2458 786 2514 ta
813 2453 873 2514 seis
901 2454 1033 2515 auctori
1058 2453 1167 2516 solitos
1197 2469 1262 2514 esse

76 2554 238 2620 uniusmodi
257 2573 384 2631 meroes,
409 2573 481 2618 cum
501 2553 575 2617 libri
592 2553 731 2616 habeant
753 2562 785 2616 tu
807 2555 860 2618 beo
881 2555 941 2618 seis
962 2556 1015 2617 vel
1038 2563 1071 2618 tu
1092 2555 1166 2618 bueo
1187 2557 1258 2632 scis,

78 2661 186 2722 moneri
198 2658 348 2723 videmur
364 2669 398 2721 ut
413 2657 591 2720 scribamus
605 2659 710 2738 potius
723 2657 932 2740 Pedetearptim
946 2665 980 2720 tu
993 2659 1117 2722 antuus
1132 2660 1265 2722 tracturi

76 2765 170 2826 solitos
192 2782 258 2826 esse
285 2763 377 2826 liuius
400 2761 483 2824 utodi
502 2767 640 2824 merces?
683 2780 796 2823 verum
826 2763 858 2822 in
890 2761 942 2822 illo
966 2760 1007 2823 de
1030 2781 1092 2844 quo
1115 2761 1262 2844 disputa-

77 2885 138 2929 mus
152 2867 257 2930 ldilitis
274 2867 430 2929 versiculo
452 2867 582 2928 alteram
607 2864 838 2927 emendationis
853 2875 977 2946 partem
1000 2863 1179 2948 adprobare
1202 2885 1262 2927 ne-

77 2989 223 3052 quaquam
247 2987 427 3051 possumus.
475 2987 547 3031 narn
576 2979 612 3031 ut
634 2978 794 3031 taceamus
824 2967 903 3030 illud
926 2987 968 3030 ou
996 2968 1123 3032 laureto
1144 2969 1261 3032 iactum

78 3091 139 3135 esse
166 3075 253 3136 nulla
281 3073 463 3135 mutationis
491 3070 733 3154 probabilitate,
766 3073 793 3134 si
825 3072 857 3132 in
888 3070 1060 3152 Pseudulo,
1093 3081 1260 3154 postquam

78 3175 224 3240 Charinus
247 3175 328 3238 dixit
357 3183 402 3238 set
430 3177 497 3238 istie
525 3175 694 3238 Ριοιιιίαἱιιι
724 3193 816 3236 novos
839 3174 955 3249 ardut,
988 3175 1154 3238 Calidorus
1182 3175 1261 3238 baec

79 3279 239 3360 respondet
261 3297 293 3340 v.
312 3279 386 3358 700,
412 3279 569 3342 nimiumst
590 3279 730 3341 mortalis
748 3277 934 3360 qraphious:
957 3277 1083 3340 lreureto
1106 3278 1259 3342 ismtltist.

79 3381 190 3445 amitt
209 3382 284 3444 boec
306 3399 371 3446 sese
393 3383 570 3464 effecturum
592 3381 685 3457 dimit,
711 3399 788 3464 quoe
809 3380 882 3443 delei
903 3379 966 3456 tibi,
992 3400 1068 3444 uum
1092 3391 1261 3463 pmpterea

80 3483 208 3550 Plautum
239 3484 353 3548 eodem
383 3484 535 3548 vocabulo
565 3485 598 3546 in
625 3485 732 3548 Militis
763 3503 858 3548 versu
886 3494 959 3567 apte
993 3495 1026 3546 et
1055 3505 1126 3547 oum
1157 3485 1262 3565 aliquo

80 3585 173 3668 lepore
195 3590 241 3652 uti
265 3589 405 3672 potuisse
428 3586 653 3651 censebimus?
683 3587 769 3668 quod
792 3588 878 3650 enim
894 3589 1049 3669 Bergkius
1067 3587 1155 3664 dicit,
1181 3589 1262 3651 beu-

80 3699 161 3752 reten
181 3692 336 3774 adpellari
354 3692 598 3754 Palaestrionem
615 3693 671 3772 qui
692 3689 922 3772 sagitabuudus
944 3691 1085 3754 animum
1102 3693 1134 3752 in
1152 3711 1264 3754 orrrnes

79 3804 174 3872 partes
194 3805 300 3859 vertat
330 3815 392 3878 quo
415 3795 582 3858 eonsilium
605 3792 720 3857 callido
744 3797 954 3875 excogitat-um
979 3796 1138 3875 reperiat,
1168 3805 1262 3875 puta-

80 3893 179 3962 bamus
207 3919 281 3963 eum
309 3900 365 3981 qui
394 3895 517 3979 aliquid
546 3899 671 3980 quaerit
699 3917 763 3960 non
794 3897 857 3961 dici
889 3899 1099 3959 inventorem.
1147 3899 1263 3978 nequis

79 4008 174 4066 antem
187 4013 322 4084 propter
344 4000 423 4065 illud
446 3999 544 4078 babet,
569 4003 677 4082 opinor
700 4003 860 4064 existimet
882 4011 968 4064 certo
984 4019 1172 4082 persuasum
1191 4019 1261 4062 osse

81 4103 324 4186 Peripleoomeno
353 4107 515 4169 invenisse
545 4104 790 4166 Palaestrionem
819 4106 942 4187 aliquas
965 4105 1144 4179 machinas,
1177 4103 1262 4165 idem

80 4206 208 4272 eundem
223 4229 296 4272 mox
312 4209 419 4272 multis
434 4206 582 4270 versibus
603 4206 791 4271 adhortatur
812 4218 848 4271 ut
869 4206 998 4289 aliquod
1014 4206 1163 4270 callidum
1187 4227 1264 4268 oon-

80 4309 176 4374 silium
192 4314 341 4396 reperiat.
381 4321 547 4393 praeterea
564 4311 740 4374 inventoris
762 4309 934 4393 adpellatio
953 4320 984 4372 et
1001 4311 1053 4372 illa
1070 4329 1152 4391 quae
1168 4311 1262 4373 simul

81 4409 219 4478 dicuntur
240 4415 351 4500 opilo,
383 4434 420 4478 ue
442 4433 545 4478 somno
566 4413 654 4477 stude
676 4423 707 4475 ct
729 4414 838 4497 uqr'to,
870 4415 1010 4496 inquom,
1036 4415 1260 4496 euperqiseere,

82 4515 212 4597 taquam
239 4519 317 4584 lueet
336 4519 406 4596 boe,
431 4519 556 4601 iuquam
578 4535 641 4580 non
664 4517 760 4580 nimis
782 4519 867 4582 inter
888 4537 922 4582 se
945 4525 1135 4598 congruunt.
1183 4535 1264 4598 quo-
