3268 5108
335 353 383 428 36
631 369 720 430 lunnx
743 385 907 428 nncrrouru
930 383 1110 426 rrsrrvrnvrr
1135 364 1229 425 tect.

334 555 432 637 idque
461 556 566 637 ipsum
594 554 728 638 praebet
756 554 840 618 liber
869 553 1152 635 Cantabrigiensis.
1199 550 1256 614 sed
1286 551 1459 627 transimus
1487 547 1523 610 ad
1617 565 1619 624 ᾗ

331 661 425 722 aliam
447 661 597 722 carminis
620 670 754 740 partem,
781 660 896 739 inqua
919 659 1072 720 extremis
1087 656 1238 719 versiculi
1260 655 1393 716 alicuius
1416 652 1522 714 verbis
1614 647 1618 725 ,J

332 763 456 826 codices
486 763 747 828 Helmstadiensis
775 771 806 824 et
835 761 1076 842 liehdigeranus
1104 770 1232 838 carent,
1268 758 1523 838 conplementum

331 875 437 928 autem
471 885 678 929 numerorum
707 865 792 947 quod
819 864 894 927 libri
924 866 999 926 olim
1026 865 1161 946 inpressi
1193 860 1350 944 praebent
1383 860 1523 940 intellegi
1614 879 1618 896 ·

331 971 443 1050 nequit
471 969 680 1048 hominesque
710 967 817 1030 doctos
847 968 940 1031 valde
968 969 1149 1030 sollicitavit
1177 977 1274 1046 atque
1303 963 1343 1026 ad
1366 983 1465 1025 vanas
1497 975 1522 1025 et

331 1071 494 1134 mirabiles
516 1072 713 1153 opinationes
736 1071 880 1134 induxit:
911 1091 997 1134 nunc
1021 1069 1292 1151 Cantabrigiensis
1321 1066 1439 1130 codicis
1466 1086 1524 1148 ope
1619 1109 1621 1132 κ,

331 1195 459 1238 carmen
476 1177 645 1238 restituere
661 1194 839 1256 possumus.
877 1195 940 1256 quo
955 1185 1060 1237 autem
1076 1175 1202 1256 planius
1217 1173 1321 1234 omnia
1338 1171 1523 1251 adpareant‚
1619 1171 1620 1192 ³

331 1279 546 1361 disputatione
568 1288 675 1340 nostra
699 1298 761 1341 non
785 1279 1011 1340 illum'tantum
1028 1277 1233 1356 versiculum,
1259 1274 1317 1337 sed
1340 1285 1435 1337 totam
1451 1294 1526 1336 sen-

329 1385 502 1446 tentiarum
525 1383 642 1444 seriem
665 1381 972 1463 conprelrendemus.
1014 1382 1120 1461 itaque
1137 1390 1304 1462 postquam
1324 1380 1449 1458 ignotus
1467 1397 1524 1438 no-

330 1485 381 1548 bis
410 1487 561 1548 oarminis
589 1496 699 1547 auctor
725 1497 891 1566 poetarum
921 1483 1042 1546 iabulas
1071 1485 1196 1565 reiecit,
1229 1501 1317 1545 suam
1348 1470 1524 1544 doctrinam

331 1609 492 1672 exponere
516 1589 558 1650 ita
582 1589 718 1650 instituit
747 1586 786 1668 (v.
806 1590 872 1670 93),

463 1693 658 1774 (lancemque
680 1693 837 1753 inmensus
858 1711 891 1754 se
913 1700 1015 1753 terrac
1034 1693 1166 1774 porripit
1189 1687 1270 1750 orbis

460 1796 648 1876 eoetremique
670 1797 768 1856 maris
791 1795 896 1857 curvis
920 1795 1085 1876 inciopitur
1106 1792 1210 1871 nodie,

459 1918 520 1960 noo
544 1907 636 1961 totum
658 1906 703 1960 est
724 1899 874 1961 solidum:
899 1899 966 1978 defit
987 1915 1117 1978 nomque
1139 1897 1236 1958 omnis
1257 1895 1354 1974 biota,

459 2009 541 2063 secto
563 1992 725 2064 calomnis
748 2000 868 2080 humus,
891 2004 1071 2082 penitusque
1091 2007 1202 2062 cavato
1224 1998 1349 2062 latebris

459 2105 558 2168 emiles
581 2124 733 2188 suspensa
755 2107 823 2167 vias
846 2107 919 2188 opit,
944 2111 1035 2185 utque
1057 2105 1223 2165 animantis

456 2227 515 2289 per
537 2216 598 2271 totc
620 2216 761 2270 errantes
780 2215 972 2289 percurrunt
993 2226 1123 2288 corporo
1145 2224 1251 2282 oenoe,

459 2311 500 2373 orl
521 2313 616 2374 vitam
638 2314 764 2394 sanquis
787 2313 883 2373 omnis
907 2330 968 2392 quo
990 2330 1058 2374 eum
1079 2317 1160 2371 meat
1183 2309 1259 2372 idem

458 2423 544 2476 terro
565 2414 762 2498 vorapinibus
784 2422 940 2496 conceptos
963 2415 1074 2498 diperit
1095 2433 1205 2475 euros.

330 2519 363 2578 in
385 2517 548 2600 prioribus
564 2517 711 2579 versibus
734 2519 814 2579 nihil
838 2517 986 2598 estquod
1011 2515 1249 2598 reprehendere
1271 2517 1384 2598 possis.
1426 2518 1530 2579 ἐποίη-

327 2621 429 2704 9itur,
469 2621 555 2702 quod
583 2623 763 2683 coniectura
801 2622 907 2682 nescio
941 2621 1032 2683 cuius
1060 2622 1225 2682 inventum
1256 2639 1325 2682 esse
1356 2619 1531 2684 videbatur
1621 2603 1622 2618 ³

335 2721 416 2804 (narn
441 2723 588 2786 inlibris
611 2725 774 2806 plerisque
798 2733 963 2806 peccatum
983 2723 1056 2808 est),
1082 2725 1287 2786 confirmatur
1309 2721 1427 2784 codicis
1444 2724 1532 2786 Can-

329 2826 535 2908 tabrigiensis
557 2829 759 2907 auctoritate,
794 2847 853 2910 per
874 2847 909 2889 se
935 2825 1015 2889 illud
1038 2826 1169 2906 quidem
1193 2829 1269 2890 satis
1291 2836 1406 2888 tutum.
1456 2829 1532 2889 cni-

330 2933 441 2992 mantis
464 2949 594 3013 corporo
617 2951 679 2992 non
703 2929 824 2994 debent
845 2929 1027 2993 offendere:
1062 2939 1197 2993 utuntur
1219 2932 1304 2993 enim
1328 2941 1440 3014 poetae
1464 2951 1531 2994 non

330 3053 505 3114 numquam
531 3035 690 3116 plurativo
720 3035 814 3096 huius
845 3034 988 3098 vocabuli
1018 3053 1150 3096 numero
1173 3033 1228 3096 ubi
1252 3035 1448 3115 singularem
1471 3055 1534 3097 ex-

330 3147 450 3218 pectes.
491 3136 635 3200 Tibullus
658 3157 667 3198 r
691 3139 709 3199 2
734 3137 774 3199 25
798 3139 860 3198 Nec
881 3138 955 3200 sinit
976 3144 1118 3200 ocmrrot
1140 3140 1300 3220 quisquam
1322 3139 1375 3219 qai
1395 3156 1534 3220 corpora

326 3239 414 3322 ferro
457 3242 596 3304 Volneret
624 3248 677 3303 aut
705 3247 799 3322 rapta
822 3243 965 3322 proemia
993 3249 1074 3304 veste
1099 3249 1201 3323 petat:
1229 3243 1372 3323 loquitur
1400 3241 1442 3303 de
1472 3262 1533 3305 suo

329 3345 426 3405 unius
456 3363 597 3427 corpore.
645 3343 779 3406 Ovidius
807 3344 943 3424 epistula
971 3363 1000 3406 rr
1032 3345 1092 3407 429
1124 3345 1278 3429 Sparpere
1306 3365 1383 3429 quce
1410 3343 1532 3426 fratris

327 3449 429 3530 potuit
455 3448 574 3510 laniate
596 3467 652 3529 per
674 3467 765 3532 apros
791 3449 944 3529 Corpore,
972 3447 1153 3531 piproritm
1178 3455 1323 3530 parceret
1351 3449 1407 3512 itta
1428 3451 1535 3512 meis?

331 3551 469 3613 imitator
491 3550 598 3613 Ovidii
629 3552 662 3612 in
690 3552 826 3633 epistula
850 3553 1116 3632 llypermnestrae
1142 3553 1201 3617 tet
1231 3553 1280 3614 Vel
1298 3550 1350 3633 ser
1371 3571 1457 3634 opem
1481 3555 1535 3615 vel

331 3653 405 3715 dede
431 3656 501 3717 neci
526 3653 725 3737 defunctoque
753 3657 816 3717 vito
848 3657 984 3737 Corpora
1010 3654 1138 3737 furtivis
1167 3661 1294 3737 insuper
1313 3655 1402 3720 ,adde
1429 3659 1532 3740 ropis.

331 3755 389 3820 sed
411 3758 626 3840 paenultimus
646 3777 769 3838 versuS,
795 3777 891 3839 quem
914 3759 1009 3821 talem
1031 3758 1261 3841 adscripsimus
1277 3759 1404 3840 qualem
1425 3760 1535 3824 codex

332 3861 602 3943 Cantabrigiensis
618 3860 760 3941 exbibet,
786 3861 1041 3924 emendationem
1065 3864 1218 3944 requirit:
1245 3865 1448 3926 consentiunt
1469 3885 1537 3928 au-

331 3973 396 4026 tem
426 3985 498 4027 cum
525 3985 562 4027 eo
592 3964 698 4027 codice
728 3964 802 4026 libri
827 3965 1089 4028 Helmstadiensis
1119 3975 1151 4027 et
1173 3966 1432 4048 Rehdigeranus,
1464 3971 1536 4032 nisi

332 4066 417 4148 quod
435 4087 497 4150 quc
518 4077 631 4130 comeot
652 4068 783 4148 babent,
809 4080 841 4130 et
863 4069 936 4130 olim
960 4071 1108 4150 inpressi,
1135 4070 1196 4132 nisi
1213 4069 1299 4150 quod
1322 4073 1354 4133 in
1378 4073 1428 4133 bis
1450 4090 1537 4134 scn-

331 4172 457 4252 9uisque
484 4181 516 4233 et
545 4191 604 4255 qno
634 4179 778 4234 commeat
810 4172 938 4252 legitur.
993 4173 1048 4252 qui
1079 4171 1250 4235 emendare
1281 4173 1367 4236 bunc
1394 4195 1535 4240 versum

332 4273 435 4335 eonati
451 4284 536 4354 sunt,
562 4293 624 4336 non
642 4273 793 4337 viderunt
808 4274 893 4355 quod
909 4277 1045 4337 maxime
1061 4277 1209 4338 vitiosum
1229 4287 1287 4338 est.
1328 4299 1401 4340 nam
1417 4283 1536 4343 Latine

332 4378 462 4458 sanguis
485 4397 591 4458 neque
621 4377 781 4440 advitam
811 4398 987 4441 commeare
1017 4378 1079 4439 dici
1111 4389 1215 4461 potest
1237 4400 1343 4461 neque
1365 4381 1405 4444 ad
1429 4383 1536 4446 vitam

332 4500 443 4544 omnes
464 4481 583 4543 circum
606 4501 712 4544 meare
734 4492 840 4560 artus,
873 4501 954 4562 qnae
983 4483 1120 4546 bominis
1142 4483 1314 4546 doctissimi
1339 4487 1444 4567 opinio
1468 4488 1539 4550 tuit
