3186 5108
157 1241 329 1340 INDEX
355 1241 672 1340 LEGTIONVM
699 1239 1064 1340 assultavit
1096 1252 1221 1343 1858.

101 1519 287 1651 selegimus
309 1587 423 1634 versans
451 1590 514 1634 non
537 1570 641 1632 nullos
662 1570 768 1632 Militis
791 1570 935 1651 gloriosi,
962 1569 1087 1634 fabulae
1111 1572 1283 1650 Plautinae,

100 1673 136 1735 de
169 1671 287 1754 quibus
319 1675 378 1736 bac
407 1671 569 1737 scribendi
604 1675 766 1736 occasione
798 1673 902 1736 oblata
931 1672 1186 1755 disputaremus,
1223 1693 1285 1736 non

100 1777 179 1858 qued
214 1778 420 1860 opinaremur
453 1787 621 1858 postquam
654 1776 836 1839 Friderious
869 1777 1058 1840 liitschelius
1093 1777 1285 1840 emendandi

100 1880 195 1942 ollicio
218 1901 332 1962 magna
362 1891 517 1963 exparte
547 1881 723 1943 rectissima
747 1880 874 1942 iunctus
897 1891 945 1943 est
966 1900 1024 1944 nos
1046 1881 1154 1960 gravia
1177 1881 1288 1944 admo-

101 1983 169 2046 dum
193 1995 225 2046 at
246 1985 410 2066 praeclara
432 1983 560 2047 adlerra
587 2003 681 2065 posse
702 1995 757 2047 aut
787 1984 1069 2046 incertissimorum
1092 1994 1287 2047 comulento-

101 2107 163 2150 rum
186 2086 423 2151 multitudinem
445 2089 563 2150 nostris
585 2089 778 2150 coniecturis
799 2103 917 2168 augere
939 2088 1105 2166 vellemus,
1130 2087 1187 2150 sed
1211 2088 1286 2169 quia

100 2192 368 2273 operaepretium
391 2191 503 2254 iactari
527 2209 597 2252 esse
620 2189 711 2252 uobis
733 2191 925 2254 videbamur
950 2193 976 2253 si
1000 2193 1051 2254 vel
1074 2209 1190 2273 paucos
1210 2209 1287 2254 ver-

99 2295 207 2358 siculos
229 2296 298 2358 eius
321 2305 433 2376 poetae
456 2296 547 2357 cuius
561 2293 689 2357 fabulae
712 2305 747 2356 ut
767 2292 888 2356 avitiis
902 2293 1021 2376 quibus
1042 2296 1188 2376 oppletae
1212 2305 1287 2359 sunt

100 2397 254 2476 paullatim
283 2397 463 2460 liberentur
483 2407 598 2478 atquc,
627 2400 654 2460 si
681 2408 789 2460 tamen
821 2398 889 2459 lieri
910 2399 1026 2479 possit,
1058 2397 1188 2462 tandem
1208 2415 1286 2480 per-

100 2511 270 2580 purgantur
302 2501 474 2564 multorum
508 2501 670 2562 bominum
705 2501 872 2582 diligentia
904 2516 988 2583 opus
1020 2513 1087 2581 est,
1126 2501 1285 2583 probabili

100 2604 314 2667 emendatione
337 2605 590 2667 restitueremus
639 2615 807 2686 praeterea
834 2605 1017 2686 putavimus
1047 2607 1179 2670 iuvenes
1200 2607 1286 2668 anti-

100 2721 227 2786 quarum
256 2708 436 2770 litterarum
467 2707 624 2770 studiosos
659 2707 713 2790 (ad
742 2709 799 2770 bos
832 2708 918 2770 enim
948 2712 1111 2790 pertinere
1138 2709 1284 2772 volumus

100 2828 175 2888 quae
196 2813 399 2874 semestrium
422 2809 600 2874 scholarum
623 2813 854 2875 enumerationi
877 2811 998 2875 addere
1020 2812 1157 2875 solemus
1180 2829 1285 2894 neque

100 2913 310 2978 existimamus
331 2933 389 2978 nos
417 2923 506 2976 sexto
529 2930 656 2996 quoque
686 2933 795 2978 mense
817 2914 963 2996 prolerre
989 2933 1081 2996 posse
1105 2933 1186 2996 qnae
1208 2932 1287 2978 eru-

100 3014 230 3080 ditorum
252 3020 417 3080 bominum
440 3017 552 3080 laudes
574 3019 818 3102 consequantur)
838 3019 995 3101 exemplis
1016 3017 1136 3100 aliquot
1153 3031 1287 3081 monen-

101 3118 152 3181 dos
173 3140 242 3184 esse
265 3121 379 3184 nevel
403 3139 456 3184 eas
472 3121 571 3184 Plauti
594 3121 717 3184 labulas
739 3141 821 3202 quae
844 3121 1005 3184 llitscbelii
1028 3123 1166 3184 maxime
1189 3139 1285 3204 opera

102 3224 191 3286 rnulto
213 3245 309 3306 quam
332 3235 457 3288 ceterae
481 3227 581 3305 magis
608 3234 684 3288 sunt
706 3225 893 3290 emendatae
916 3235 1002 3288 certa
1023 3232 1091 3287 arte
1115 3225 1287 3306 perpolitus

102 3343 164 3388 esse
186 3328 366 3407 crederent,
393 3330 425 3390 in
442 3347 538 3410 quem
561 3345 702 3390 errorem
720 3329 811 3392 lacile
827 3330 899 3410 quis
916 3328 1085 3391 inducatur
1106 3329 1153 3389 eis
1176 3347 1288 3390 exean-

102 3428 236 3506 plaribus
259 3433 292 3493 in
315 3430 434 3512 quibus
455 3433 610 3513 pleraque
633 3433 737 3493 omnia
759 3431 799 3494 ad
816 3431 980 3496 Ritschelii
995 3433 1190 3494 voluntatem
1212 3449 1288 3492 con-

104 3529 224 3596 lormata
246 3545 322 3598 sunt
351 3546 384 3597 et
410 3533 587 3616 aequabilis
618 3534 773 3615 quaedam
797 3537 889 3617 quasi
916 3545 1149 3598 consummatae
1176 3554 1288 3596 amen-

102 3633 227 3700 dationis
257 3639 382 3720 species
411 3637 621 3707 fallionem
651 3638 737 3719 quod
767 3639 959 3702 liitschelius
988 3639 1085 3702 multa
1115 3655 1196 3719 quae
1225 3657 1286 3698 non

103 3741 195 3816 potuit
216 3751 302 3804 certa
325 3743 525 3819 existimare,
559 3741 615 3803 sed
639 3752 673 3803 ut
704 3743 810 3823 aliquo
833 3753 939 3806 lernen
963 3742 1054 3804 modo
1078 3751 1188 3823 poetam
1211 3759 1288 3803 con-

103 3842 213 3906 suleret
234 3844 456 3926 scriberetque
479 3861 561 3926 quae
584 3844 696 3908 saltem
720 3847 860 3926 intellegi
886 3857 1014 3926 possent
1037 3857 1090 3906 aaut
1113 3845 1288 3907 ramsiculo-

105 3962 167 4006 rum
188 3966 337 4010 numeros
359 3949 539 4029 explerent,
565 3958 761 4011 commentus
777 3961 836 4028 est,
863 3951 895 4010 in
913 3951 1012 4030 ipsam
1033 3949 1193 4010 Plautinae
1216 3969 1288 4010 ora-

104 4046 190 4111 tionis
210 4053 325 4114 seriem
351 4053 489 4132 recepit,
515 4053 574 4114 etsi
597 4052 753 4114 vellemus
775 4072 847 4114 euin
871 4054 939 4114 veri
963 4053 1059 4112 nirais
1082 4051 1247 4113 dissimilia
1270 4071 1287 4112 a

104 4162 205 4227 poetae
227 4155 337 4218 verbis
364 4173 544 4236 separasse,
577 4165 683 4216 tamen
714 4157 891 4217 institutam
921 4157 1073 4216 rat-ionem
1101 4166 1288 4235 persecutus

105 4263 147 4314 est
166 4259 249 4320 nullo
271 4261 417 4320 veritatis
439 4257 646 4334 detrimento;
675 4277 745 4320 nam
770 4259 922 4338 singulari
947 4259 1040 4338 plane
1064 4257 1228 4338 diligentia
1252 4277 1287 4318 ea

106 4373 177 4434 quae
199 4363 231 4423 iu
246 4364 386 4443 antiquis
401 4361 494 4423 libris
509 4363 626 4441 scripta
642 4372 716 4424 sunt
738 4360 859 4441 ubique
876 4363 1128 4423 comrrremoravit
1144 4383 1149 4422 :
1176 4380 1288 4423 rerum

105 4458 303 4528 incertissima
325 4465 429 4527 omnia
460 4474 492 4527 et
514 4463 671 4547 quaedam
694 4465 770 4526 lalsa
793 4475 953 4546 tamquam
977 4473 1084 4529 essent
1112 4465 1288 4530 certissima
