3204 5104
324 326 396 398 368
618 343 708 403 lnnnr
730 358 894 402 sncrrcnvu
918 357 1101 402 arenarum
1120 340 1213 400 teor.

322 529 407 611 quod
421 530 628 593 Valckenario
648 528 698 610 (ad
712 529 835 591 Gallim.
855 550 887 610 p.
906 528 977 612 kld)
1005 529 1140 611 placuit,
1167 528 1312 590 Coloneus
1335 527 1384 588 itte
1404 527 1491 588 lacus.

322 633 380 695 sed
403 633 512 696 Cicero
535 634 588 696 illa
610 633 886 695 circumlocutione
915 651 993 695 usus
1022 631 1177 713 estquod
1201 623 1330 693 &lonas
1351 628 1494 708 ambigui-

323 746 420 799 tatem
452 735 589 799 babebat
622 746 754 817 propter
782 737 922 798 Latinam
955 755 1067 798 vocem
1100 734 1275 798 earundem
1309 733 1491 796 litterarum!

322 839 450 902 videtur
479 838 572 902 nobis
598 840 649 900 vir
671 840 807 901 eximius
836 858 907 901 cum
936 839 1013 901 haec
1036 837 1196 901 scribebat
1217 837 1351 900 aliorum
1373 854 1492 916 quemn

322 944 410 1006 leves
433 943 626 1005 ratiunculas
655 943 767 1005 merito
796 942 963 1024 despicere
989 943 1068 1004 solet
1090 942 1194 1023 paullo
1216 959 1314 1021 quam
1336 941 1383 1002 sui
1405 940 1493 1019 ipsius

323 1046 419 1108 luisse
443 1047 587 1108 similior.
634 1064 707 1107 nem
729 1047 755 1108 si
773 1046 882 1108 Cicero
904 1057 939 1108 ut
961 1045 1200 1126 ambiguitatem
1216 1045 1332 1105 vitaret
1346 1041 1385 1104 ad
1399 1042 1492 1103 Coloni

322 1169 437 1213 nomen
460 1149 582 1231 aliquid
605 1148 808 1212 adiciendum
831 1151 970 1233 putavit,
996 1168 1053 1212 cur
1075 1148 1191 1211 adiecit
1214 1147 1299 1228 quod
1322 1147 1431 1207 mimm
1451 1155 1493 1205 ta-
1584 1159 1585 1184 ³

323 1272 395 1314 men
419 1272 488 1315 esse
512 1253 579 1334 ipse
596 1252 771 1333 Madvigius
794 1253 932 1316 latetur?
977 1254 1010 1314 in
1032 1262 1181 1333 promptu
1203 1259 1296 1314 erant
1318 1250 1399 1311 enim
1419 1265 1491 1328 quae

322 1357 402 1417 nihil
430 1356 586 1418 baberent
616 1357 733 1418 insoliti
761 1375 867 1438 neque
898 1357 1071 1419 invenusti.
1124 1355 1243 1418 deinde
1272 1353 1393 1416 etiamsi
1423 1350 1492 1412 scti-

323 1461 437 1541 psisset
461 1460 589 1523 Celonas
612 1460 678 1538 ille,
708 1460 795 1522 nulla
823 1469 928 1522 tamen
958 1459 1034 1522 inde
1064 1469 1132 1522 orta
1154 1467 1238 1521 esset
1263 1455 1444 1536 ambiguitas
1463 1455 1490 1513 iu

323 1582 360 1625 ea
390 1564 531 1625 oratione
561 1582 642 1644 quae
672 1572 734 1625 tota
764 1573 812 1625 est
841 1562 881 1626 de
910 1563 1002 1642 locis,
1032 1564 1222 1644 praesertim
1251 1579 1324 1624 cum
1352 1561 1417 1620 sine
1436 1557 1491 1619 ullo
1584 1547 1585 1590 ³

323 1667 489 1729 intervallo
511 1665 648 1728 addatur
669 1668 755 1729 enirm
778 1666 876 1729 incola
898 1667 1068 1749 Sophocles.
1116 1668 1221 1746 itaque
1250 1665 1278 1726 si
1308 1663 1428 1743 scripsit
1447 1660 1491 1721 Ci-
1584 1677 1585 1700 ³

322 1789 395 1832 cero
427 1770 570 1832 aaaron
599 1770 649 1832 ille
679 1769 777 1846 lomes,
810 1771 962 1843 Quintum
991 1769 1121 1831 fratrem
1151 1767 1339 1830 vocabulum
1368 1767 1491 1827 retinere
1584 1783 1585 1786 ¹

323 1870 397 1934 lecit
421 1891 484 1954 quo
506 1881 598 1934 autea
622 1873 654 1933 in
678 1872 737 1933 hoc
752 1873 916 1954 conloquio
933 1874 1001 1934 Piso
1015 1887 1093 1935 usus
1115 1880 1183 1934 erat
1198 1889 1270 1934 cum
1286 1870 1404 1933 diceret
1420 1873 1491 1930 teoto

324 1979 371 2037 vis
393 1975 606 2038 admonitionis
627 1977 704 2037 inest
727 1977 758 2036 in
781 1975 873 2038 locis:
898 1985 930 2038 et
952 1976 1053 2038 solent
1068 1976 1325 2056 conloquentium
1348 1987 1492 2035 sermones

325 2078 376 2140 illa
399 2081 520 2141 ratione
544 2081 628 2141 inter
650 2097 684 2141 se
700 2080 821 2140 conecti
844 2089 939 2160 atque
962 2079 1105 2144 alius-ex
1120 2079 1179 2140 alio
1195 2077 1360 2158 suspendi.
1405 2075 1492 2138 laten-

324 2181 400 2244 dum
422 2192 471 2244 est
493 2191 598 2244 tamen
621 2181 673 2243 hic
695 2181 825 2262 quidem
848 2193 880 2244 et
903 2183 1018 2244 exilem
1041 2201 1111 2244 esse
1134 2183 1225 2243 istam
1246 2179 1391 2243 vocabuli
1412 2197 1492 2259 repe·

325 2285 466 2347 titionem
483 2294 515 2348 et
529 2285 624 2346 nimis
640 2285 774 2347 eandem
785 2303 893 2346 vocem
911 2285 1080 2347 inculcari:
1098 2286 1245 2366 sequitur
1261 2284 1344 2345 enim
1361 2299 1492 2364 premam

323 2394 422 2450 essent
442 2388 516 2450 boec
537 2391 606 2470 ipso
629 2388 705 2450 loco.
751 2389 778 2449 si
796 2388 893 2468 igitur
906 2388 971 2450 leni
987 2388 1091 2469 aliqua
1108 2387 1278 2450 mutatione
1295 2385 1376 2449 ellici
1391 2384 1491 2466 poterit

323 2500 359 2551 ut
382 2491 493 2552 melior
514 2501 609 2572 atque
633 2492 806 2572 elegantior
833 2491 887 2553 liat
915 2491 1030 2570 oratic,
1060 2490 1215 2553 utendum
1244 2509 1281 2552 ea
1304 2509 1373 2552 esse
1395 2505 1491 2550 oense

324 2591 440 2655 bimus.
487 2602 519 2655 et
540 2594 700 2656 leuissima
724 2613 800 2656 sane
822 2595 994 2656 mutatione
1016 2593 1243 2656 Valckenarius
1272 2593 1397 2673 scripsit
1419 2590 1490 2652 sole

324 2714 399 2757 nens
421 2695 472 2758 ille
494 2696 599 2758 larus:
630 2695 687 2759 sed
714 2697 892 2760 verendum
922 2707 970 2760 est
997 2715 1039 2758 ne
1068 2696 1130 2758 luci
1159 2697 1293 2758 incolam
1321 2697 1424 2758 Cicero
1443 2695 1489 2754 se

324 2799 468 2879 pboclem
502 2818 565 2861 non
599 2798 689 2863 facile
723 2800 852 2863 dixerit.
905 2799 995 2863 addit
1026 2808 1133 2862 autem
1161 2799 1387 2862 Valckenarius
1412 2796 1488 2858 aliam

282 2916 308 2961 tt
323 2903 515 2982 opinionem.
562 2911 652 2984 putat
673 2891 812 2965 fortasse¹
838 2903 982 2966 Coloneus
1006 2921 1076 2964 esse
1104 2901 1296 2980 delendum,
1328 2903 1440 2982 quippe
1457 2895 1489 2959 ab

324 3003 482 3067 eruditulo
497 3004 670 3082 adiectum3
697 3006 774 3068 satis
789 3006 874 3068 enim
890 3006 988 3069 luisse
1003 3006 1030 3068 si
1045 3003 1201 3067 scriberet
1215 3004 1327 3066 Cicero
1350 3003 1398 3066 ille
1411 3003 1488 3074 loon,

322 3125 393 3168 cum
410 3107 544 3170 Gelonus
566 3107 667 3169 doctis
689 3109 752 3170 illis
775 3107 936 3172 sodalibus
957 3118 1051 3171 nctus
1074 3107 1180 3170 luerit.
1220 3125 1334 3170 verum
1357 3107 1412 3168 hcc
1431 3104 1491 3184 qui-

322 3207 395 3272 dem
417 3211 645 3273 Valckenarius
668 3213 773 3274 minus
796 3213 928 3292 cogitate
954 3213 1092 3292 scripsit.
1140 3209 1236 3273 luerit
1259 3209 1395 3272 Gelonus
1414 3205 1489 3270 scds-

321 3311 407 3375 libus
428 3314 491 3376 illis
514 3315 714 3376 notissimus:
744 3314 842 3377 nihilo
865 3317 971 3376 minus
992 3312 1249 3395 prospiciendum
1273 3321 1343 3375 erat
1366 3309 1489 3374 Ciceroni

320 3425 357 3477 ut
379 3417 433 3498 qui
457 3416 535 3480 haec
557 3416 702 3497 legerent
730 3417 880 3480 adcurate
910 3419 1013 3480 omnia
1035 3433 1072 3478 ac
1093 3417 1162 3478 sine
1184 3415 1382 3478 dubitatione
1402 3412 1490 3495 perci-

321 3527 446 3599 perent.
493 3518 579 3599 quod
600 3529 705 3582 autem
720 3519 867 3582 Bromius
889 3521 1023 3582 coniecit
1045 3518 1149 3582 deleto
1171 3519 1230 3580 loci
1252 3517 1405 3582 vocabulo
1425 3515 1489 3578 scn'·

321 3619 461 3683 bendum
479 3639 549 3684 esse
568 3621 695 3685 Colonns
711 3622 778 3699 ille,
802 3622 866 3684 vile
889 3632 922 3685 et
938 3620 1042 3684 futtile
1058 3621 1225 3684 artificium
1249 3632 1309 3684 est.
1356 3641 1411 3684 nos
1424 3617 1488 3682 nibil

321 3721 452 3803 quidem
475 3723 564 3786 firme
587 3723 830 3804 adseveramus,
856 3724 914 3788 sed
937 3726 994 3788 hoc
1016 3743 1202 3805 persuasum
1227 3722 1397 3804 babemus,
1420 3721 1488 3785 omni

321 3826 554 3908 vituperatione
577 3828 748 3890 carituram
771 3847 841 3890 esse
863 3829 1036 3891 orationem
1064 3828 1089 3888 si
1116 3827 1342 3907 scripserimus
1365 3827 1488 3889 aotam

322 3929 372 3991 itte
400 3948 494 3991 neve.
540 3948 603 3993 non
633 3950 745 4012 magna
776 3941 825 3993 est
853 3933 983 3994 mutatio
1013 3939 1044 3992 et
1074 3928 1221 3992 facillime
1252 3927 1323 3991 lieri
1351 3931 1445 4011 potuit
1462 3935 1487 3988 ut

323 4031 473 4096 librarius
494 4032 535 4096 ad
549 4053 659 4096 vocem
683 4052 777 4114 quam
800 4045 892 4096 antea
914 4033 965 4095 bis
987 4034 1156 4113 scripserat
1170 4030 1349 4097 aberraret.
1395 4025 1486 4115 δήμοις

322 4135 373 4196 vel
401 4131 506 4219 κώμας
536 4156 608 4198 cum
637 4137 690 4200 alii
719 4137 828 4216 multi,
865 4145 931 4198 gum
962 4138 1030 4216 ipse
1057 4135 1248 4215 aliquotiens
1277 4136 1397 4198 Tullius
1423 4135 1485 4194 ciem

321 4236 419 4300 dixit:
452 4237 493 4300 de
523 4239 657 4320 imperio
680 4240 737 4301 Cn.
763 4239 899 4319 Pompeii
929 4237 988 4321 §5
1019 4237 1178 4318 Bithyniae
1198 4269 1242 4284 -·
1272 4239 1355 4300 vicos
1381 4242 1483 4300 earnm

322 4357 386 4402 esse
408 4341 586 4422 complanes,-
610 4362 668 4423 pro
682 4342 810 4404 Fonteio
832 4339 850 4424 §
867 4342 905 4402 l9
921 4343 1002 4422 siqui
1017 4339 1230 4418 Cobiomacho,
1254 4342 1309 4421 oui
1321 4342 1403 4404 metes
1422 4341 1482 4400 mter

326 4443 459 4506 Tolosam
482 4451 510 4506 et
531 4442 702 4507 Narbonem
724 4452 785 4522 est,
810 4443 1049 4506 decantarentur.
