3268 5108
224 422 321 485 Saum
345 441 560 486 rsrrsrsrrrrrs
583 441 772 484 trrrmuur
794 424 971 485 aaronica:
994 421 1174 483 Gerasam.
1247 405 1293 478 19

109 611 290 674 conturbata
308 623 384 675 sunt
406 613 664 694 philosophorum
680 611 881 693 quorundam
904 613 1077 694 ingeniosis
1097 609 1293 674 lusionibus:

109 733 297 795 quamquam
321 715 366 776 illi
394 733 458 776 non
481 714 595 778 ludere
618 735 652 778 se
676 715 842 797 putabant,
872 714 931 778 sed
953 725 1085 778 strenuo
1114 713 1221 776 labore
1243 733 1297 776 ar·

109 836 180 880 cana
203 829 238 880 et
259 819 380 882 occulta
395 819 500 881 omnia
523 821 557 882 in
571 820 779 882 clarissimam
802 820 905 881 lucem
928 819 1115 901 protrahere
1131 818 1310 899 vulgares-¹

109 939 165 1000 que
195 931 229 984 et
258 923 359 986 veluti
388 921 535 984 sordidas
562 921 723 985 doctrinas
752 941 793 984 ex
822 921 935 986 humili
969 923 1034 985 loeo
1068 921 1108 984 ad
1138 920 1297 1002 quoddam

109 1025 193 1104 qmsi
218 1023 431 1088 editissimum
460 1027 599 1107 purioris
628 1027 804 1107 sapientiae
834 1027 961 1088 culmen
989 1024 1179 1107 perducere,
1209 1023 1296 1088 unde

107 1127 213 1190 divina
237 1129 438 1210 humanaque
452 1130 558 1194 omnia
581 1138 708 1210 totaque
732 1148 840 1192 rerum
863 1139 976 1194 notura
998 1148 1061 1192 uno
1083 1127 1195 1191 obtutu
1217 1147 1298 1190 una-

109 1249 164 1311 que
188 1234 377 1312 cogitatione
401 1232 763 1314 comprehenderentur.
811 1251 946 1312 quorum
975 1231 1073 1294 libros
1102 1251 1174 1294 eum
1203 1231 1297 1294 hodie

109 1335 252 1416 legimus,
278 1334 474 1400 delectamur
496 1354 592 1416 saepe
615 1354 677 1397 non
700 1335 794 1398 aliter
822 1345 920 1417 atque
950 1346 1114 1418 poetarum
1137 1335 1294 1397 inventis:

109 1447 137 1498 et
158 1437 257 1502 habet
279 1441 338 1502 ista
361 1437 604 1520 philosophandi
628 1427 712 1502 ratid
729 1458 928 1502 communem
944 1459 1015 1503 curn
1039 1441 1125 1521 poesi
1148 1438 1339 1502 similitu-to

108 1540 217 1604 dinum
244 1543 528 1622 consectationem,
563 1543 625 1604 nisi
653 1541 739 1622 quod
768 1552 880 1623 poetae
910 1552 1094 1606 ornamenta
1122 1542 1297 1604 carminum

110 1645 180 1708 inde
204 1657 366 1728 quaerunt
393 1647 626 1727 pulchramque
652 1646 824 1726 imaginum
847 1647 1005 1728 speeiem,
1038 1645 1215 1728 philosophi
1239 1644 1296 1723 illi,

110 1748 263 1829 ingeniosi
291 1767 369 1812 sane
399 1750 554 1829 homines,
586 1747 664 1812 dum
694 1767 804 1810 rerum
830 1769 941 1814 causas
967 1749 1010 1813 ad
1031 1751 1199 1813 veritatem
1229 1747 1300 1812 exi-

108 1871 180 1932 gere
203 1852 267 1915 sibi
290 1852 453 1933 videntur,
479 1852 644 1916 [allecibus
665 1853 844 1916 simulacris
865 1851 1057 1917 abutuntur:
1091 1852 1171 1916 illud
1193 1861 1299 1916 autem

108 1957 159 2018 vix
181 1957 409 2038 intellegimus,
436 1959 491 2038 qui
514 1957 584 2020 fieri
608 1957 748 2038 potuerit
768 1967 804 2020 ut
826 1957 1009 2038 opinionum
1026 1965 1201 2019 commenta
1225 1975 1300 2037 par-

108 2060 160 2122 tim
188 2081 206 2122 a
235 2061 397 2148 communi
426 2079 524 2123 sensu
553 2060 645 2140 longe
674 2058 880 2122 abhorrentia
910 2069 942 2122 et
971 2079 1073 2142 paene
1107 2061 1300 2122 somniorum

108 2163 220 2226 similia
244 2174 411 2246 totumque
434 2163 515 2227 illud
539 2162 757 2226 immodestius
780 2162 1023 2244 philosophandi
1042 2164 1190 2245 ultraque
1206 2181 1300 2244 quam

108 2265 289 2330 hominihus
313 2267 422 2332 datum
445 2277 495 2330 est
516 2266 663 2348 sapiendi
684 2266 827 2330 studium
850 2265 1013 2330 illecebris
1035 2269 1102 2330 suis
1129 2267 1300 2330 multorum

108 2371 227 2432 animos
260 2380 324 2434 tam
359 2370 416 2433 diu
444 2373 612 2433 irretirent
639 2380 672 2432 et
699 2389 718 2432 a
747 2379 833 2432 recta
867 2389 975 2432 rerum
1007 2369 1301 2451 investigandarum

110 2475 228 2537 ratione
258 2473 484 2556 cogitandique
508 2472 694 2536 salubritate
718 2483 750 2537 et
771 2474 907 2536 sanitate
925 2472 1134 2537 abducerent.
1183 2473 1299 2535 nihilo-

108 2577 212 2640 minus
240 2587 348 2640 tamen
379 2576 556 2640 cavendum
587 2587 636 2640 est
665 2597 705 2640 ne
737 2579 770 2639 in
799 2576 963 2640 erroribus
993 2578 1063 2641 istis
1093 2575 1173 2639 nihil
1201 2577 1300 2639 luisse

109 2679 268 2743 laudabile
299 2691 449 2763 putemus
472 2681 559 2742 eisve
582 2682 793 2744 assentiamur
822 2683 878 2762 qui
907 2700 1033 2743 omnem
1057 2681 1299 2762 philosophiam,

109 2786 256 2864 quoniam
286 2785 361 2848 olim
388 2784 521 2848 luerunt
550 2786 606 2865 qui
637 2803 675 2846 ee
702 2782 928 2863 abuterentur,
967 2783 1008 2846 ah
1038 2785 1097 2846 hcc
1124 2783 1303 2847 studiorum

108 2906 228 2965 genere
255 2897 418 2970 tamquam
445 2889 658 2969 perniciosum
687 2888 829 2969 aliquem
858 2887 1005 2950 morbum
1032 2886 1202 2950 arcendam
1231 2905 1301 2950 esse

109 2992 301 3054 existimant.
350 2993 411 3054 etsi
435 2993 521 3054 enim
551 2991 630 3054 illud
661 3010 769 3056 rerum
799 2991 940 3053 omnium
970 3010 1052 3072 quae
1078 3001 1133 3055 aut
1154 2988 1303 3053 sensibus

108 3105 162 3156 aut
184 3095 405 3176 intellegentia
427 3095 652 3176 percipiuntur
674 3095 863 3157 cohaerente
886 3096 1073 3176 cogitatione
1089 3095 1304 3176 compleoten-

108 3196 222 3262 darum
242 3208 342 3280 atque
363 3197 405 3262 ad
427 3198 557 3261 easdem
579 3199 667 3280 leges
690 3197 932 3261 relerendarum
955 3197 1096 3262 studium
1123 3208 1155 3260 et
1177 3199 1209 3259 in
1232 3197 1304 3258 illo-

111 3321 180 3362 mm
216 3301 473 3384 philosophorum
502 3301 667 3365 conatibus
698 3302 849 3364 maiorem
878 3301 990 3364 hahuit
1022 3303 1177 3384 impetum
1208 3319 1303 3382 quam

109 3415 261 3468 eventum
295 3415 330 3468 et
356 3406 488 3468 minime
520 3405 716 3488 sperandum
746 3416 795 3472 est
828 3404 895 3467 iore
928 3423 1079 3486 umquam
1111 3415 1149 3468 ut
1176 3403 1304 3466 omnino

109 3508 268 3588 succedat,
301 3511 406 3591 ipsum
435 3518 540 3571 tamen
570 3507 710 3572 studium
740 3527 777 3572 ee
799 3508 999 3572 desiderium
1021 3509 1065 3571 ita
1093 3527 1165 3570 cum
1187 3509 1305 3570 mentis

109 3611 266 3676 humanae
290 3623 404 3676 nature
426 3597 629 3676 coniunctum
652 3611 747 3692 eique
771 3613 902 3675 insitum
925 3622 975 3675 est
1003 3621 1039 3675 ut
1060 3609 1304 3694 temperandum

110 3715 242 3796 quidem
263 3718 306 3779 sit
328 3715 483 3778 modestia
506 3716 729 3796 humanaeque
753 3715 980 3778 imbecillitatis
1002 3714 1194 3780 conscientia
1218 3714 1305 3776 cohi-

111 3817 318 3900 bendamque
348 3821 584 3882 accuratissima
613 3818 780 3900 diligentia
809 3819 850 3882 ab
877 3821 963 3882 omni
992 3819 1144 3901 opinandi
1173 3819 1305 3880 temeri-

110 3932 186 4004 tate,
223 3923 280 3986 sed
302 3923 480 3986 oblitterari
508 3933 541 3986 et
570 3923 636 3986 tolli
664 3943 771 4004 neque
801 3921 918 3986 debeat
950 3941 1057 4004 neque
1088 3939 1163 3986 vero
1192 3923 1301 4004 possit.

110 4025 197 4106 qnod
221 4037 326 4090 autern
349 4027 423 4090 olim
446 4026 549 4090 abusu
571 4025 789 4108 philosophiae
817 4046 876 4090 neo
898 4028 976 4090 satis
998 4027 1175 4108 perspectis
1197 4043 1304 4088 rerum

111 4131 219 4193 causis
244 4140 370 4212 etrmpta
398 4139 474 4194 sunt
502 4149 584 4211 quae
616 4130 722 4192 inania
745 4149 816 4192 esse
846 4131 941 4194 hodie
971 4141 1103 4210 constat,
1135 4139 1305 4212 propterea

112 4253 176 4296 non
198 4233 397 4297 eredendum
419 4243 469 4296 est
489 4233 531 4296 ad
554 4235 622 4315 ipsa
646 4252 754 4296 rerum
776 4234 935 4316 principia
955 4233 1131 4296 doctrinam
1154 4231 1305 4315 progredi

114 4355 206 4418 posse
230 4357 286 4418 por
305 4339 371 4402 sela
386 4337 605 4420 experimenta
620 4347 676 4400 aut
690 4337 785 4401 aliter
801 4357 895 4419 quam
910 4336 1172 4419 philosophando.
1210 4353 1306 4419 prae·

113 4451 201 4504 terea
224 4443 401 4521 periculum
424 4451 548 4522 estne,
580 4443 607 4504 si
630 4443 765 4504 iuvenes
786 4459 865 4504 sane
888 4459 983 4522 quam
1012 4439 1164 4504 laudabili
1187 4459 1224 4503 ac
1246 4459 1306 4503 ne·

114 4546 252 4608 cessario
277 4565 387 4610 rerum
416 4546 608 4610 namralium
636 4543 834 4626 experiendo
864 4543 1091 4610 discendarum
1126 4543 1231 4608 studio
1264 4545 1305 4606 ita

1063 4664 1099 4715 2!
