3184 5108
302 349 376 426 252
597 361 686 424 lunas
708 379 874 425 eaortoura
897 378 1076 424 aasrrvonva
1100 360 1194 421 l863.

386 561 563 631 strumque.
610 550 734 632 siquem
756 569 791 614 oa
806 547 950 614 eiusdem
974 549 1108 630 pupugit
1130 550 1302 630 serpentis,
1329 569 1384 630 pro
1404 559 1474 612 tactu

387 655 517 736 vipereo
539 662 650 718 tumet.

453 757 506 820 2³.
546 758 582 819 ln
604 757 654 820 bis
678 757 764 819 enim
793 765 958 837 poetarum
987 753 1169 821 fictionibus
1191 754 1385 820 describitur
1406 757 1475 837 quod

387 878 507 940 angues
536 860 654 942 gemini
690 878 761 924 cum
792 859 941 923 monstris
970 868 1001 922 et
1030 858 1134 922 nubes
1167 877 1208 924 ex
1234 868 1310 922 aere
1342 859 1476 922 latrantes

258 974 291 1020 aa
323 966 342 1026 5
389 963 587 1045 Cleopatram
613 961 655 1028 ad
677 963 783 1026 Nilum
805 961 968 1044 fugassent
991 948 1198 1042 exterritam,¹
1228 980 1402 1044 quaecum
1423 960 1476 1027 bn-
1562 965 1563 986 ¹

386 1067 471 1130 tonio
501 1076 610 1130 contra
640 1067 808 1130 Caesarem
843 1066 954 1130 navale
989 1065 1146 1146 proelium
1183 1067 1292 1146 gessit.
1350 1075 1381 1128 et
1410 1067 1476 1127 siout

387 1171 461 1233 huic
483 1169 684 1234 mendacium
706 1189 723 1232 a
746 1178 835 1252 tergo
858 1171 986 1250 reginae
1015 1177 1154 1231 monstra
1180 1178 1212 1230 et
1235 1187 1356 1249 angues
1383 1168 1477 1230 fincxit

387 1274 571 1352 aethereos,
609 1274 652 1336 ita
683 1284 715 1335 et
743 1271 870 1336 fallaces
904 1281 1066 1354 poetarum
1101 1269 1227 1336 fabulae
1258 1271 1319 1334 sibi
1356 1271 1477 1352 plurima
1563 1303 1564 1308 κ

387 1395 470 1458 quae
492 1396 555 1440 non
580 1377 659 1440 liunt
681 1377 859 1439 voluntarie
882 1375 1015 1458 fingunt.

454 1481 506 1543 bl.
546 1479 660 1542 Dicunt
683 1499 811 1560 quoque
833 1479 1036 1560 Tisiphonem
1065 1487 1142 1560 aput
1170 1476 1290 1541 inferos
1320 1479 1478 1559 sanguinea

388 1583 470 1668 palla
492 1584 685 1645 succinctam
708 1591 740 1644 et
761 1582 928 1644 animabus
950 1585 1080 1663 vipereo
1102 1581 1224 1662 llagello
1248 1591 1412 1644 nocentem
1432 1600 1478 1642 ur-

387 1686 438 1748 bis
467 1705 597 1748 servare
620 1685 827 1748 vestibulum.
874 1704 969 1769 quam
998 1686 1117 1768 triplici
1146 1704 1237 1748 muro
1267 1684 1478 1749 circumdatam

388 1800 420 1852 et
449 1789 593 1852 flammeo
623 1787 754 1852 flumine
777 1789 1086 1872 Pyriphlegethontis
1108 1789 1250 1878 ‘lartarei
1281 1789 1475 1862 mentiuntur,

388 1895 443 1973 qui
467 1891 599 1974 rapidis,
631 1903 667 1956 ut
688 1902 812 1974 putant,
845 1892 974 1973 ignibus
996 1910 1071 1956 saxa
1094 1893 1325 1955 murmurantia
1353 1901 1477 1972 torquet.

334 1998 339 2012 '
389 2007 420 2058 et
443 1995 567 2076 lingunt
589 1995 722 2077 hydram
745 1997 882 2059 interius
903 1995 994 2058 urbis
1017 1997 1116 2077 ipsius
1131 1994 1328 2059 vestibulum
1349 2013 1476 2068 servare,

388 2117 469 2180 quoe
493 2098 549 2177 ibi,
579 2109 616 2161 ut
637 2099 846 2178 arbitrantur,
876 2119 947 2162 curu
971 2118 987 2161 ι
1011 2099 1169 2181 capitibus
1191 2101 1373 2161 Tartaream
1398 2096 1478 2159 bebi·
1565 2153 1566 2168 ,

386 2213 432 2265 tat
454 2201 575 2265 sedem.
1565 2195 1566 2198 '

453 2307 505 2368 95.
546 2307 581 2367 ln
605 2307 654 2368 bis
677 2324 815 2388 namque
838 2306 1043 2388 serpentibus
1059 2325 1138 2387 quos
1153 2307 1304 2386 superius
1320 2303 1479 2384 descripsi-

389 2427 459 2472 mus
482 2408 639 2489 quaedam
661 2429 748 2488 vera,
775 2409 931 2491 quaedam
955 2429 1091 2491 namque
1114 2410 1200 2472 omni
1221 2413 1357 2473 veritate
1379 2425 1479 2470 caren-

388 2513 431 2574 tia
466 2514 684 2592 reporiuntur.
742 2522 816 2576 sunt
850 2532 977 2594 quoque
1011 2513 1141 2595 plurimi
1174 2512 1279 2576 adbuc
1316 2511 1478 2594 serpentini

388 2617 516 2696 generis
546 2635 677 2698 angues,
710 2625 746 2679 ut
773 2610 925 2699 dipsades
953 2617 1055 2697 reguli
1085 2615 1344 2680 haemorrhoides
1372 2613 1479 2697 spelegi
1566 2647 1567 2656 .

388 2719 542 2798 natrices,
586 2717 627 2781 de
661 2718 780 2802 quibus
813 2721 876 2782 iarn
909 2721 988 2782 nibil
1022 2720 1183 2802 singulare
1218 2730 1250 2783 et
1284 2719 1479 2782 admiratione

389 2821 521 2904 dignum
544 2823 686 2904 repperi.

389 3017 414 3062 t.
433 3012 566 3078 popungit
583 3011 613 3063 A.
695 3012 779 3078 praet
867 3017 891 3064 t.
912 3011 1085 3066 linctionibus
1103 3013 1261 3064 discribitur
1279 3013 1308 3067 Α.
1398 3014 1420 3061 t.
1439 3021 1480 3060 ee-

302 3111 347 3150 rae
365 3097 395 3148 l.
450 3111 502 3148 ooo
522 3096 591 3162 sopit
612 3097 742 3148 Trorrium
758 3100 844 3150 mim
864 3100 961 3150 obirem
978 3111 1101 3150 eoscum
1123 3099 1227 3163 Vergilii
1244 3098 1308 3150 Aoo.
1329 3110 1372 3147 our
1390 3097 1436 3148 tte
1448 3107 1478 3142 es.

303 3185 396 3250 regina
414 3183 440 3236 in
460 3182 557 3236 mediis
574 3184 661 3248 patrlo
679 3187 758 3236 voeot
778 3184 885 3248 agmine
904 3185 983 3236 sistro
1002 3184 1126 3238 Necdum
1145 3186 1226 3236 etiem
1243 3185 1366 3248 geminos
1382 3197 1397 3234 a
1415 3185 1479 3242 tergo

302 3270 412 3336 respicit
433 3280 546 3332 angues.
584 3267 819 3336 omnigenumque
842 3269 924 3322 deum
948 3273 1069 3322 monstra
1092 3273 1120 3322 et
1142 3269 1254 3324 latrator
1271 3268 1374 3322 anobis
1391 3268 1480 3319 contre

301 3356 456 3422 Neptunum
481 3357 508 3406 et
525 3353 657 3406 Venerem
680 3359 826 3422 contraque
845 3357 994 3408 Minervam
1011 3356 1074 3408 Tele
1097 3359 1197 3408 torem.
1240 3357 1327 3408 saevit
1351 3353 1435 3404 medio
1456 3352 1479 3400 in

301 3443 450 3497 certamine
468 3442 574 3492 llnvors
590 3439 716 3491 Caelatus
734 3440 805 3494 lorro
823 3443 967 3507 tristesque
985 3456 1019 3494 ex
1037 3443 1146 3494 aethere
1165 3442 1253 3494 Dirae.
1291 3443 1370 3492 cubes
1387 3441 1480 3490 latron-

302 3535 340 3581 tea
357 3543 392 3582 ete
410 3530 536 3582 intrature
553 3525 638 3578 Aeoli
654 3527 764 3580 stultitia
780 3527 840 3592 fecit
863 3541 916 3578 noo
934 3529 1037 3580 librarii
1059 3530 1104 3582 scd
1121 3531 1203 3592 ipsios
1226 3530 1384 3580 narrum.

302 3620 327 3670 t.
353 3614 522 3668 uoluntariae
546 3611 576 3664 Δ.
679 3616 720 3664 lt.
746 3613 873 3664 stilooem
896 3615 926 3666 Δ.
1034 3618 1075 3664 tt.
1101 3613 1171 3680 polle
1194 3613 1232 3664 A:
1261 3612 1333 3678 pulta
1353 3611 1479 3664 succincta

301 3703 412 3757 cruente
436 3700 561 3766 Vergilius
578 3697 640 3748 Aeo.
661 3711 687 3748 ru
706 3701 766 3766 abt,
793 3713 869 3764 qoem
893 3701 956 3752 boec
979 3703 1098 3752 aemulo
1122 3703 1245 3763 smaitor.
1330 3694 1479 3750 animalibus

301 3787 331 3842 A.
404 3790 446 3838 lt.
466 3785 671 3852 pirellgetonltis
690 3787 830 3838 tartarid:
853 3787 920 3851 coos.
941 3787 1012 3852 Vero.
1033 3800 1058 3836 o.
1074 3789 1133 3836 att.
1223 3789 1265 3836 tt.
1285 3783 1377 3848 ydram
1391 3782 1421 3833 A.
1454 3781 1481 3830 rte

300 3874 350 3926 buo
372 3874 445 3937 Verp.
464 3887 490 3924 o.
505 3876 566 3924 bib.
660 3876 703 3924 at.
732 3876 762 3924 ut
785 3871 912 3924 bidsedes
937 3871 1021 3935 reguli
1044 3871 1173 3922 bemures
1196 3870 1298 3936 spelagi
1322 3869 1436 3920 nutrices
1452 3865 1478 3914 A.

300 3958 403 4024 spelagi
423 3958 536 4021 ioricam
558 3965 619 4010 tuot
643 3959 785 4024 salpugas:
814 3963 882 4010 corte
900 3960 971 4021 opud
987 3959 1116 4008 locorum
1133 3959 1199 4021 orig.
1213 3969 1248 4007 xu
1269 3959 1282 4005 t
1303 3961 1344 4016 tt,
1368 3954 1479 4010 mvsa·

301 4050 330 4095 ot
348 4046 459 4106 uidetur,
485 4045 584 4096 tooooo·
602 4057 681 4096 verso
700 4059 724 4095 rx
743 4046 802 4106 stt,
823 4047 861 4096 cst
878 4042 999 4108 salpuga,
1019 4055 1130 4108 serpens
1148 4055 1219 4108 quae
1237 4055 1291 4093 nou
1309 4041 1422 4094 videtur.

300 4134 343 4184 ts.
363 4127 423 4180 linit
440 4130 474 4182 de
493 4130 664 4196 serpentibus
681 4130 733 4182 deo
751 4130 849 4194 gratias
866 4141 947 4180 emen
965 4129 996 4179 A.

795 4339 798 4346 ι
807 4334 924 4348 Νυννννν
929 4335 956 4348 vv
963 4335 999 4346 nm.
