3184 5108
301 375 375 447 268
594 390 683 450 lanes
705 407 873 451 enarrem
896 407 1079 452 arsennaria
1098 389 1191 448 teti.

306 577 356 656 (de
378 577 609 658 tranquillitate
631 577 738 660 animi)
764 579 784 639 2
810 579 847 638 to
870 575 908 660 (8)
937 577 1006 639 inde
1030 595 1151 639 maeror
1173 594 1354 659 marcorque
1376 584 1404 639 et
1425 595 1481 636 aas

299 681 411 762 [laetae
438 681 546 743 mentis
574 681 716 756 incertae,
747 697 838 761 ptam
868 698 936 761 spes
964 698 1130 742 manaim
1158 678 1269 742 iabmt
1295 696 1478 760 suspensam,

301 801 488 848 neruorum
511 786 645 845 tristem:
675 781 842 864 legebatur
866 783 958 859 mille,
990 792 1058 844 tum
1080 783 1220 846 inchoata
1249 793 1280 844 et
1309 781 1480 863 deplorato;
1573 853 1574 884 1

302 905 376 968 pers
398 884 553 947 librorum
576 885 627 948 ille
649 895 681 948 et
703 903 772 967 spes
794 885 968 962 inchoatae,
1000 885 1122 966 scripti,
1153 892 1189 948 ut
1209 883 1349 966 videtur,
1381 904 1482 947 omnes

300 990 490 1072 deploratam
510 988 561 1050 vel
585 996 613 1051 et
626 988 825 1070 deploratam.
872 987 983 1052 diel.x
1010 986 1059 1071 (de
1082 987 1239 1051 brevitate
1254 987 1348 1070 vitae)
1370 986 1479 1069 ⁷⁹i5l
1573 963 1574 1016 ³

301 1101 334 1156 at
362 1093 412 1155 ille
440 1093 494 1174 qai
519 1091 637 1154 nallnm
666 1109 726 1152 aon
754 1098 870 1174 tempas
898 1093 930 1154 in
958 1109 1034 1154 aens
1062 1108 1133 1154 snos
1155 1090 1280 1172 confert,
1312 1093 1367 1173 qai
1390 1109 1483 1152 omnes

301 1196 365 1259 dies
393 1203 548 1276 tamquam
576 1212 704 1256 ramma
734 1193 872 1270 ordinat,
910 1213 964 1257 nec
991 1203 1074 1276 optat
1106 1195 1275 1258 crastinam
1302 1212 1358 1256 nec
1390 1199 1480 1256 timet:
1573 1239 1574 1260 r

278 1297 378 1362 tlibri
400 1299 505 1360 vlam.
553 1297 586 1359 in
609 1295 721 1359 eodem
742 1292 825 1359 libro
850 1297 888 1358 te
912 1287 930 1360 3
955 1284 1004 1380 (il
1034 1305 1067 1360 ta
1089 1296 1208 1379 quidem
1229 1295 1310 1359 orbis
1334 1305 1482 1359 terraram
1573 1267 1574 1304 l

302 1403 436 1464 rationes
458 1399 658 1464 administrat
680 1407 743 1462 tam
764 1398 949 1462 abstinenter
977 1418 1068 1482 pram
1090 1401 1220 1478 alienas,
1249 1407 1310 1462 tam
1331 1399 1483 1482 dilipeater
1573 1381 1574 1432 l

302 1523 393 1587 qaam
416 1511 496 1582 taos,
529 1509 592 1564 tam
613 1503 753 1586 religiose
774 1521 866 1586 qaam
887 1523 1009 1565 sannas:
1042 1502 1116 1565 libri
1142 1501 1292 1584 publicas,
1325 1501 1411 1582 quod
1432 1501 1483 1564 aa

303 1606 436 1670 sardum
459 1613 508 1668 est
531 1614 562 1667 et
584 1604 699 1668 cedere
722 1603 819 1668 debet
840 1607 1008 1668 verissimo
1029 1605 1192 1684 vocabulo,
1217 1623 1410 1686 quemqrmm
1432 1603 1483 1666 de-

302 1710 497 1792 pravationis
525 1723 619 1772 rause
647 1727 711 1770 non
740 1717 838 1789 petet.
886 1707 960 1771 dial.
985 1727 1015 1770 rr
1050 1707 1099 1790 (ed
1122 1707 1292 1791 Polybium]
1321 1707 1355 1768 ii
1385 1705 1478 1788 etet}
1573 1731 1574 1802 p

303 1814 366 1896 tege
387 1819 498 1895 quanto
521 1813 633 1893 spirita
660 1811 829 1894 inpentrimr
858 1813 1026 1876 intonaen'r
1047 1821 1163 1874 miore:
1193 1811 1318 1894 pudebit
1346 1810 1483 1874 amota

302 1916 426 1997 deficere
449 1923 477 1977 et
498 1933 540 1976 era
562 1921 647 1977 tanta
669 1915 816 1978 orationis
841 1916 1048 1998 mopnimdine
1070 1915 1252 1977 descieme:
1283 1913 1359 1976 libri
1387 1913 1481 1976 rebar.

302 2017 378 2080 dial.
397 2035 439 2078 ru
466 2015 516 2098 (ad
538 2017 730 2100 Helviemlt
755 2018 772 2078 i
796 2019 921 2080 creanti
944 2017 999 2080 tao
1021 2035 1163 2096 moereo,
1194 2035 1285 2099 paam
1312 2025 1345 2080 ta
1372 2017 1482 2100 miden

303 2123 385 2183 omni
406 2121 541 2203 obsequio
564 2125 592 2182 et
612 2123 722 2202 pietate
743 2127 858 2203 quanta
880 2121 929 2184 vel
956 2124 989 2183 in
1007 2121 1074 2203 lilia
1096 2137 1215 2184 corana
1241 2129 1339 2202 potest
1363 2127 1483 2183 matrem

298 2225 370 2305 fieri
389 2225 528 2307 coepr'sti:
559 2222 634 2285 libri
657 2226 798 2306 conspici.
845 2223 879 2286 in
903 2223 1013 2287 eodem
1042 2223 1124 2286 libro
1148 2225 1188 2285 to
1212 2225 1231 2285 6
1253 2222 1290 2306 (5)
1320 2224 1482 2286 Corneliam

302 2344 345 2389 era
366 2327 521 2389 drmdecim
542 2325 647 2389 liberie
674 2326 715 2389 ad
736 2327 812 2390 dact
831 2326 960 2408 [ortana
981 2325 1149 2412 redegerat.
1196 2329 1227 2390 ri
1251 2345 1417 2388 numerare
1437 2326 1456 2408 s
1471 2359 1485 2370 -

301 2447 379 2492 aera
410 2429 567 2492 Corneliae
593 2430 704 2506 velles,
742 2431 890 2492 omiserat
917 2431 1036 2507 decem·
1074 2431 1104 2493 ei
1130 2432 1307 2508 aestimare,
1346 2431 1485 2491 amiserat

303 2531 465 2595 Geneatae
516 2531 657 2613 {lemniae
693 2539 792 2594 tamen
820 2534 904 2595 cirea
932 2550 965 2595 se
993 2541 1022 2596 et
1045 2533 1146 2616 (mam
1173 2533 1238 2595 eiras
1274 2529 1484 2594 caenantibus

301 2634 462 2697 interdicit
489 2648 528 2696 ne
552 2635 711 2717 [ortanam
738 2640 920 2699 accusarent
953 2655 1031 2719 qaae
1060 2636 1119 2700 ariri
1145 2635 1224 2717 filios
1254 2633 1406 2697 Gracchos
1434 2651 1484 2694 in·

301 2752 437 2800 enasssr:
471 2736 546 2799 libri
568 2737 707 2818 dedisset,
740 2737 826 2820 qaod
854 2738 968 2802 falsum
999 2756 1069 2802 esse
1098 2740 1249 2802 evincunt
1275 2755 1358 2819 quae
1385 2738 1483 2799 stetim

300 2839 474 2920 adduntur,
505 2859 548 2903 eoo
573 2840 631 2905 lae
648 2840 766 2924 semina
788 2841 890 2904 debuit
915 2843 1004 2906 nasci
1024 2845 1077 2924 qai
1097 2841 1210 2905 diceret
1230 2843 1262 2904 in
1284 2842 1418 2904 contione
1446 2839 1484 2900 ‘tu

300 2946 396 3007 matri
415 2961 499 3007 meae
520 2943 696 3022 maeones,
727 2961 804 3027 qaae
826 2961 872 3008 me
892 2945 1046 3028 peperlti'
1080 2945 1173 3008 multo
1194 2943 1270 3008 mili
1295 2951 1359 3005 voat
1380 2943 1484 3004 matris

301 3047 423 3110 videtur
451 3048 635 3112 armorior:
670 3050 754 3130 filias
781 3062 892 3132 acapna
921 3050 1094 3111 aestimavit
1123 3047 1329 3112 Gracchorum
1356 3047 1481 3121 natales,

300 3157 399 3213 mater
420 3159 449 3213 et
466 3152 591 3234 funera.
639 3151 680 3215 de
703 3151 869 3214 beneflciis
889 3171 910 3212 v
928 3151 1004 3214 tit
1036 3153 1088 3215 cai
1108 3168 1175 3230 nso,
1200 3153 1252 3214 cni
1272 3151 1418 3235 litigatori
1436 3149 1484 3210 de-

297 3253 386 3335 fenso
414 3261 477 3316 tam
498 3257 603 3338 mapni
630 3253 762 3338 beneficii
785 3255 871 3320 altra
898 3271 949 3318 ret
976 3257 1141 3337 pommus
1169 3255 1316 3317 memoria
1342 3253 1485 3316 duravit?

300 3355 375 3418 iibri
400 3359 507 3439 inepte
529 3377 612 3442 rapo.

387 3461 467 3522 Hinc
500 3461 561 3522 iem
596 3461 820 3542 progredimur
853 3461 894 3525 ad
928 3469 1035 3524 nostre
1069 3459 1277 3542 proferenda:
1319 3459 1484 3541 selegimus

300 3569 405 3625 entem
442 3563 517 3625 talia
549 3561 589 3626 de
624 3563 741 3646 quihus
778 3565 914 3646 simplex
951 3563 1104 3626 iudicium
1141 3563 1211 3625 lieri
1243 3572 1351 3645 posset
1383 3581 1483 3643 neque

299 3685 379 3746 opus
401 3675 485 3728 esset
508 3686 619 3749 magno
641 3669 924 3750 argumentationis
945 3678 999 3730 aut
1014 3665 1176 3730 doctrinae
1199 3664 1354 3748 adparatu
1376 3665 1483 3746 dispu-

299 3777 378 3831 tare.

385 3871 585 3953 Dialogorum
608 3871 691 3935 libro
713 3889 735 3953 r,
769 3875 824 3954 qui
848 3879 896 3935 est
918 3868 959 3936 de
982 3869 1192 3954 providentia,
1218 3873 1323 3953 oapi
1350 3871 1363 3932 l
1393 3869 1483 3949 vulgo

300 3974 379 4036 haec
404 3976 564 4056 leguntur,
589 3993 742 4059 prospera
762 3979 796 4039 in
814 3975 930 4058 plebem
952 3995 989 4038 ao
1010 3975 1086 4038 ailla
1108 3977 1231 4058 ingenia
1252 3975 1423 4050 deveniant,
1455 3979 1485 4033 at

299 4077 488 4142 calamitates
522 4086 713 4162 terroresque
742 4079 916 4142 mortalium
950 4076 1006 4142 aab
1041 4079 1145 4162 rapam
1179 4079 1296 4141 mittere
1325 4077 1482 4160 proprium

299 4183 406 4262 mapni
431 4183 496 4244 oiri
522 4189 576 4245 est.
630 4182 689 4245 sed
717 4183 751 4244 in
781 4181 888 4245 codiee
917 4179 1135 4261 ambrosiano,
1174 4181 1264 4245 cuius
1292 4182 1326 4242 in
1355 4177 1483 4259 dialogis

300 4285 436 4346 maxima
465 4293 496 4346 et
525 4303 620 4367 saepe
647 4287 740 4348 unice
765 4295 813 4348 est
841 4287 1026 4365 auotoritas,
1060 4301 1132 4348 cnm
1154 4283 1320 4346 Nereriani
1348 4285 1482 4364 scriptu-

300 4397 368 4447 ram
397 4403 511 4468 magne
539 4405 580 4450 ex
609 4395 699 4470 parte
727 4389 928 4469 ignoremus,
961 4389 1191 4470 scriptumest
1219 4405 1237 4449 a
1267 4387 1367 4468 prima
1391 4403 1481 4447 manu

297 4498 449 4571 prospera
477 4509 512 4554 re
534 4491 602 4572 sed,
635 4489 815 4554 asecunde
840 4509 992 4574 prospera
1014 4509 1065 4554 rer
1087 4499 1125 4554 et.
1179 4488 1378 4552 manifestum
1409 4485 1480 4550 inde
