<?xml version="1.0" encoding="UTF-8"?>
<!DOCTYPE html PUBLIC "-//W3C//DTD XHTML 1.0 Transitional//EN"
    "http://www.w3.org/TR/xhtml1/DTD/xhtml1-transitional.dtd">
<html xmlns="http://www.w3.org/1999/xhtml" xml:lang="en" lang="en">
 <head>
  <title>
</title>
<meta http-equiv="Content-Type" content="text/html;charset=utf-8" />
  <meta name='ocr-system' content='tesseract 3.04.00' />
  <meta name='ocr-capabilities' content='ocr_page ocr_carea ocr_par ocr_line ocrx_word'/>
</head>
<body>
  <div class='ocr_page' id='page_1' title='image "./mavriciihavptii00haupgoog/mavriciihavptii00haupgoog_0083.png"; bbox 0 0 3268 5108; ppageno 0'>
   <div class='ocr_carea' id='block_1_1' title="bbox 337 387 1228 462">
    <p class='ocr_par' dir='ltr' id='par_1_1' title="bbox 337 387 1228 462">
     <span class='ocr_line' id='line_1_1' title="bbox 337 387 1228 462; baseline 0.002 -4"><span class='ocrx_word' id='word_1_1' title='bbox 337 387 385 459; x_wconf 81' lang='grc'><strong>70</strong></span> <span class='ocrx_word' id='word_1_2' title='bbox 631 401 719 460; x_wconf 84' lang='lat' dir='ltr'><strong>lsnsx</strong></span> <span class='ocrx_word' id='word_1_3' title='bbox 742 418 909 462; x_wconf 74' lang='lat' dir='ltr'><strong>tscrronrn</strong></span> <span class='ocrx_word' id='word_1_4' title='bbox 931 417 1109 462; x_wconf 77' lang='lat' dir='ltr'><strong>tssrrrrrrn</strong></span> <span class='ocrx_word' id='word_1_5' title='bbox 1136 399 1228 460; x_wconf 77' lang='grc'>4855.</span> 
     </span>
    </p>
   </div>
   <div class='ocr_carea' id='block_1_2' title="bbox 302 587 1533 4602">
    <p class='ocr_par' dir='ltr' id='par_1_2' title="bbox 327 587 1533 3982">
     <span class='ocr_line' id='line_1_2' title="bbox 334 587 1523 672; baseline -0.007 -18"><span class='ocrx_word' id='word_1_6' title='bbox 334 594 439 655; x_wconf 82' lang='lat' dir='ltr'><strong>citato.</strong></span> <span class='ocrx_word' id='word_1_7' title='bbox 489 591 667 672; x_wconf 78' lang='lat' dir='ltr'><strong>refragatur</strong></span> <span class='ocrx_word' id='word_1_8' title='bbox 697 590 770 654; x_wconf 89' lang='lat' dir='ltr'><strong>huie</strong></span> <span class='ocrx_word' id='word_1_9' title='bbox 798 590 939 671; x_wconf 92' lang='lat' dir='ltr'><strong>opinioni</strong></span> <span class='ocrx_word' id='word_1_10' title='bbox 963 587 1194 668; x_wconf 79' lang='lat' dir='ltr'><strong>Quintilianus,</strong></span> <span class='ocrx_word' id='word_1_11' title='bbox 1224 593 1280 670; x_wconf 91' lang='lat' dir='ltr'><strong>qui</strong></span> <span class='ocrx_word' id='word_1_12' title='bbox 1303 588 1417 650; x_wconf 90' lang='lat' dir='ltr'><strong>libror</strong></span> <span class='ocrx_word' id='word_1_13' title='bbox 1441 587 1460 647; x_wconf 83' lang='lat'>5</span> <span class='ocrx_word' id='word_1_14' title='bbox 1485 587 1523 646; x_wconf 86' lang='grc'><strong>55</strong></span> 
     </span>
     <span class='ocr_line' id='line_1_3' title="bbox 330 690 1526 778; baseline -0.004 -22"><span class='ocrx_word' id='word_1_15' title='bbox 330 697 498 778; x_wconf 67' lang='lat' dir='ltr'><strong>peregrine</strong></span> <span class='ocrx_word' id='word_1_16' title='bbox 516 713 612 776; x_wconf 89' lang='lat' dir='ltr'><strong>porro</strong></span> <span class='ocrx_word' id='word_1_17' title='bbox 635 695 738 774; x_wconf 84' lang='lat' dir='ltr'><strong>inquit</strong></span> <span class='ocrx_word' id='word_1_18' title='bbox 760 711 803 756; x_wconf 83' lang='lat' dir='ltr'><strong>coc</strong></span> <span class='ocrx_word' id='word_1_19' title='bbox 824 692 961 756; x_wconf 77' lang='lat' dir='ltr'><strong>omnibats</strong></span> <span class='ocrx_word' id='word_1_20' title='bbox 980 710 1077 775; x_wconf 85' lang='lat' dir='ltr'><strong>prope</strong></span> <span class='ocrx_word' id='word_1_21' title='bbox 1091 693 1227 756; x_wconf 76' lang='lat' dir='ltr'><strong>diccaim</strong></span> <span class='ocrx_word' id='word_1_22' title='bbox 1247 692 1397 777; x_wconf 76' lang='lat' dir='ltr'><strong>pentibus,</strong></span> <span class='ocrx_word' id='word_1_23' title='bbox 1421 700 1456 754; x_wconf 88' lang='lat' dir='ltr'><strong>ut</strong></span> <span class='ocrx_word' id='word_1_24' title='bbox 1474 690 1526 751; x_wconf 76' lang='lat' dir='ltr'><strong>lto-</strong></span> 
     </span>
     <span class='ocr_line' id='line_1_4' title="bbox 334 795 1526 876; baseline -0.004 -16"><span class='ocrx_word' id='word_1_25' title='bbox 334 800 438 872; x_wconf 82' lang='lat' dir='ltr'><strong>mines,</strong></span> <span class='ocrx_word' id='word_1_26' title='bbox 464 806 497 860; x_wconf 87' lang='grc' dir='ltr'><strong>ιιι</strong></span> <span class='ocrx_word' id='word_1_27' title='bbox 520 799 659 860; x_wconf 67' lang='lat' dir='ltr'><strong>destitute</strong></span> <span class='ocrx_word' id='word_1_28' title='bbox 680 799 769 860; x_wconf 87' lang='lat' dir='ltr'><strong>etiam</strong></span> <span class='ocrx_word' id='word_1_29' title='bbox 792 795 897 876; x_wconf 83' lang='lat' dir='ltr'><strong>mutto,</strong></span> <span class='ocrx_word' id='word_1_30' title='bbox 925 805 1083 859; x_wconf 73' lang='lat' dir='ltr'><strong>renuunt.</strong></span> <span class='ocrx_word' id='word_1_31' title='bbox 1123 805 1205 860; x_wconf 84' lang='lat' dir='ltr'><strong>tocco</strong></span> <span class='ocrx_word' id='word_1_32' title='bbox 1227 796 1266 859; x_wconf 85' lang='lat' dir='ltr'><strong>de</strong></span> <span class='ocrx_word' id='word_1_33' title='bbox 1291 797 1393 860; x_wconf 83' lang='lat' dir='ltr'><strong>Tuscis</strong></span> <span class='ocrx_word' id='word_1_34' title='bbox 1415 803 1445 858; x_wconf 87' lang='lat' dir='ltr'><strong>et</strong></span> <span class='ocrx_word' id='word_1_35' title='bbox 1467 795 1526 856; x_wconf 90' lang='lat' dir='ltr'><strong>So-</strong></span> 
     </span>
     <span class='ocr_line' id='line_1_5' title="bbox 333 900 1527 984; baseline -0.002 -21"><span class='ocrx_word' id='word_1_36' title='bbox 333 900 412 965; x_wconf 83' lang='lat' dir='ltr'><strong>bior&#39;s</strong></span> <span class='ocrx_word' id='word_1_37' title='bbox 427 909 455 965; x_wconf 88' lang='lat' dir='ltr'><strong>et</strong></span> <span class='ocrx_word' id='word_1_38' title='bbox 472 901 676 965; x_wconf 74' lang='lat' dir='ltr'><strong>Praenestinis</strong></span> <span class='ocrx_word' id='word_1_39' title='bbox 692 919 825 984; x_wconf 80' lang='lat' dir='ltr'><strong>qooqrte:</strong></span> <span class='ocrx_word' id='word_1_40' title='bbox 847 919 920 962; x_wconf 81' lang='lat' dir='ltr'><strong>oum</strong></span> <span class='ocrx_word' id='word_1_41' title='bbox 934 909 969 962; x_wconf 86' lang='grc' dir='ltr'><strong>ιιι</strong></span> <span class='ocrx_word' id='word_1_42' title='bbox 982 917 1086 963; x_wconf 76' lang='lat' dir='ltr'><strong>eorum</strong></span> <span class='ocrx_word' id='word_1_43' title='bbox 1101 917 1239 964; x_wconf 70' lang='lat' dir='ltr'><strong>emmone</strong></span> <span class='ocrx_word' id='word_1_44' title='bbox 1252 907 1381 963; x_wconf 78' lang='grc' dir='ltr'><strong><em>ιιιιιιιιιιι</em></strong></span> <span class='ocrx_word' id='word_1_45' title='bbox 1399 900 1527 962; x_wconf 70' lang='lat' dir='ltr'><strong>tecuam</strong></span> 
     </span>
     <span class='ocr_line' id='line_1_6' title="bbox 333 1003 1527 1087; baseline -0.004 -19"><span class='ocrx_word' id='word_1_46' title='bbox 333 1006 468 1069; x_wconf 80' lang='lat' dir='ltr'><strong>Lucilius</strong></span> <span class='ocrx_word' id='word_1_47' title='bbox 496 1007 675 1084; x_wconf 80' lang='lat' dir='ltr'><strong>insectetur,</strong></span> <span class='ocrx_word' id='word_1_48' title='bbox 708 1023 795 1087; x_wconf 77' lang='lat' dir='ltr'><strong>puero</strong></span> <span class='ocrx_word' id='word_1_49' title='bbox 823 1004 865 1066; x_wconf 89' lang='lat' dir='ltr'><strong>od</strong></span> <span class='ocrx_word' id='word_1_50' title='bbox 892 1004 1012 1067; x_wconf 85' lang='lat' dir='ltr'><strong>modom</strong></span> <span class='ocrx_word' id='word_1_51' title='bbox 1043 1005 1134 1068; x_wconf 84' lang='lat' dir='ltr'><strong>Pottio</strong></span> <span class='ocrx_word' id='word_1_52' title='bbox 1163 1003 1358 1086; x_wconf 78' lang='lat' dir='ltr'><strong>deprehendit</strong></span> <span class='ocrx_word' id='word_1_53' title='bbox 1385 1004 1419 1065; x_wconf 85' lang='grc' dir='ltr'><strong>ιἰι</strong></span> <span class='ocrx_word' id='word_1_54' title='bbox 1442 1003 1527 1064; x_wconf 80' lang='lat' dir='ltr'><strong>licio</strong></span> 
     </span>
     <span class='ocr_line' id='line_1_7' title="bbox 336 1105 1527 1201; baseline -0.005 -29"><span class='ocrx_word' id='word_1_55' title='bbox 336 1110 586 1186; x_wconf 73' lang='lat' dir='ltr'><strong>Potooioitotcm5</strong></span> <span class='ocrx_word' id='word_1_56' title='bbox 611 1109 679 1172; x_wconf 87' lang='lat' dir='ltr'><strong>licet</strong></span> <span class='ocrx_word' id='word_1_57' title='bbox 699 1109 800 1171; x_wconf 82' lang='lat' dir='ltr'><strong>omnio</strong></span> <span class='ocrx_word' id='word_1_58' title='bbox 815 1109 924 1171; x_wconf 89' lang='lat' dir='ltr'><strong>ltotieo</strong></span> <span class='ocrx_word' id='word_1_59' title='bbox 942 1127 1002 1190; x_wconf 84' lang='lat' dir='ltr'><strong>pro</strong></span> <span class='ocrx_word' id='word_1_60' title='bbox 1017 1109 1160 1171; x_wconf 79' lang='lat' dir='ltr'><strong>Romanis</strong></span> <span class='ocrx_word' id='word_1_61' title='bbox 1182 1107 1320 1170; x_wconf 82' lang='lat' dir='ltr'><strong>habeam.</strong></span> <span class='ocrx_word' id='word_1_62' title='bbox 1360 1117 1428 1201; x_wconf 75' lang='lat' dir='ltr'><strong>tum</strong></span> <span class='ocrx_word' id='word_1_63' title='bbox 1445 1105 1527 1167; x_wconf 93' lang='lat' dir='ltr'><strong>libro</strong></span> 
     </span>
     <span class='ocr_line' id='line_1_8' title="bbox 332 1210 1527 1294; baseline -0.003 -19"><span class='ocrx_word' id='word_1_64' title='bbox 332 1231 385 1276; x_wconf 87' lang='lat' dir='ltr'><strong>rrn</strong></span> <span class='ocrx_word' id='word_1_65' title='bbox 411 1214 423 1273; x_wconf 92' lang='lat' dir='ltr'><strong>l</strong></span> <span class='ocrx_word' id='word_1_66' title='bbox 451 1213 469 1273; x_wconf 87' lang='grc'><strong>3</strong></span> <span class='ocrx_word' id='word_1_67' title='bbox 495 1213 538 1275; x_wconf 90' lang='lat' dir='ltr'><strong>ita</strong></span> <span class='ocrx_word' id='word_1_68' title='bbox 559 1212 717 1292; x_wconf 89' lang='lat' dir='ltr'><strong>loquitur,</strong></span> <span class='ocrx_word' id='word_1_69' title='bbox 743 1219 771 1274; x_wconf 91' lang='lat' dir='ltr'><strong>et</strong></span> <span class='ocrx_word' id='word_1_70' title='bbox 792 1213 825 1274; x_wconf 86' lang='grc' dir='ltr'><strong>ιἰι</strong></span> <span class='ocrx_word' id='word_1_71' title='bbox 852 1213 883 1273; x_wconf 83' lang='grc' dir='ltr'><strong>Τ.</strong></span> <span class='ocrx_word' id='word_1_72' title='bbox 902 1213 998 1289; x_wconf 81' lang='lat' dir='ltr'><strong>ticio,</strong></span> <span class='ocrx_word' id='word_1_73' title='bbox 1023 1213 1121 1274; x_wconf 68' lang='lat' dir='ltr'><strong>meroe</strong></span> <span class='ocrx_word' id='word_1_74' title='bbox 1140 1210 1307 1294; x_wconf 74' lang='lat' dir='ltr'><strong>facundiae</strong></span> <span class='ocrx_word' id='word_1_75' title='bbox 1329 1212 1414 1285; x_wconf 88' lang='lat' dir='ltr'><strong>viro,</strong></span> <span class='ocrx_word' id='word_1_76' title='bbox 1437 1217 1527 1291; x_wconf 77' lang='grc' dir='ltr'><strong><em>ριιιιιι</em></strong></span> 
     </span>
     <span class='ocr_line' id='line_1_9' title="bbox 333 1311 1525 1397; baseline -0.003 -19"><span class='ocrx_word' id='word_1_77' title='bbox 333 1317 430 1379; x_wconf 76' lang='lat' dir='ltr'><strong>obesse</strong></span> <span class='ocrx_word' id='word_1_78' title='bbox 448 1316 539 1378; x_wconf 86' lang='lat' dir='ltr'><strong>Pollio</strong></span> <span class='ocrx_word' id='word_1_79' title='bbox 554 1311 680 1378; x_wconf 80' lang='lat' dir='ltr'><strong>Asinius</strong></span> <span class='ocrx_word' id='word_1_80' title='bbox 703 1315 857 1396; x_wconf 64' lang='lat' dir='ltr'><strong>pondero</strong></span> <span class='ocrx_word' id='word_1_81' title='bbox 875 1315 1116 1378; x_wconf 81' lang='lat' dir='ltr'><strong>Potavioitotem.</strong></span> <span class='ocrx_word' id='word_1_82' title='bbox 1156 1333 1262 1397; x_wconf 78' lang='lat' dir='ltr'><strong>quare,</strong></span> <span class='ocrx_word' id='word_1_83' title='bbox 1288 1317 1318 1378; x_wconf 86' lang='lat' dir='ltr'><strong>si</strong></span> <span class='ocrx_word' id='word_1_84' title='bbox 1334 1315 1405 1396; x_wconf 83' lang='lat' dir='ltr'><strong>fieri</strong></span> <span class='ocrx_word' id='word_1_85' title='bbox 1416 1321 1525 1396; x_wconf 81' lang='lat' dir='ltr'><strong>potest,</strong></span> 
     </span>
     <span class='ocr_line' id='line_1_10' title="bbox 332 1417 1528 1495; baseline -0.003 -13"><span class='ocrx_word' id='word_1_86' title='bbox 332 1427 359 1482; x_wconf 84' lang='lat' dir='ltr'><strong>et</strong></span> <span class='ocrx_word' id='word_1_87' title='bbox 382 1418 476 1482; x_wconf 69' lang='lat' dir='ltr'><strong>umbo</strong></span> <span class='ocrx_word' id='word_1_88' title='bbox 498 1419 599 1481; x_wconf 83' lang='lat' dir='ltr'><strong>omnio</strong></span> <span class='ocrx_word' id='word_1_89' title='bbox 621 1425 649 1480; x_wconf 87' lang='lat' dir='ltr'><strong>ct</strong></span> <span class='ocrx_word' id='word_1_90' title='bbox 670 1435 734 1480; x_wconf 77' lang='lat' dir='ltr'><strong>vom</strong></span> <span class='ocrx_word' id='word_1_91' title='bbox 755 1417 847 1482; x_wconf 70' lang='lat' dir='ltr'><strong>toros</strong></span> <span class='ocrx_word' id='word_1_92' title='bbox 869 1419 1027 1481; x_wconf 81' lang='lat' dir='ltr'><strong>alumnum</strong></span> <span class='ocrx_word' id='word_1_93' title='bbox 1047 1417 1134 1482; x_wconf 83' lang='lat' dir='ltr'><strong>urbis</strong></span> <span class='ocrx_word' id='word_1_94' title='bbox 1156 1419 1266 1495; x_wconf 83' lang='lat' dir='ltr'><strong>oteoot,</strong></span> <span class='ocrx_word' id='word_1_95' title='bbox 1292 1424 1326 1480; x_wconf 86' lang='grc' dir='ltr'><strong>ιιι</strong></span> <span class='ocrx_word' id='word_1_96' title='bbox 1347 1418 1446 1479; x_wconf 84' lang='lat' dir='ltr'><strong>oratio</strong></span> <span class='ocrx_word' id='word_1_97' title='bbox 1469 1419 1528 1478; x_wconf 83' lang='lat' dir='ltr'><strong>lto-</strong></span> 
     </span>
     <span class='ocr_line' id='line_1_11' title="bbox 332 1518 1528 1604; baseline -0.002 -20"><span class='ocrx_word' id='word_1_98' title='bbox 332 1522 539 1604; x_wconf 75' lang='lat' dir='ltr'><strong>monoptotis</strong></span> <span class='ocrx_word' id='word_1_99' title='bbox 561 1521 718 1599; x_wconf 69' lang='lat' dir='ltr'><strong>videone,</strong></span> <span class='ocrx_word' id='word_1_100' title='bbox 749 1539 810 1583; x_wconf 81' lang='lat' dir='ltr'><strong>nou</strong></span> <span class='ocrx_word' id='word_1_101' title='bbox 832 1521 952 1584; x_wconf 85' lang='lat' dir='ltr'><strong>civitate</strong></span> <span class='ocrx_word' id='word_1_102' title='bbox 974 1522 1098 1584; x_wconf 82' lang='lat' dir='ltr'><strong>donato.</strong></span> <span class='ocrx_word' id='word_1_103' title='bbox 1146 1541 1187 1584; x_wconf 84' lang='lat' dir='ltr'><strong>ex</strong></span> <span class='ocrx_word' id='word_1_104' title='bbox 1209 1521 1328 1603; x_wconf 88' lang='lat' dir='ltr'><strong>quibus</strong></span> <span class='ocrx_word' id='word_1_105' title='bbox 1350 1521 1447 1583; x_wconf 89' lang='lat' dir='ltr'><strong>simul</strong></span> <span class='ocrx_word' id='word_1_106' title='bbox 1470 1518 1528 1582; x_wconf 91' lang='lat' dir='ltr'><strong>ad-</strong></span> 
     </span>
     <span class='ocr_line' id='line_1_12' title="bbox 332 1624 1529 1708; baseline -0.003 -20"><span class='ocrx_word' id='word_1_107' title='bbox 332 1637 422 1708; x_wconf 88' lang='lat' dir='ltr'><strong>paret</strong></span> <span class='ocrx_word' id='word_1_108' title='bbox 445 1643 506 1687; x_wconf 90' lang='lat' dir='ltr'><strong>non</strong></span> <span class='ocrx_word' id='word_1_109' title='bbox 532 1626 649 1688; x_wconf 89' lang='lat' dir='ltr'><strong>rcotius</strong></span> <span class='ocrx_word' id='word_1_110' title='bbox 665 1624 898 1688; x_wconf 81' lang='lat' dir='ltr'><strong>Bernharrlium</strong></span> <span class='ocrx_word' id='word_1_111' title='bbox 920 1644 953 1707; x_wconf 88' lang='lat' dir='ltr'><strong>p.</strong></span> <span class='ocrx_word' id='word_1_112' title='bbox 972 1625 1029 1687; x_wconf 77' lang='lat' dir='ltr'><strong>23l</strong></span> <span class='ocrx_word' id='word_1_113' title='bbox 1050 1626 1204 1707; x_wconf 87' lang='lat' dir='ltr'><strong>suspicari</strong></span> <span class='ocrx_word' id='word_1_114' title='bbox 1222 1626 1377 1688; x_wconf 87' lang='lat' dir='ltr'><strong>Polionem</strong></span> <span class='ocrx_word' id='word_1_115' title='bbox 1401 1625 1435 1686; x_wconf 92' lang='lat' dir='ltr'><strong>in</strong></span> <span class='ocrx_word' id='word_1_116' title='bbox 1452 1641 1529 1685; x_wconf 88' lang='lat' dir='ltr'><strong>con-</strong></span> 
     </span>
     <span class='ocr_line' id='line_1_13' title="bbox 332 1726 1529 1809; baseline -0.003 -18"><span class='ocrx_word' id='word_1_117' title='bbox 332 1737 430 1791; x_wconf 91' lang='lat' dir='ltr'><strong>veutu</strong></span> <span class='ocrx_word' id='word_1_118' title='bbox 453 1729 559 1809; x_wconf 87' lang='lat' dir='ltr'><strong>aliquo</strong></span> <span class='ocrx_word' id='word_1_119' title='bbox 583 1727 737 1790; x_wconf 86' lang='lat' dir='ltr'><strong>recitandi</strong></span> <span class='ocrx_word' id='word_1_120' title='bbox 768 1727 1008 1792; x_wconf 85' lang='lat' dir='ltr'><strong>declamandive</strong></span> <span class='ocrx_word' id='word_1_121' title='bbox 1037 1747 1131 1792; x_wconf 88' lang='lat' dir='ltr'><strong>causa</strong></span> <span class='ocrx_word' id='word_1_122' title='bbox 1160 1726 1239 1791; x_wconf 85' lang='lat' dir='ltr'><strong>lacto</strong></span> <span class='ocrx_word' id='word_1_123' title='bbox 1261 1729 1385 1791; x_wconf 91' lang='lat' dir='ltr'><strong>Livium</strong></span> <span class='ocrx_word' id='word_1_124' title='bbox 1413 1745 1529 1808; x_wconf 89' lang='lat' dir='ltr'><strong>repre-</strong></span> 
     </span>
     <span class='ocr_line' id='line_1_14' title="bbox 331 1831 1528 1912; baseline -0.002 -18"><span class='ocrx_word' id='word_1_125' title='bbox 331 1831 499 1895; x_wconf 79' lang='lat' dir='ltr'><strong>hendisse:</strong></span> <span class='ocrx_word' id='word_1_126' title='bbox 537 1833 632 1893; x_wconf 90' lang='lat' dir='ltr'><strong>immo</strong></span> <span class='ocrx_word' id='word_1_127' title='bbox 662 1833 695 1894; x_wconf 92' lang='lat' dir='ltr'><strong>in</strong></span> <span class='ocrx_word' id='word_1_128' title='bbox 724 1832 830 1912; x_wconf 90' lang='lat' dir='ltr'><strong>aliquo</strong></span> <span class='ocrx_word' id='word_1_129' title='bbox 857 1831 940 1894; x_wconf 92' lang='lat' dir='ltr'><strong>libro</strong></span> <span class='ocrx_word' id='word_1_130' title='bbox 969 1851 1040 1894; x_wconf 89' lang='lat' dir='ltr'><strong>eum</strong></span> <span class='ocrx_word' id='word_1_131' title='bbox 1069 1831 1148 1894; x_wconf 91' lang='lat' dir='ltr'><strong>Livii</strong></span> <span class='ocrx_word' id='word_1_132' title='bbox 1179 1833 1353 1895; x_wconf 89' lang='lat' dir='ltr'><strong>orationem</strong></span> <span class='ocrx_word' id='word_1_133' title='bbox 1380 1831 1528 1912; x_wconf 85' lang='lat' dir='ltr'><strong>tetigisse</strong></span> 
     </span>
     <span class='ocr_line' id='line_1_15' title="bbox 331 1933 1528 2017; baseline -0.001 -21"><span class='ocrx_word' id='word_1_134' title='bbox 331 1935 469 1999; x_wconf 88' lang='lat' dir='ltr'><strong>ostendit</strong></span> <span class='ocrx_word' id='word_1_135' title='bbox 492 1934 577 2016; x_wconf 91' lang='lat' dir='ltr'><strong>quod</strong></span> <span class='ocrx_word' id='word_1_136' title='bbox 596 1941 686 2017; x_wconf 82' lang='lat' dir='ltr'><strong>putot</strong></span> <span class='ocrx_word' id='word_1_137' title='bbox 701 1933 783 1998; x_wconf 79' lang='lat' dir='ltr'><strong>dixit</strong></span> <span class='ocrx_word' id='word_1_138' title='bbox 798 1934 1013 2008; x_wconf 79' lang='lat' dir='ltr'><strong>Quintilianus</strong></span> <span class='ocrx_word' id='word_1_139' title='bbox 1035 1936 1197 2017; x_wconf 80' lang='lat' dir='ltr'><strong>praesenti</strong></span> <span class='ocrx_word' id='word_1_140' title='bbox 1221 1945 1375 2017; x_wconf 88' lang='lat' dir='ltr'><strong>tempore.</strong></span> <span class='ocrx_word' id='word_1_141' title='bbox 1418 1935 1528 2014; x_wconf 86' lang='lat' dir='ltr'><strong>itaque</strong></span> 
     </span>
     <span class='ocr_line' id='line_1_16' title="bbox 331 2032 1526 2120; baseline -0.003 -18"><span class='ocrx_word' id='word_1_142' title='bbox 331 2040 387 2120; x_wconf 92' lang='lat' dir='ltr'><strong>qui</strong></span> <span class='ocrx_word' id='word_1_143' title='bbox 403 2040 478 2102; x_wconf 89' lang='lat' dir='ltr'><strong>vitia</strong></span> <span class='ocrx_word' id='word_1_144' title='bbox 498 2038 655 2101; x_wconf 89' lang='lat' dir='ltr'><strong>sermonis</strong></span> <span class='ocrx_word' id='word_1_145' title='bbox 678 2032 894 2102; x_wconf 80' lang='lat' dir='ltr'><strong>insectabatur</strong></span> <span class='ocrx_word' id='word_1_146' title='bbox 916 2037 1005 2101; x_wconf 89' lang='lat' dir='ltr'><strong>etde</strong></span> <span class='ocrx_word' id='word_1_147' title='bbox 1020 2039 1167 2102; x_wconf 87' lang='lat' dir='ltr'><strong>Sallustio</strong></span> <span class='ocrx_word' id='word_1_148' title='bbox 1190 2037 1307 2101; x_wconf 87' lang='lat' dir='ltr'><strong>librum</strong></span> <span class='ocrx_word' id='word_1_149' title='bbox 1324 2037 1526 2118; x_wconf 90' lang='lat' dir='ltr'><strong>conseripsit,</strong></span> 
     </span>
     <span class='ocr_line' id='line_1_17' title="bbox 331 2140 1528 2222; baseline -0.002 -18"><span class='ocrx_word' id='word_1_150' title='bbox 331 2161 405 2205; x_wconf 89' lang='lat' dir='ltr'><strong>eum</strong></span> <span class='ocrx_word' id='word_1_151' title='bbox 435 2159 498 2204; x_wconf 89' lang='lat' dir='ltr'><strong>non</strong></span> <span class='ocrx_word' id='word_1_152' title='bbox 528 2141 717 2204; x_wconf 86' lang='lat' dir='ltr'><strong>mirabimur</strong></span> <span class='ocrx_word' id='word_1_153' title='bbox 746 2143 841 2204; x_wconf 89' lang='lat' dir='ltr'><strong>etiam</strong></span> <span class='ocrx_word' id='word_1_154' title='bbox 870 2140 911 2205; x_wconf 89' lang='lat' dir='ltr'><strong>de</strong></span> <span class='ocrx_word' id='word_1_155' title='bbox 942 2141 1063 2205; x_wconf 84' lang='lat' dir='ltr'><strong>Catullo</strong></span> <span class='ocrx_word' id='word_1_156' title='bbox 1091 2142 1230 2222; x_wconf 88' lang='lat' dir='ltr'><strong>aliquem</strong></span> <span class='ocrx_word' id='word_1_157' title='bbox 1264 2141 1528 2204; x_wconf 84' lang='lat' dir='ltr'><strong>commentarium</strong></span> 
     </span>
     <span class='ocr_line' id='line_1_18' title="bbox 331 2243 1529 2330; baseline 0.002 -24"><span class='ocrx_word' id='word_1_158' title='bbox 331 2244 444 2307; x_wconf 86' lang='lat' dir='ltr'><strong>iecisse</strong></span> <span class='ocrx_word' id='word_1_159' title='bbox 470 2245 502 2307; x_wconf 94' lang='lat' dir='ltr'><strong>in</strong></span> <span class='ocrx_word' id='word_1_160' title='bbox 525 2263 626 2326; x_wconf 89' lang='lat' dir='ltr'><strong>eoque</strong></span> <span class='ocrx_word' id='word_1_161' title='bbox 650 2245 892 2324; x_wconf 87' lang='lat' dir='ltr'><strong>commentario,</strong></span> <span class='ocrx_word' id='word_1_162' title='bbox 925 2263 995 2307; x_wconf 92' lang='lat' dir='ltr'><strong>oum</strong></span> <span class='ocrx_word' id='word_1_163' title='bbox 1020 2245 1074 2307; x_wconf 90' lang='lat' dir='ltr'><strong>ille</strong></span> <span class='ocrx_word' id='word_1_164' title='bbox 1094 2245 1267 2330; x_wconf 77' lang='lat' dir='ltr'><strong>pupiltorio</strong></span> <span class='ocrx_word' id='word_1_165' title='bbox 1288 2243 1439 2323; x_wconf 82' lang='lat' dir='ltr'><strong>dixisset,</strong></span> <span class='ocrx_word' id='word_1_166' title='bbox 1466 2263 1529 2327; x_wconf 80' lang='lat' dir='ltr'><strong>pu-</strong></span> 
     </span>
     <span class='ocr_line' id='line_1_19' title="bbox 328 2345 1529 2431; baseline 0 -21"><span class='ocrx_word' id='word_1_167' title='bbox 328 2349 456 2431; x_wconf 77' lang='lat' dir='ltr'><strong>pillares</strong></span> <span class='ocrx_word' id='word_1_168' title='bbox 479 2349 584 2430; x_wconf 93' lang='lat' dir='ltr'><strong>potius</strong></span> <span class='ocrx_word' id='word_1_169' title='bbox 607 2345 780 2411; x_wconf 83' lang='lat' dir='ltr'><strong>dicendum</strong></span> <span class='ocrx_word' id='word_1_170' title='bbox 804 2367 873 2411; x_wconf 86' lang='lat' dir='ltr'><strong>esse</strong></span> <span class='ocrx_word' id='word_1_171' title='bbox 895 2347 1052 2412; x_wconf 85' lang='lat' dir='ltr'><strong>docuisse.</strong></span> <span class='ocrx_word' id='word_1_172' title='bbox 1100 2367 1194 2430; x_wconf 89' lang='lat' dir='ltr'><strong>quam</strong></span> <span class='ocrx_word' id='word_1_173' title='bbox 1217 2348 1258 2411; x_wconf 91' lang='lat' dir='ltr'><strong>ob</strong></span> <span class='ocrx_word' id='word_1_174' title='bbox 1288 2365 1355 2410; x_wconf 85' lang='lat' dir='ltr'><strong>rem</strong></span> <span class='ocrx_word' id='word_1_175' title='bbox 1379 2365 1445 2410; x_wconf 90' lang='lat' dir='ltr'><strong>non</strong></span> <span class='ocrx_word' id='word_1_176' title='bbox 1471 2347 1529 2410; x_wconf 89' lang='lat' dir='ltr'><strong>ad-</strong></span> 
     </span>
     <span class='ocr_line' id='line_1_20' title="bbox 331 2451 1529 2534; baseline -0.001 -21"><span class='ocrx_word' id='word_1_177' title='bbox 331 2452 489 2513; x_wconf 89' lang='lat' dir='ltr'><strong>sentimur</strong></span> <span class='ocrx_word' id='word_1_178' title='bbox 503 2451 636 2514; x_wconf 90' lang='lat' dir='ltr'><strong>lludollo</strong></span> <span class='ocrx_word' id='word_1_179' title='bbox 651 2451 859 2532; x_wconf 80' lang='lat' dir='ltr'><strong>Therbeelrio,</strong></span> <span class='ocrx_word' id='word_1_180' title='bbox 884 2453 939 2533; x_wconf 90' lang='lat' dir='ltr'><strong>qui</strong></span> <span class='ocrx_word' id='word_1_181' title='bbox 957 2453 989 2515; x_wconf 93' lang='lat' dir='ltr'><strong>in</strong></span> <span class='ocrx_word' id='word_1_182' title='bbox 1006 2455 1134 2534; x_wconf 88' lang='lat' dir='ltr'><strong>egregia</strong></span> <span class='ocrx_word' id='word_1_183' title='bbox 1149 2453 1414 2515; x_wconf 88' lang='lat' dir='ltr'><strong>commentatione</strong></span> <span class='ocrx_word' id='word_1_184' title='bbox 1429 2469 1529 2533; x_wconf 86' lang='lat' dir='ltr'><strong>quam</strong></span> 
     </span>
     <span class='ocr_line' id='line_1_21' title="bbox 331 2550 1530 2636; baseline 0 -20"><span class='ocrx_word' id='word_1_185' title='bbox 331 2553 372 2616; x_wconf 90' lang='lat' dir='ltr'><strong>dc</strong></span> <span class='ocrx_word' id='word_1_186' title='bbox 388 2550 497 2617; x_wconf 79' lang='lat' dir='ltr'><strong>Asinio</strong></span> <span class='ocrx_word' id='word_1_187' title='bbox 512 2555 637 2617; x_wconf 88' lang='lat' dir='ltr'><strong>Polione</strong></span> <span class='ocrx_word' id='word_1_188' title='bbox 652 2555 780 2636; x_wconf 81' lang='lat' dir='ltr'><strong>scripsit</strong></span> <span class='ocrx_word' id='word_1_189' title='bbox 802 2575 835 2636; x_wconf 89' lang='lat' dir='ltr'><strong>p.</strong></span> <span class='ocrx_word' id='word_1_190' title='bbox 856 2555 914 2620; x_wconf 80' lang='lat' dir='ltr'><strong>tat</strong></span> <span class='ocrx_word' id='word_1_191' title='bbox 931 2553 1033 2619; x_wconf 79' lang='lat' dir='ltr'><strong>Asinii</strong></span> <span class='ocrx_word' id='word_1_192' title='bbox 1056 2556 1089 2618; x_wconf 91' lang='lat' dir='ltr'><strong>in</strong></span> <span class='ocrx_word' id='word_1_193' title='bbox 1104 2556 1265 2620; x_wconf 81' lang='lat' dir='ltr'><strong>Valerium</strong></span> <span class='ocrx_word' id='word_1_194' title='bbox 1281 2554 1400 2617; x_wconf 89' lang='lat' dir='ltr'><strong>librum</strong></span> <span class='ocrx_word' id='word_1_195' title='bbox 1419 2573 1530 2636; x_wconf 85' lang='lat' dir='ltr'><strong>gram-</strong></span> 
     </span>
     <span class='ocr_line' id='line_1_22' title="bbox 332 2657 1530 2740; baseline 0 -21"><span class='ocrx_word' id='word_1_196' title='bbox 332 2659 436 2719; x_wconf 89' lang='lat' dir='ltr'><strong>matici</strong></span> <span class='ocrx_word' id='word_1_197' title='bbox 463 2659 598 2721; x_wconf 89' lang='lat' dir='ltr'><strong>alieuius</strong></span> <span class='ocrx_word' id='word_1_198' title='bbox 627 2657 725 2721; x_wconf 84' lang='lat' dir='ltr'><strong>luisse</strong></span> <span class='ocrx_word' id='word_1_199' title='bbox 753 2660 892 2740; x_wconf 84' lang='lat' dir='ltr'><strong>putavit,</strong></span> <span class='ocrx_word' id='word_1_200' title='bbox 925 2679 988 2722; x_wconf 92' lang='lat' dir='ltr'><strong>non</strong></span> <span class='ocrx_word' id='word_1_201' title='bbox 1016 2661 1093 2722; x_wconf 89' lang='lat' dir='ltr'><strong>olari</strong></span> <span class='ocrx_word' id='word_1_202' title='bbox 1122 2660 1208 2723; x_wconf 92' lang='lat' dir='ltr'><strong>illius</strong></span> <span class='ocrx_word' id='word_1_203' title='bbox 1237 2659 1381 2721; x_wconf 88' lang='lat' dir='ltr'><strong>Polionis.</strong></span> <span class='ocrx_word' id='word_1_204' title='bbox 1430 2659 1530 2720; x_wconf 89' lang='lat' dir='ltr'><strong>immo</strong></span> 
     </span>
     <span class='ocr_line' id='line_1_23' title="bbox 331 2758 1530 2844; baseline 0.001 -21"><span class='ocrx_word' id='word_1_205' title='bbox 331 2781 394 2823; x_wconf 92' lang='lat' dir='ltr'><strong>non</strong></span> <span class='ocrx_word' id='word_1_206' title='bbox 416 2779 547 2842; x_wconf 91' lang='lat' dir='ltr'><strong>prorsus</strong></span> <span class='ocrx_word' id='word_1_207' title='bbox 569 2761 788 2844; x_wconf 87' lang='lat' dir='ltr'><strong>separabimus</strong></span> <span class='ocrx_word' id='word_1_208' title='bbox 803 2758 947 2826; x_wconf 78' lang='lat' dir='ltr'><strong>Asinium</strong></span> <span class='ocrx_word' id='word_1_209' title='bbox 964 2764 1122 2825; x_wconf 90' lang='lat' dir='ltr'><strong>Polionem</strong></span> <span class='ocrx_word' id='word_1_210' title='bbox 1144 2782 1162 2825; x_wconf 89' lang='lat' dir='ltr'><strong>a</strong></span> <span class='ocrx_word' id='word_1_211' title='bbox 1183 2763 1395 2844; x_wconf 80' lang='lat' dir='ltr'><strong>grammaticis</strong></span> <span class='ocrx_word' id='word_1_212' title='bbox 1417 2779 1530 2844; x_wconf 83' lang='lat' dir='ltr'><strong>noque</strong></span> 
     </span>
     <span class='ocr_line' id='line_1_24' title="bbox 330 2863 1530 2948; baseline 0 -21"><span class='ocrx_word' id='word_1_213' title='bbox 330 2863 416 2945; x_wconf 89' lang='lat' dir='ltr'><strong>quod</strong></span> <span class='ocrx_word' id='word_1_214' title='bbox 446 2865 609 2928; x_wconf 86' lang='lat' dir='ltr'><strong>Charisius</strong></span> <span class='ocrx_word' id='word_1_215' title='bbox 638 2886 670 2946; x_wconf 92' lang='lat' dir='ltr'><strong>p.</strong></span> <span class='ocrx_word' id='word_1_216' title='bbox 690 2866 729 2927; x_wconf 82' lang='lat' dir='ltr'><strong>ot</strong></span> <span class='ocrx_word' id='word_1_217' title='bbox 754 2867 786 2926; x_wconf 87' lang='lat' dir='ltr'><strong>P.</strong></span> <span class='ocrx_word' id='word_1_218' title='bbox 812 2865 924 2928; x_wconf 88' lang='lat' dir='ltr'><strong>scribit</strong></span> <span class='ocrx_word' id='word_1_219' title='bbox 950 2865 1096 2930; x_wconf 91' lang='lat' dir='ltr'><strong>Asinium</strong></span> <span class='ocrx_word' id='word_1_220' title='bbox 1124 2867 1246 2948; x_wconf 90' lang='lat' dir='ltr'><strong>pariter</strong></span> <span class='ocrx_word' id='word_1_221' title='bbox 1274 2875 1371 2946; x_wconf 87' lang='lat' dir='ltr'><strong>atque</strong></span> <span class='ocrx_word' id='word_1_222' title='bbox 1397 2863 1530 2928; x_wconf 88' lang='lat' dir='ltr'><strong>Aelium</strong></span> 
     </span>
     <span class='ocr_line' id='line_1_25' title="bbox 331 2967 1529 3052; baseline 0.002 -22"><span class='ocrx_word' id='word_1_223' title='bbox 331 2967 482 3031; x_wconf 89' lang='lat' dir='ltr'><strong>Stilonem</strong></span> <span class='ocrx_word' id='word_1_224' title='bbox 516 2969 549 3030; x_wconf 92' lang='lat' dir='ltr'><strong>in</strong></span> <span class='ocrx_word' id='word_1_225' title='bbox 577 2969 665 3032; x_wconf 87' lang='lat' dir='ltr'><strong>Nelei</strong></span> <span class='ocrx_word' id='word_1_226' title='bbox 696 2971 836 3032; x_wconf 89' lang='lat' dir='ltr'><strong>carmine</strong></span> <span class='ocrx_word' id='word_1_227' title='bbox 861 2989 942 3052; x_wconf 82' lang='lat' dir='ltr'><strong>puer·</strong></span> <span class='ocrx_word' id='word_1_228' title='bbox 972 2969 1125 3032; x_wconf 80' lang='lat' dir='ltr'><strong>feminino</strong></span> <span class='ocrx_word' id='word_1_229' title='bbox 1155 2989 1274 3052; x_wconf 91' lang='lat' dir='ltr'><strong>genere</strong></span> <span class='ocrx_word' id='word_1_230' title='bbox 1304 2968 1424 3031; x_wconf 90' lang='lat' dir='ltr'><strong>dietum</strong></span> <span class='ocrx_word' id='word_1_231' title='bbox 1458 2987 1529 3032; x_wconf 87' lang='lat' dir='ltr'><strong>essc</strong></span> 
     </span>
     <span class='ocr_line' id='line_1_26' title="bbox 330 3072 1531 3155; baseline 0 -21"><span class='ocrx_word' id='word_1_232' title='bbox 330 3077 463 3152; x_wconf 87' lang='lat' dir='ltr'><strong>putare,</strong></span> <span class='ocrx_word' id='word_1_233' title='bbox 488 3091 560 3134; x_wconf 88' lang='lat' dir='ltr'><strong>cunr</strong></span> <span class='ocrx_word' id='word_1_234' title='bbox 582 3073 680 3135; x_wconf 87' lang='lat' dir='ltr'><strong>Varro</strong></span> <span class='ocrx_word' id='word_1_235' title='bbox 700 3091 801 3155; x_wconf 82' lang='lat' dir='ltr'><strong>puero</strong></span> <span class='ocrx_word' id='word_1_236' title='bbox 823 3073 953 3155; x_wconf 91' lang='lat' dir='ltr'><strong>probet,</strong></span> <span class='ocrx_word' id='word_1_237' title='bbox 980 3072 1021 3135; x_wconf 89' lang='lat' dir='ltr'><strong>ad</strong></span> <span class='ocrx_word' id='word_1_238' title='bbox 1043 3073 1140 3136; x_wconf 89' lang='lat' dir='ltr'><strong>alium</strong></span> <span class='ocrx_word' id='word_1_239' title='bbox 1163 3074 1322 3136; x_wconf 88' lang='lat' dir='ltr'><strong>hominem</strong></span> <span class='ocrx_word' id='word_1_240' title='bbox 1346 3082 1414 3136; x_wconf 89' lang='lat' dir='ltr'><strong>tuto</strong></span> <span class='ocrx_word' id='word_1_241' title='bbox 1439 3072 1531 3136; x_wconf 88' lang='lat' dir='ltr'><strong>rele-</strong></span> 
     </span>
     <span class='ocr_line' id='line_1_27' title="bbox 330 3175 1531 3258; baseline 0.002 -22"><span class='ocrx_word' id='word_1_242' title='bbox 330 3193 448 3238; x_wconf 90' lang='lat' dir='ltr'><strong>remus.</strong></span> <span class='ocrx_word' id='word_1_243' title='bbox 496 3193 558 3236; x_wconf 94' lang='lat' dir='ltr'><strong>non</strong></span> <span class='ocrx_word' id='word_1_244' title='bbox 589 3176 689 3256; x_wconf 88' lang='lat' dir='ltr'><strong>magis</strong></span> <span class='ocrx_word' id='word_1_245' title='bbox 718 3186 823 3238; x_wconf 90' lang='lat' dir='ltr'><strong>autem</strong></span> <span class='ocrx_word' id='word_1_246' title='bbox 855 3177 957 3258; x_wconf 89' lang='lat' dir='ltr'><strong>liquet</strong></span> <span class='ocrx_word' id='word_1_247' title='bbox 986 3197 1044 3240; x_wconf 90' lang='lat' dir='ltr'><strong>cur</strong></span> <span class='ocrx_word' id='word_1_248' title='bbox 1071 3177 1113 3239; x_wconf 89' lang='lat' dir='ltr'><strong>ah</strong></span> <span class='ocrx_word' id='word_1_249' title='bbox 1142 3175 1251 3239; x_wconf 91' lang='lat' dir='ltr'><strong>Asinio</strong></span> <span class='ocrx_word' id='word_1_250' title='bbox 1280 3175 1460 3240; x_wconf 84' lang='lat' dir='ltr'><strong>arcendum</strong></span> <span class='ocrx_word' id='word_1_251' title='bbox 1489 3179 1531 3239; x_wconf 93' lang='lat' dir='ltr'><strong>sit</strong></span> 
     </span>
     <span class='ocr_line' id='line_1_28' title="bbox 330 3277 1533 3362; baseline 0 -20"><span class='ocrx_word' id='word_1_252' title='bbox 330 3277 415 3359; x_wconf 89' lang='lat' dir='ltr'><strong>quod</strong></span> <span class='ocrx_word' id='word_1_253' title='bbox 439 3279 619 3342; x_wconf 89' lang='lat' dir='ltr'><strong>Priscianus</strong></span> <span class='ocrx_word' id='word_1_254' title='bbox 640 3278 738 3342; x_wconf 90' lang='lat' dir='ltr'><strong>habet</strong></span> <span class='ocrx_word' id='word_1_255' title='bbox 761 3278 843 3342; x_wconf 89' lang='lat' dir='ltr'><strong>libro</strong></span> <span class='ocrx_word' id='word_1_256' title='bbox 866 3299 884 3342; x_wconf 88' lang='lat' dir='ltr'>x</span> <span class='ocrx_word' id='word_1_257' title='bbox 906 3300 938 3362; x_wconf 93' lang='lat' dir='ltr'><strong>p.</strong></span> <span class='ocrx_word' id='word_1_258' title='bbox 957 3281 1019 3342; x_wconf 84' lang='lat'><strong>888</strong></span> <span class='ocrx_word' id='word_1_259' title='bbox 1044 3283 1076 3342; x_wconf 91' lang='lat' dir='ltr'><strong>P.</strong></span> <span class='ocrx_word' id='word_1_260' title='bbox 1101 3282 1264 3343; x_wconf 72' lang='lat' dir='ltr'><strong>ooochcor</strong></span> <span class='ocrx_word' id='word_1_261' title='bbox 1289 3281 1380 3342; x_wconf 83' lang='lat' dir='ltr'><strong>etiem</strong></span> <span class='ocrx_word' id='word_1_262' title='bbox 1401 3288 1533 3344; x_wconf 72' lang='lat' dir='ltr'><strong>oachim</strong></span> 
     </span>
     <span class='ocr_line' id='line_1_29' title="bbox 327 3380 1531 3465; baseline 0.002 -22"><span class='ocrx_word' id='word_1_263' title='bbox 327 3380 404 3463; x_wconf 75' lang='lat' dir='ltr'><strong>fecit</strong></span> <span class='ocrx_word' id='word_1_264' title='bbox 426 3380 537 3463; x_wconf 74' lang='lat' dir='ltr'><strong>ubsque</strong></span> <span class='ocrx_word' id='word_1_265' title='bbox 559 3401 590 3462; x_wconf 83' lang='lat' dir='ltr'><strong>o,</strong></span> <span class='ocrx_word' id='word_1_266' title='bbox 616 3390 650 3445; x_wconf 86' lang='grc' dir='ltr'><strong>ιιι</strong></span> <span class='ocrx_word' id='word_1_267' title='bbox 666 3382 761 3446; x_wconf 84' lang='lat' dir='ltr'><strong>Probo</strong></span> <span class='ocrx_word' id='word_1_268' title='bbox 782 3391 810 3445; x_wconf 85' lang='lat' dir='ltr'><strong>ct</strong></span> <span class='ocrx_word' id='word_1_269' title='bbox 827 3383 926 3465; x_wconf 84' lang='lat' dir='ltr'><strong>Capro</strong></span> <span class='ocrx_word' id='word_1_270' title='bbox 948 3391 976 3446; x_wconf 88' lang='lat' dir='ltr'><strong>et</strong></span> <span class='ocrx_word' id='word_1_271' title='bbox 992 3385 1119 3447; x_wconf 82' lang='lat' dir='ltr'><strong>Pollioni</strong></span> <span class='ocrx_word' id='word_1_272' title='bbox 1139 3391 1168 3447; x_wconf 87' lang='lat' dir='ltr'><strong>et</strong></span> <span class='ocrx_word' id='word_1_273' title='bbox 1184 3385 1281 3446; x_wconf 85' lang='lat' dir='ltr'><strong>Ptioio</strong></span> <span class='ocrx_word' id='word_1_274' title='bbox 1298 3383 1410 3465; x_wconf 81' lang='lat' dir='ltr'><strong>piacet.</strong></span> <span class='ocrx_word' id='word_1_275' title='bbox 1449 3403 1531 3446; x_wconf 89' lang='lat' dir='ltr'><strong>num</strong></span> 
     </span>
     <span class='ocr_line' id='line_1_30' title="bbox 329 3481 1531 3570; baseline 0.002 -24"><span class='ocrx_word' id='word_1_276' title='bbox 329 3481 459 3547; x_wconf 90' lang='lat' dir='ltr'><strong>Asinius</strong></span> <span class='ocrx_word' id='word_1_277' title='bbox 482 3493 516 3548; x_wconf 89' lang='lat' dir='ltr'><strong>ut</strong></span> <span class='ocrx_word' id='word_1_278' title='bbox 538 3484 579 3547; x_wconf 89' lang='lat' dir='ltr'><strong>de</strong></span> <span class='ocrx_word' id='word_1_279' title='bbox 602 3485 723 3550; x_wconf 84' lang='lat' dir='ltr'><strong>Catullo</strong></span> <span class='ocrx_word' id='word_1_280' title='bbox 746 3485 788 3549; x_wconf 91' lang='lat' dir='ltr'><strong>ita</strong></span> <span class='ocrx_word' id='word_1_281' title='bbox 811 3488 906 3550; x_wconf 88' lang='lat' dir='ltr'><strong>otium</strong></span> <span class='ocrx_word' id='word_1_282' title='bbox 929 3486 970 3550; x_wconf 89' lang='lat' dir='ltr'><strong>de</strong></span> <span class='ocrx_word' id='word_1_283' title='bbox 984 3487 1115 3570; x_wconf 76' lang='lat' dir='ltr'><strong>Vergilii</strong></span> <span class='ocrx_word' id='word_1_284' title='bbox 1131 3485 1274 3551; x_wconf 89' lang='lat' dir='ltr'><strong>Aeneide</strong></span> <span class='ocrx_word' id='word_1_285' title='bbox 1298 3485 1423 3568; x_wconf 89' lang='lat' dir='ltr'><strong>aliquid</strong></span> <span class='ocrx_word' id='word_1_286' title='bbox 1438 3505 1531 3549; x_wconf 90' lang='lat' dir='ltr'><strong>com-</strong></span> 
     </span>
     <span class='ocr_line' id='line_1_31' title="bbox 329 3581 1531 3671; baseline 0.003 -23"><span class='ocrx_word' id='word_1_287' title='bbox 329 3595 488 3650; x_wconf 87' lang='lat' dir='ltr'><strong>mentatus</strong></span> <span class='ocrx_word' id='word_1_288' title='bbox 510 3589 551 3650; x_wconf 92' lang='lat' dir='ltr'><strong>sit</strong></span> <span class='ocrx_word' id='word_1_289' title='bbox 573 3587 738 3670; x_wconf 86' lang='lat' dir='ltr'><strong>disputare</strong></span> <span class='ocrx_word' id='word_1_290' title='bbox 762 3590 813 3652; x_wconf 93' lang='lat' dir='ltr'><strong>hio</strong></span> <span class='ocrx_word' id='word_1_291' title='bbox 835 3591 998 3671; x_wconf 91' lang='lat' dir='ltr'><strong>nolumus,</strong></span> <span class='ocrx_word' id='word_1_292' title='bbox 1023 3611 1065 3654; x_wconf 87' lang='lat' dir='ltr'><strong>ne</strong></span> <span class='ocrx_word' id='word_1_293' title='bbox 1088 3592 1222 3653; x_wconf 92' lang='lat' dir='ltr'><strong>nimium</strong></span> <span class='ocrx_word' id='word_1_294' title='bbox 1244 3609 1262 3654; x_wconf 87' lang='lat' dir='ltr'><strong>a</strong></span> <span class='ocrx_word' id='word_1_295' title='bbox 1285 3589 1406 3654; x_wconf 84' lang='lat' dir='ltr'><strong>Catullo</strong></span> <span class='ocrx_word' id='word_1_296' title='bbox 1424 3581 1531 3653; x_wconf 76' lang='lat' dir='ltr'><strong>&#39;aber-</strong></span> 
     </span>
     <span class='ocr_line' id='line_1_32' title="bbox 330 3691 1529 3776; baseline 0.003 -24"><span class='ocrx_word' id='word_1_297' title='bbox 330 3709 453 3754; x_wconf 89' lang='lat' dir='ltr'><strong>remus:</strong></span> <span class='ocrx_word' id='word_1_298' title='bbox 486 3693 615 3772; x_wconf 88' lang='lat' dir='ltr'><strong>negavit</strong></span> <span class='ocrx_word' id='word_1_299' title='bbox 636 3691 752 3755; x_wconf 82' lang='lat' dir='ltr'><strong>laetum</strong></span> <span class='ocrx_word' id='word_1_300' title='bbox 776 3713 845 3756; x_wconf 89' lang='lat' dir='ltr'><strong>esse</strong></span> <span class='ocrx_word' id='word_1_301' title='bbox 869 3693 1050 3758; x_wconf 86' lang='lat' dir='ltr'><strong>Theodorus</strong></span> <span class='ocrx_word' id='word_1_302' title='bbox 1073 3696 1229 3776; x_wconf 80' lang='lat' dir='ltr'><strong>sergktos</strong></span> <span class='ocrx_word' id='word_1_303' title='bbox 1258 3695 1290 3755; x_wconf 93' lang='lat' dir='ltr'><strong>in</strong></span> <span class='ocrx_word' id='word_1_304' title='bbox 1314 3694 1529 3776; x_wconf 76' lang='lat' dir='ltr'><strong>ephemeride¹</strong></span> 
     </span>
     <span class='ocr_line' id='line_1_33' title="bbox 328 3793 1530 3880; baseline 0.003 -24"><span class='ocrx_word' id='word_1_305' title='bbox 328 3793 506 3858; x_wconf 88' lang='lat' dir='ltr'><strong>studiorum</strong></span> <span class='ocrx_word' id='word_1_306' title='bbox 529 3794 728 3877; x_wconf 86' lang='lat' dir='ltr'><strong>antiquitatis</strong></span> <span class='ocrx_word' id='word_1_307' title='bbox 750 3815 832 3860; x_wconf 88' lang='lat' dir='ltr'><strong>anno</strong></span> <span class='ocrx_word' id='word_1_308' title='bbox 848 3815 1040 3860; x_wconf 81' lang='lat' dir='ltr'><strong>snoocxmr</strong></span> <span class='ocrx_word' id='word_1_309' title='bbox 1063 3820 1095 3880; x_wconf 89' lang='lat' dir='ltr'><strong>p.</strong></span> <span class='ocrx_word' id='word_1_310' title='bbox 1116 3797 1188 3877; x_wconf 79' lang='lat' dir='ltr'><strong>teo,</strong></span> <span class='ocrx_word' id='word_1_311' title='bbox 1214 3797 1273 3860; x_wconf 92' lang='lat' dir='ltr'><strong>sed</strong></span> <span class='ocrx_word' id='word_1_312' title='bbox 1287 3797 1530 3879; x_wconf 87' lang='lat' dir='ltr'><strong>suspicionibus</strong></span> 
     </span>
     <span class='ocr_line' id='line_1_34' title="bbox 329 3898 1413 3982; baseline 0.003 -22"><span class='ocrx_word' id='word_1_313' title='bbox 329 3898 399 3960; x_wconf 90' lang='lat' dir='ltr'><strong>eius</strong></span> <span class='ocrx_word' id='word_1_314' title='bbox 420 3901 626 3979; x_wconf 88' lang='lat' dir='ltr'><strong>quantumvis</strong></span> <span class='ocrx_word' id='word_1_315' title='bbox 648 3901 820 3981; x_wconf 80' lang='lat' dir='ltr'><strong>ingeniosis</strong></span> <span class='ocrx_word' id='word_1_316' title='bbox 843 3899 988 3982; x_wconf 88' lang='lat' dir='ltr'><strong>quaestio</strong></span> <span class='ocrx_word' id='word_1_317' title='bbox 1010 3903 1141 3965; x_wconf 90' lang='lat' dir='ltr'><strong>minimo</strong></span> <span class='ocrx_word' id='word_1_318' title='bbox 1163 3901 1328 3982; x_wconf 85' lang='lat' dir='ltr'><strong>prolligata</strong></span> <span class='ocrx_word' id='word_1_319' title='bbox 1352 3910 1413 3964; x_wconf 87' lang='lat' dir='ltr'><strong>est.</strong></span> 
     </span>
    </p>

    <p class='ocr_par' dir='ltr' id='par_1_3' title="bbox 327 4001 1529 4499">
     <span class='ocr_line' id='line_1_35' title="bbox 414 4001 1529 4086; baseline 0.004 -25"><span class='ocrx_word' id='word_1_320' title='bbox 414 4001 460 4062; x_wconf 86' lang='lat' dir='ltr'><strong>Do</strong></span> <span class='ocrx_word' id='word_1_321' title='bbox 476 4001 595 4064; x_wconf 88' lang='lat' dir='ltr'><strong>Catullo</strong></span> <span class='ocrx_word' id='word_1_322' title='bbox 619 4003 727 4084; x_wconf 89' lang='lat' dir='ltr'><strong>igitur,</strong></span> <span class='ocrx_word' id='word_1_323' title='bbox 752 4012 788 4066; x_wconf 90' lang='lat' dir='ltr'><strong>ut</strong></span> <span class='ocrx_word' id='word_1_324' title='bbox 810 4003 850 4066; x_wconf 91' lang='lat' dir='ltr'><strong>ad</strong></span> <span class='ocrx_word' id='word_1_325' title='bbox 874 4005 958 4066; x_wconf 87' lang='lat' dir='ltr'><strong>hune</strong></span> <span class='ocrx_word' id='word_1_326' title='bbox 980 4003 1162 4085; x_wconf 84' lang='lat' dir='ltr'><strong>redeamus,</strong></span> <span class='ocrx_word' id='word_1_327' title='bbox 1187 4003 1266 4086; x_wconf 93' lang='lat' dir='ltr'><strong>quid</strong></span> <span class='ocrx_word' id='word_1_328' title='bbox 1286 4003 1419 4068; x_wconf 89' lang='lat' dir='ltr'><strong>Asinius</strong></span> <span class='ocrx_word' id='word_1_329' title='bbox 1441 4003 1529 4068; x_wconf 87' lang='lat' dir='ltr'><strong>Polio</strong></span> 
     </span>
     <span class='ocr_line' id='line_1_36' title="bbox 329 4101 1528 4187; baseline 0.005 -23"><span class='ocrx_word' id='word_1_330' title='bbox 329 4101 518 4166; x_wconf 86' lang='lat' dir='ltr'><strong>iudicaverit</strong></span> <span class='ocrx_word' id='word_1_331' title='bbox 544 4115 673 4185; x_wconf 89' lang='lat' dir='ltr'><strong>praeter</strong></span> <span class='ocrx_word' id='word_1_332' title='bbox 703 4105 833 4184; x_wconf 86' lang='lat' dir='ltr'><strong>laetam,</strong></span> <span class='ocrx_word' id='word_1_333' title='bbox 871 4117 906 4170; x_wconf 90' lang='lat' dir='ltr'><strong>ut</strong></span> <span class='ocrx_word' id='word_1_334' title='bbox 935 4105 1084 4187; x_wconf 87' lang='lat' dir='ltr'><strong>videtur,</strong></span> <span class='ocrx_word' id='word_1_335' title='bbox 1116 4107 1157 4171; x_wconf 88' lang='lat' dir='ltr'><strong>ab</strong></span> <span class='ocrx_word' id='word_1_336' title='bbox 1187 4127 1223 4170; x_wconf 93' lang='lat' dir='ltr'><strong>eo</strong></span> <span class='ocrx_word' id='word_1_337' title='bbox 1251 4107 1348 4171; x_wconf 91' lang='lat' dir='ltr'><strong>unius</strong></span> <span class='ocrx_word' id='word_1_338' title='bbox 1377 4108 1528 4172; x_wconf 88' lang='lat' dir='ltr'><strong>vocabuli</strong></span> 
     </span>
     <span class='ocr_line' id='line_1_37' title="bbox 329 4207 1527 4293; baseline 0.007 -27"><span class='ocrx_word' id='word_1_339' title='bbox 329 4207 614 4288; x_wconf 90' lang='lat' dir='ltr'><strong>reprehensionem</strong></span> <span class='ocrx_word' id='word_1_340' title='bbox 636 4211 813 4288; x_wconf 88' lang='lat' dir='ltr'><strong>nescimus;</strong></span> <span class='ocrx_word' id='word_1_341' title='bbox 840 4229 1032 4292; x_wconf 87' lang='lat' dir='ltr'><strong>quamquam</strong></span> <span class='ocrx_word' id='word_1_342' title='bbox 1048 4211 1202 4275; x_wconf 88' lang='lat' dir='ltr'><strong>vellemus</strong></span> <span class='ocrx_word' id='word_1_343' title='bbox 1217 4213 1312 4290; x_wconf 90' lang='lat' dir='ltr'><strong>seire,</strong></span> <span class='ocrx_word' id='word_1_344' title='bbox 1331 4213 1527 4293; x_wconf 88' lang='lat' dir='ltr'><strong>praesertim</strong></span> 
     </span>
     <span class='ocr_line' id='line_1_38' title="bbox 328 4309 1529 4402; baseline 0.004 -30"><span class='ocrx_word' id='word_1_345' title='bbox 328 4327 400 4372; x_wconf 88' lang='lat' dir='ltr'><strong>oum</strong></span> <span class='ocrx_word' id='word_1_346' title='bbox 424 4309 550 4373; x_wconf 85' lang='lat' dir='ltr'><strong>iuvenis</strong></span> <span class='ocrx_word' id='word_1_347' title='bbox 572 4311 722 4375; x_wconf 88' lang='lat' dir='ltr'><strong>iuvenem</strong></span> <span class='ocrx_word' id='word_1_348' title='bbox 744 4313 901 4377; x_wconf 87' lang='lat' dir='ltr'><strong>novisset:</strong></span> <span class='ocrx_word' id='word_1_349' title='bbox 928 4313 1074 4376; x_wconf 88' lang='lat' dir='ltr'><strong>admirati</strong></span> <span class='ocrx_word' id='word_1_350' title='bbox 1097 4325 1171 4402; x_wconf 86' lang='lat' dir='ltr'><strong>sunt</strong></span> <span class='ocrx_word' id='word_1_351' title='bbox 1187 4314 1344 4378; x_wconf 83' lang='lat' dir='ltr'><strong>Catullum</strong></span> <span class='ocrx_word' id='word_1_352' title='bbox 1360 4314 1424 4378; x_wconf 94' lang='lat' dir='ltr'><strong>duo</strong></span> <span class='ocrx_word' id='word_1_353' title='bbox 1441 4324 1529 4377; x_wconf 88' lang='lat' dir='ltr'><strong>tem·</strong></span> 
     </span>
     <span class='ocr_line' id='line_1_39' title="bbox 327 4412 1527 4499; baseline 0.006 -25"><span class='ocrx_word' id='word_1_354' title='bbox 327 4431 442 4493; x_wconf 91' lang='lat' dir='ltr'><strong>porum</strong></span> <span class='ocrx_word' id='word_1_355' title='bbox 464 4412 598 4494; x_wconf 87' lang='lat' dir='ltr'><strong>Augusti</strong></span> <span class='ocrx_word' id='word_1_356' title='bbox 626 4424 755 4497; x_wconf 88' lang='lat' dir='ltr'><strong>poetae,</strong></span> <span class='ocrx_word' id='word_1_357' title='bbox 786 4433 848 4478; x_wconf 89' lang='lat' dir='ltr'><strong>non</strong></span> <span class='ocrx_word' id='word_1_358' title='bbox 878 4416 923 4478; x_wconf 93' lang='lat' dir='ltr'><strong>illi</strong></span> <span class='ocrx_word' id='word_1_359' title='bbox 953 4417 1084 4499; x_wconf 83' lang='lat' dir='ltr'><strong>quidem</strong></span> <span class='ocrx_word' id='word_1_360' title='bbox 1112 4417 1300 4499; x_wconf 83' lang='lat' dir='ltr'><strong>antiquarii,</strong></span> <span class='ocrx_word' id='word_1_361' title='bbox 1333 4416 1391 4480; x_wconf 91' lang='lat' dir='ltr'><strong>sed</strong></span> <span class='ocrx_word' id='word_1_362' title='bbox 1421 4433 1527 4481; x_wconf 88' lang='lat' dir='ltr'><strong>novae</strong></span> 
     </span>
    </p>

    <p class='ocr_par' dir='ltr' id='par_1_4' title="bbox 302 4506 1528 4602">
     <span class='ocr_line' id='line_1_40' title="bbox 302 4506 1528 4602; baseline 0 -18"><span class='ocrx_word' id='word_1_363' title='bbox 302 4517 433 4598; x_wconf 83' lang='lat' dir='ltr'><strong>opoesis</strong></span> <span class='ocrx_word' id='word_1_364' title='bbox 455 4514 601 4597; x_wconf 91' lang='lat' dir='ltr'><strong>studiosi,</strong></span> <span class='ocrx_word' id='word_1_365' title='bbox 626 4506 717 4580; x_wconf 82' lang='lat' dir='ltr'><strong>al&#39;ter</strong></span> <span class='ocrx_word' id='word_1_366' title='bbox 731 4517 925 4601; x_wconf 80' lang='lat' dir='ltr'><strong>Lygdamus,</strong></span> <span class='ocrx_word' id='word_1_367' title='bbox 950 4517 1120 4584; x_wconf 89' lang='lat' dir='ltr'><strong>mediocris</strong></span> <span class='ocrx_word' id='word_1_368' title='bbox 1143 4521 1245 4600; x_wconf 88' lang='lat' dir='ltr'><strong>homo,</strong></span> <span class='ocrx_word' id='word_1_369' title='bbox 1270 4519 1353 4584; x_wconf 87' lang='lat' dir='ltr'><strong>alter</strong></span> <span class='ocrx_word' id='word_1_370' title='bbox 1376 4521 1528 4602; x_wconf 90' lang='lat' dir='ltr'><strong>ingenio-</strong></span> 
     </span>
    </p>
   </div>
   <div class='ocr_carea' id='block_1_3' title="bbox 0 0 1638 5108">
    <p class='ocr_par' dir='ltr' id='par_1_5' title="bbox 0 0 1638 5108">
     <span class='ocr_line' id='line_1_41' title="bbox 0 0 1638 5108; baseline 0 0"><span class='ocrx_word' id='word_1_371' title='bbox 0 0 1638 5108; x_wconf 95' lang='lat' dir='ltr'><strong> </strong></span> 
     </span>
    </p>
   </div>
  </div>
 </body>
</html>
