3184 5108
324 363 398 442 244
619 389 709 449 lsnnx
730 403 897 448 osortonvn
919 401 1098 446 aasrrvaarn
1124 383 1217 444 tace.

480 577 531 638 96.
571 577 704 638 balaena
727 584 855 659 quoque
879 573 945 634 iera
969 569 1178 636 intolerabilis
1200 573 1233 634 in
1252 571 1342 634 India
1363 573 1497 651 nascitur,

412 679 467 741 ubi
491 681 628 762 plurima
650 693 750 761 prope
772 677 868 741 totius
890 677 977 738 orbis
998 675 1144 758 prodigia
1165 673 1326 757 leguntur.
1373 673 1411 738 de
1430 695 1498 757 qna-

413 801 483 846 rum
506 781 645 864 pellibus
670 779 839 845 beluarum
856 777 929 843 ‘sibi
958 792 1036 862 gens
1058 779 1215 862 quaedam
1244 790 1321 861 aput
1342 779 1432 841 lndos
1451 798 1499 840 ve-

412 887 634 949 stimentorum
655 885 794 967 tegmina
818 885 976 966 conponit.

347 989 366 1050 ii
477 989 529 1051 at.
569 987 698 1052 Fluvios
727 986 836 1051 Indiae
859 987 996 1068 Ganges,
1028 987 1083 1068 qui
1112 1003 1225 1049 aurum
1255 1002 1326 1048 cum
1356 983 1500 1066 lapidibus

283 1106 316 1153 aa
412 1092 534 1174 profert
556 1093 714 1175 pretiosis,
745 1081 833 1154 mira¹
862 1101 1078 1153 monstruosae
1101 1087 1236 1152 feritatis
1258 1103 1376 1170 genera
1402 1089 1500 1169 gignit,

413 1209 548 1276 quarum
575 1198 746 1277 scriptores
774 1195 942 1258 beluarum
971 1191 1011 1256 de
1042 1190 1092 1255 his
1119 1194 1257 1256 tacuisse
1291 1209 1348 1274 pro
1377 1189 1501 1253 incredi-

412 1297 532 1362 bilibus
554 1295 713 1362 testantut·
735 1295 876 1360 formatis
899 1297 1020 1378 figuris.

477 1401 530 1464 ts.
570 1399 609 1464 Et
631 1399 775 1464 scribunt
796 1399 926 1464 bomani
950 1400 1165 1463 cumGraecis
1188 1419 1248 1481 per
1270 1399 1355 1480 ipsas
1377 1399 1502 1479 poeticas

328 1505 366 1564 to
412 1503 649 1568 incredibilium
679 1518 788 1568 rerum
824 1502 947 1567 tabulas
975 1501 1111 1584 bipedes
1140 1517 1238 1583 equos
1271 1503 1304 1564 in
1335 1504 1414 1564 mari
1442 1515 1501 1562 esse

411 1609 586 1690 Tyrrheno,
612 1607 698 1689 quod
719 1611 837 1671 maiore
861 1617 951 1690 parta
969 1607 1109 1688 corporis
1130 1603 1236 1688 priore
1259 1616 1413 1686 equorum
1433 1602 1503 1683 figu-

412 1729 467 1774 ras
486 1719 518 1774 et
539 1713 715 1793 posteriore
739 1711 874 1792 piscium
897 1709 1046 1772 habeant.

389 1879 395 1888 ,
476 1815 529 1876 29.
568 1810 752 1877 Alexander
774 1809 898 1877 blacedo
921 1833 955 1876 se
978 1812 1012 1875 in
1036 1811 1124 1874 lndia
1146 1825 1255 1875 mures
1277 1809 1421 1892 vulpium
1448 1819 1504 1870 sta-

412 1929 483 1979 tura
505 1915 624 1980 vidisse
647 1917 688 1980 ad
710 1915 911 1980 Aristotelem
934 1915 1115 1997 descripsit,
1147 1916 1201 1996 qui
1231 1913 1389 1976 morsibus
1413 1913 1503 1994 pesti-

328 2021 365 2080 lb
410 2020 489 2084 ieris
512 2023 655 2084 homines
677 2032 710 2084 et
732 2023 873 2084 iumenta
895 2019 1087 2082 lacerabant.
1295 2007 1296 2012 ¹

476 2140 529 2202 30.
569 2141 609 2203 Et
638 2143 670 2204 in
695 2143 797 2204 vicino
820 2139 990 2204 Armeniae
1020 2141 1097 2220 loco,
1128 2128 1183 2202 ubi
1215 2139 1404 2218 margaritae
1426 2136 1502 2199 nasci

411 2240 635 2326 perhibentur,
660 2246 769 2308 leones
792 2256 825 2307 et
846 2245 957 2326 tigres,
983 2243 1090 2324 lynces
1114 2252 1145 2304 et
1167 2239 1334 2322 leopardos
1357 2250 1388 2302 et
1403 2249 1504 2302 cuncta

412 2359 529 2427 genera
552 2345 691 2411 ferarum
714 2346 915 2410 horribilium
938 2365 1028 2410 mons
1051 2345 1181 2427 quidam
1203 2343 1375 2407 altissimus
1400 2343 1503 2424 gignit.

477 2441 538 2529 3t.
570 2469 604 2532 ln
626 2459 776 2532 Brixonte
799 2489 924 2550 quoquc
952 2468 1074 2532 bestiae
1103 2465 1259 2548 quaedam
1282 2485 1344 2527 non
1369 2481 1504 2544 magnae,

327 2573 367 2632 20
412 2581 460 2633 set
489 2590 589 2654 prope
619 2573 767 2635 omnibus
796 2569 978 2636 nationibus
1007 2573 1132 2652 ignotae
1168 2571 1254 2650 gigni
1291 2566 1503 2650 perhibentur,

414 2799 437 2843 t.
457 2809 516 2846 xxvr
534 2795 573 2847 lle
592 2791 687 2847 balena
706 2797 737 2858 A,
764 2795 930 2847 xvaellina
951 2797 993 2846 B?
1074 2793 1171 2845 Baleba
1189 2793 1219 2858 A,
1244 2786 1347 2843 Relllna
1366 2789 1395 2842 B.
1468 2791 1506 2838 in-

326 2877 480 2932 tollerabilis
499 2881 554 2932 AB.
650 2885 673 2933 A.
699 2877 817 2933 bellibus
840 2881 981 2934 beluarum
1001 2881 1030 2941 A,
1055 2879 1174 2948 pellibus
1198 2877 1359 2929 bellicarum
1379 2875 1409 2927 lt.

327 2968 351 3017 t.
370 2969 561 3033 conponuntur
579 2967 608 3019 A.
669 2967 814 3020 Alexandet
838 2967 949 3032 epistula
970 2979 999 3031 p.
1014 2971 1046 3018 tt
1072 2967 1186 3017 ulterius
1210 2965 1298 3030 ipsum
1324 2963 1386 3013 litus
1409 2963 1505 3012 inerant

325 3049 384 3102 indi
401 3049 577 3104 balaenarum
602 3051 775 3119 lerammque
800 3053 916 3120 pellibus
938 3054 1063 3104 contecti.
1154 3055 1178 3101 t.
1199 3060 1266 3100 xxtn
1284 3049 1322 3100 De
1341 3047 1424 3098 iluuio
1441 3045 1508 3096 indic

325 3139 444 3201 gangetis
466 3137 573 3203 (ganges
590 3141 619 3190 tn
636 3141 728 3202 indiae)
749 3139 779 3204 A,
805 3148 862 3190 nu
880 3139 919 3192 De
937 3149 1021 3204 gange
1042 3139 1073 3188 B.
1156 3135 1256 3201 gaudes
1275 3135 1306 3186 Β.
1407 3137 1431 3184 t.
1450 3143 1509 3196 pro-

327 3221 396 3274 lerct
413 3224 443 3273 A.
522 3228 673 3276 monstrose
692 3226 723 3276 B.
818 3230 842 3276 t.
863 3238 912 3291 pro
931 3223 990 3275 Ali:
1009 3225 1093 3288 praei
1146 3220 1290 3273 Alexandri
1307 3221 1417 3283 epistula
1437 3231 1464 3280 p.
1478 3215 1505 3264 li

326 3308 375 3359 sed
393 3309 421 3358 et
437 3309 466 3358 in
485 3309 576 3374 Gange
593 3307 706 3361 humine
723 3315 802 3362 erant
819 3305 987 3362 admirabilia
1004 3312 1142 3376 portento:
1170 3305 1203 3358 de
1222 3305 1330 3372 quibus,
1358 3319 1391 3355 oa
1410 3303 1456 3354 tibi
1473 3299 1508 3350 lo-

326 3391 439 3445 bulosus
456 3396 573 3458 viderer,
602 3393 779 3447 scribendam
797 3406 851 3447 non
869 3398 970 3461 putavi.
1060 3399 1085 3445 9.
1105 3403 1181 3444 xxmu
1200 3391 1238 3444 De
1255 3389 1370 3457 bipedes
1387 3392 1416 3452 A,
1446 3399 1507 3438 min

326 3477 442 3544 Blpedes
466 3485 529 3546 aqut
552 3483 579 3532 in
604 3483 671 3533 mari
695 3481 834 3546 Tyrrheno
859 3481 899 3533 Il?
939 3481 1040 3545 bipedes
1064 3483 1122 3544 cont
1144 3483 1239 3542 sumpti
1261 3483 1324 3529 sunt
1347 3489 1381 3529 aa
1412 3473 1508 3540 rapte

325 3576 414 3629 peorp.
434 3577 461 3615 rr
479 3571 538 3632 tet,
565 3567 609 3619 nbi
627 3567 733 3619 Servius
757 3571 820 3619 naec
843 3567 997 3630 otsonpsn,
1026 3567 1087 3632 equi
1112 3567 1185 3617 enim
1208 3565 1305 3614 marini
1330 3563 1417 3629 prima
1440 3563 1507 3627 parte

326 3651 389 3715 equi
408 3653 480 3714 sunl,
501 3657 637 3718 postrema
656 3653 830 3705 resolvuntur
847 3655 874 3705 ln
893 3655 990 3719 pisces.
1017 3642 1020 3650 ’
1081 3655 1122 3702 tc.
1144 3657 1235 3702 rerum
1254 3661 1295 3700 om
1312 3649 1342 3700 A.
1419 3653 1508 3712 siquos

326 3737 356 3786 A.
429 3741 471 3789 tt.
491 3723 567 3790 trano
584 3739 615 3800 A,
641 3744 749 3791 terreno
763 3739 792 3791 Β.
848 3739 971 3805 quodA:
990 3741 1037 3804 qui
1057 3739 1086 3790 Β.
1141 3746 1288 3802 aequorum
1300 3735 1330 3785 A.
1404 3735 1444 3784 it.
1463 3730 1507 3780 ha-

326 3821 393 3872 bent
410 3823 441 3873 A.
532 3827 575 3876 tt.
595 3832 681 3876 xxvnn
699 3825 737 3875 De
757 3824 900 3876 alexandro
919 3822 1030 3876 macedo
1049 3824 1083 3885 A,
1108 3837 1186 3874 xxvnr
1203 3822 1293 3872 Mures
1311 3817 1435 3885 vulpium
1457 3821 1508 3868 sta-

327 3911 385 3958 tura
412 3907 453 3960 a?
510 3909 654 3962 Atecandri
677 3912 789 3975 epistula
810 3923 838 3974 p.
854 3911 885 3960 ti
916 3911 1076 3961 antelucano
1098 3909 1196 3960 deinde
1223 3911 1345 3972 tempore
1368 3931 1404 3944 -
1424 3911 1507 3954 mum

326 3993 410 4045 indici
429 3997 455 4046 in
474 4001 562 4048 castra
580 4001 712 4049 venerunt
730 3997 857 4062 vulpibus
875 3995 986 4057 similes,
1007 4007 1123 4061 quorum
1142 3991 1279 4044 morsibus
1296 3991 1432 4043 vulnerate
1446 4001 1509 4052 qna-

326 4079 459 4144 drnpedta
477 4084 568 4133 statim
586 4081 758 4148 aspirabant:
789 4081 945 4133 bominibus
967 4085 1057 4133 antem
1082 4081 1154 4132 idem
1181 4089 1287 4130 morsus
1306 4091 1360 4129 non
1378 4086 1463 4141 osque
1477 4071 1506 4123 ad

326 4165 464 4216 interitum
482 4167 606 4224 nocebat.
668 4181 697 4220 se
716 4183 757 4219 om
776 4167 805 4219 B.
886 4172 925 4219 it.
947 4165 1103 4220 lacerabunt
1121 4166 1151 4217 A.
1232 4164 1273 4216 tt.
1293 4173 1350 4214 mx
1368 4163 1404 4214 Da
1423 4161 1506 4211 monia

325 4249 457 4302 altissimo
478 4251 541 4304 ieris
560 4253 675 4306 fecundo
695 4253 736 4306 B?
771 4257 798 4306 in
816 4255 836 4306 A
855 4253 918 4305 baec
935 4267 994 4305 cnm
1011 4253 1218 4304 antecedentibus
1235 4253 1372 4302 contencio
1388 4252 1457 4298 sunt

327 4339 481 4392 armoeniae
499 4343 599 4392 montis
617 4339 677 4392 loco
693 4340 723 4402 A,
750 4341 871 4392 armonia
891 4342 989 4391 montis
1007 4339 1067 4390 loco
1086 4340 1116 4389 B.
1206 4341 1247 4387 tt.
1259 4333 1411 4405 perhibent
1429 4331 1457 4384 B.

326 4425 354 4474 et
372 4437 413 4473 om
431 4425 463 4475 Β.
562 4429 603 4476 tit.
625 4425 773 4479 altissimus
797 4439 838 4477 om
855 4425 885 4478 A.
988 4429 1030 4476 ts.
1048 4437 1096 4476 xxx
1118 4423 1154 4474 lle
1179 4423 1282 4474 bestiae
1305 4419 1461 4474 melestioao
1478 4417 1504 4472 A,

325 4522 373 4559 xxx
390 4507 535 4564 Celestices
553 4513 595 4562 Bi
