<?xml version="1.0" encoding="UTF-8"?>
<!DOCTYPE html PUBLIC "-//W3C//DTD XHTML 1.0 Transitional//EN"
    "http://www.w3.org/TR/xhtml1/DTD/xhtml1-transitional.dtd">
<html xmlns="http://www.w3.org/1999/xhtml" xml:lang="en" lang="en">
 <head>
  <title>
</title>
<meta http-equiv="Content-Type" content="text/html;charset=utf-8" />
  <meta name='ocr-system' content='tesseract 3.04.00' />
  <meta name='ocr-capabilities' content='ocr_page ocr_carea ocr_par ocr_line ocrx_word'/>
</head>
<body>
  <div class='ocr_page' id='page_1' title='image "./mavriciihavptii00haupgoog/mavriciihavptii00haupgoog_0454.png"; bbox 0 0 3240 5094; ppageno 0'>
   <div class='ocr_carea' id='block_1_1' title="bbox 171 987 1264 1092">
    <p class='ocr_par' dir='ltr' id='par_1_1' title="bbox 171 987 1264 1092">
     <span class='ocr_line' id='line_1_1' title="bbox 171 987 1264 1092; baseline 0.004 -4"><span class='ocrx_word' id='word_1_1' title='bbox 171 989 352 1092; x_wconf 71' lang='lat' dir='ltr'><strong>mulla</strong></span> <span class='ocrx_word' id='word_1_2' title='bbox 382 987 703 1088; x_wconf 81' lang='lat' dir='ltr'><strong>hllGTlONVll</strong></span> <span class='ocrx_word' id='word_1_3' title='bbox 733 987 1103 1088; x_wconf 79' lang='lat' dir='ltr'><strong>HlBllRNAllVM</strong></span> <span class='ocrx_word' id='word_1_4' title='bbox 1138 999 1264 1092; x_wconf 84' lang='grc'><strong>1871.</strong></span> 
     </span>
    </p>
   </div>
   <div class='ocr_carea' id='block_1_2' title="bbox 108 1242 1333 4565">
    <p class='ocr_par' dir='ltr' id='par_1_2' title="bbox 108 1242 1333 4565">
     <span class='ocr_line' id='line_1_2' title="bbox 116 1242 1312 1374; baseline 0.001 -20"><span class='ocrx_word' id='word_1_5' title='bbox 116 1242 248 1355; x_wconf 77' lang='lat' dir='ltr'><strong>Vetus</strong></span> <span class='ocrx_word' id='word_1_6' title='bbox 269 1301 318 1354; x_wconf 89' lang='lat' dir='ltr'><strong>est</strong></span> <span class='ocrx_word' id='word_1_7' title='bbox 339 1292 626 1372; x_wconf 84' lang='lat' dir='ltr'><strong>grammatistarum</strong></span> <span class='ocrx_word' id='word_1_8' title='bbox 641 1289 836 1353; x_wconf 89' lang='lat' dir='ltr'><strong>consuetudo</strong></span> <span class='ocrx_word' id='word_1_9' title='bbox 849 1299 886 1353; x_wconf 93' lang='grc' dir='ltr'><strong>ιιι</strong></span> <span class='ocrx_word' id='word_1_10' title='bbox 900 1291 1055 1372; x_wconf 91' lang='lat' dir='ltr'><strong>colloquia</strong></span> <span class='ocrx_word' id='word_1_11' title='bbox 1073 1290 1215 1355; x_wconf 77' lang='lat' dir='ltr'><strong>scribant</strong></span> <span class='ocrx_word' id='word_1_12' title='bbox 1229 1311 1312 1374; x_wconf 92' lang='lat' dir='ltr'><strong>quae</strong></span> 
     </span>
     <span class='ocr_line' id='line_1_3' title="bbox 116 1392 1313 1476; baseline 0.003 -21"><span class='ocrx_word' id='word_1_13' title='bbox 116 1396 167 1457; x_wconf 88' lang='lat' dir='ltr'><strong>eis</strong></span> <span class='ocrx_word' id='word_1_14' title='bbox 191 1395 250 1476; x_wconf 91' lang='lat' dir='ltr'><strong>qui</strong></span> <span class='ocrx_word' id='word_1_15' title='bbox 271 1395 476 1476; x_wconf 76' lang='lat' dir='ltr'><strong>peregrinam</strong></span> <span class='ocrx_word' id='word_1_16' title='bbox 498 1393 638 1474; x_wconf 75' lang='lat' dir='ltr'><strong>linguam</strong></span> <span class='ocrx_word' id='word_1_17' title='bbox 657 1392 824 1456; x_wconf 75' lang='lat' dir='ltr'><strong>addiscere</strong></span> <span class='ocrx_word' id='word_1_18' title='bbox 838 1394 949 1457; x_wconf 87' lang='lat' dir='ltr'><strong>volunt</strong></span> <span class='ocrx_word' id='word_1_19' title='bbox 971 1393 1133 1456; x_wconf 88' lang='lat' dir='ltr'><strong>cottidiani</strong></span> <span class='ocrx_word' id='word_1_20' title='bbox 1156 1398 1313 1459; x_wconf 90' lang='lat' dir='ltr'><strong>sermonis</strong></span> 
     </span>
     <span class='ocr_line' id='line_1_4' title="bbox 115 1494 1313 1580; baseline 0.001 -19"><span class='ocrx_word' id='word_1_21' title='bbox 115 1499 262 1580; x_wconf 88' lang='lat' dir='ltr'><strong>aliquam</strong></span> <span class='ocrx_word' id='word_1_22' title='bbox 277 1494 485 1578; x_wconf 90' lang='lat' dir='ltr'><strong>suppeditent</strong></span> <span class='ocrx_word' id='word_1_23' title='bbox 505 1496 697 1560; x_wconf 75' lang='lat' dir='ltr'><strong>facultatem.</strong></span> <span class='ocrx_word' id='word_1_24' title='bbox 744 1496 849 1578; x_wconf 90' lang='lat' dir='ltr'><strong>qualia</strong></span> <span class='ocrx_word' id='word_1_25' title='bbox 871 1497 1026 1578; x_wconf 88' lang='lat' dir='ltr'><strong>colloquia</strong></span> <span class='ocrx_word' id='word_1_26' title='bbox 1048 1515 1125 1560; x_wconf 93' lang='lat' dir='ltr'><strong>num</strong></span> <span class='ocrx_word' id='word_1_27' title='bbox 1147 1496 1313 1580; x_wconf 88' lang='lat' dir='ltr'><strong>discipulis</strong></span> 
     </span>
     <span class='ocr_line' id='line_1_5' title="bbox 116 1598 1313 1683; baseline -0.001 -19"><span class='ocrx_word' id='word_1_28' title='bbox 116 1619 269 1683; x_wconf 86' lang='lat' dir='ltr'><strong>magnam</strong></span> <span class='ocrx_word' id='word_1_29' title='bbox 291 1618 399 1681; x_wconf 90' lang='lat' dir='ltr'><strong>neque</strong></span> <span class='ocrx_word' id='word_1_30' title='bbox 421 1599 515 1662; x_wconf 87' lang='lat' dir='ltr'><strong>aliter</strong></span> <span class='ocrx_word' id='word_1_31' title='bbox 536 1598 712 1681; x_wconf 90' lang='lat' dir='ltr'><strong>parabilem</strong></span> <span class='ocrx_word' id='word_1_32' title='bbox 733 1599 880 1663; x_wconf 78' lang='lat' dir='ltr'><strong>adierant</strong></span> <span class='ocrx_word' id='word_1_33' title='bbox 900 1600 1069 1662; x_wconf 80' lang='lat' dir='ltr'><strong>utilitatem</strong></span> <span class='ocrx_word' id='word_1_34' title='bbox 1091 1599 1231 1663; x_wconf 90' lang='lat' dir='ltr'><strong>dubitari</strong></span> <span class='ocrx_word' id='word_1_35' title='bbox 1253 1621 1313 1682; x_wconf 91' lang='lat' dir='ltr'><strong>po-</strong></span> 
     </span>
     <span class='ocr_line' id='line_1_6' title="bbox 115 1701 1312 1785; baseline -0.001 -18"><span class='ocrx_word' id='word_1_36' title='bbox 115 1715 196 1784; x_wconf 88' lang='lat' dir='ltr'><strong>test,</strong></span> <span class='ocrx_word' id='word_1_37' title='bbox 224 1723 243 1766; x_wconf 92' lang='lat' dir='ltr'><strong>a</strong></span> <span class='ocrx_word' id='word_1_38' title='bbox 265 1703 370 1785; x_wconf 90' lang='lat' dir='ltr'><strong>paullo</strong></span> <span class='ocrx_word' id='word_1_39' title='bbox 393 1701 622 1765; x_wconf 80' lang='lat' dir='ltr'><strong>eruditioribus</strong></span> <span class='ocrx_word' id='word_1_40' title='bbox 645 1704 701 1783; x_wconf 92' lang='lat' dir='ltr'><strong>qui</strong></span> <span class='ocrx_word' id='word_1_41' title='bbox 722 1702 817 1766; x_wconf 90' lang='lat' dir='ltr'><strong>simul</strong></span> <span class='ocrx_word' id='word_1_42' title='bbox 832 1703 945 1764; x_wconf 87' lang='lat' dir='ltr'><strong>vivunt</strong></span> <span class='ocrx_word' id='word_1_43' title='bbox 966 1705 1079 1766; x_wconf 91' lang='lat' dir='ltr'><strong>meritc</strong></span> <span class='ocrx_word' id='word_1_44' title='bbox 1101 1713 1312 1767; x_wconf 88' lang='lat' dir='ltr'><strong>contemnun-</strong></span> 
     </span>
     <span class='ocr_line' id='line_1_7' title="bbox 115 1806 1312 1888; baseline -0.002 -16"><span class='ocrx_word' id='word_1_45' title='bbox 115 1818 190 1872; x_wconf 90' lang='lat' dir='ltr'><strong>tur:</strong></span> <span class='ocrx_word' id='word_1_46' title='bbox 226 1808 253 1868; x_wconf 89' lang='lat' dir='ltr'><strong>si</strong></span> <span class='ocrx_word' id='word_1_47' title='bbox 282 1815 389 1869; x_wconf 91' lang='lat' dir='ltr'><strong>autem</strong></span> <span class='ocrx_word' id='word_1_48' title='bbox 415 1815 488 1868; x_wconf 89' lang='lat' dir='ltr'><strong>ante</strong></span> <span class='ocrx_word' id='word_1_49' title='bbox 518 1806 617 1869; x_wconf 91' lang='lat' dir='ltr'><strong>multa</strong></span> <span class='ocrx_word' id='word_1_50' title='bbox 640 1807 765 1869; x_wconf 88' lang='lat' dir='ltr'><strong>saecula</strong></span> <span class='ocrx_word' id='word_1_51' title='bbox 787 1808 964 1886; x_wconf 88' lang='lat' dir='ltr'><strong>conscripta</strong></span> <span class='ocrx_word' id='word_1_52' title='bbox 986 1813 1078 1886; x_wconf 89' lang='lat' dir='ltr'><strong>sunt,</strong></span> <span class='ocrx_word' id='word_1_53' title='bbox 1110 1806 1197 1870; x_wconf 91' lang='lat' dir='ltr'><strong>haud</strong></span> <span class='ocrx_word' id='word_1_54' title='bbox 1218 1827 1312 1888; x_wconf 89' lang='lat' dir='ltr'><strong>sper-</strong></span> 
     </span>
     <span class='ocr_line' id='line_1_8' title="bbox 114 1907 1311 1991; baseline -0.001 -17"><span class='ocrx_word' id='word_1_55' title='bbox 114 1909 227 1974; x_wconf 92' lang='lat' dir='ltr'><strong>nenda</strong></span> <span class='ocrx_word' id='word_1_56' title='bbox 251 1908 326 1972; x_wconf 89' lang='lat' dir='ltr'><strong>inde</strong></span> <span class='ocrx_word' id='word_1_57' title='bbox 349 1911 491 1991; x_wconf 90' lang='lat' dir='ltr'><strong>capimus</strong></span> <span class='ocrx_word' id='word_1_58' title='bbox 514 1907 702 1972; x_wconf 87' lang='lat' dir='ltr'><strong>eruditionis</strong></span> <span class='ocrx_word' id='word_1_59' title='bbox 725 1909 951 1985; x_wconf 89' lang='lat' dir='ltr'><strong>emolumenta;</strong></span> <span class='ocrx_word' id='word_1_60' title='bbox 978 1910 1098 1990; x_wconf 85' lang='lat' dir='ltr'><strong>quippe</strong></span> <span class='ocrx_word' id='word_1_61' title='bbox 1121 1908 1311 1973; x_wconf 84' lang='lat' dir='ltr'><strong>cottidianae</strong></span> 
     </span>
     <span class='ocr_line' id='line_1_9' title="bbox 112 2012 1312 2095; baseline -0.001 -18"><span class='ocrx_word' id='word_1_62' title='bbox 112 2025 267 2077; x_wconf 83' lang='lat' dir='ltr'><strong>veterum</strong></span> <span class='ocrx_word' id='word_1_63' title='bbox 290 2021 323 2074; x_wconf 90' lang='lat' dir='ltr'><strong>et</strong></span> <span class='ocrx_word' id='word_1_64' title='bbox 340 2013 424 2074; x_wconf 89' lang='lat' dir='ltr'><strong>vitae</strong></span> <span class='ocrx_word' id='word_1_65' title='bbox 446 2021 478 2074; x_wconf 89' lang='lat' dir='ltr'><strong>et</strong></span> <span class='ocrx_word' id='word_1_66' title='bbox 499 2012 627 2093; x_wconf 86' lang='lat' dir='ltr'><strong>linguae</strong></span> <span class='ocrx_word' id='word_1_67' title='bbox 649 2013 860 2092; x_wconf 78' lang='lat' dir='ltr'><strong>cognitionem</strong></span> <span class='ocrx_word' id='word_1_68' title='bbox 882 2021 1011 2093; x_wconf 89' lang='lat' dir='ltr'><strong>augent.</strong></span> <span class='ocrx_word' id='word_1_69' title='bbox 1052 2015 1158 2094; x_wconf 89' lang='lat' dir='ltr'><strong>itaque</strong></span> <span class='ocrx_word' id='word_1_70' title='bbox 1182 2023 1215 2076; x_wconf 92' lang='lat' dir='ltr'><strong>et</strong></span> <span class='ocrx_word' id='word_1_71' title='bbox 1235 2033 1312 2095; x_wconf 90' lang='lat' dir='ltr'><strong>par-</strong></span> 
     </span>
     <span class='ocr_line' id='line_1_10' title="bbox 113 2114 1311 2196; baseline -0.001 -17"><span class='ocrx_word' id='word_1_72' title='bbox 113 2118 236 2180; x_wconf 88' lang='lat' dir='ltr'><strong>ticulae</strong></span> <span class='ocrx_word' id='word_1_73' title='bbox 258 2114 486 2195; x_wconf 89' lang='lat' dir='ltr'><strong>colloquiorum</strong></span> <span class='ocrx_word' id='word_1_74' title='bbox 501 2115 736 2177; x_wconf 84' lang='lat' dir='ltr'><strong>Theotiscorum</strong></span> <span class='ocrx_word' id='word_1_75' title='bbox 759 2133 839 2196; x_wconf 90' lang='lat' dir='ltr'><strong>quas</strong></span> <span class='ocrx_word' id='word_1_76' title='bbox 854 2115 1029 2178; x_wconf 87' lang='lat' dir='ltr'><strong>Guilelmus</strong></span> <span class='ocrx_word' id='word_1_77' title='bbox 1045 2115 1218 2178; x_wconf 90' lang='lat' dir='ltr'><strong>Grimmius</strong></span> <span class='ocrx_word' id='word_1_78' title='bbox 1240 2116 1311 2180; x_wconf 90' lang='lat' dir='ltr'><strong>edi-</strong></span> 
     </span>
     <span class='ocr_line' id='line_1_11' title="bbox 114 2218 1308 2300; baseline -0.002 -16"><span class='ocrx_word' id='word_1_79' title='bbox 114 2220 183 2300; x_wconf 90' lang='lat' dir='ltr'><strong>dit,</strong></span> <span class='ocrx_word' id='word_1_80' title='bbox 211 2235 403 2300; x_wconf 84' lang='lat' dir='ltr'><strong>quamquam</strong></span> <span class='ocrx_word' id='word_1_81' title='bbox 426 2218 560 2298; x_wconf 77' lang='lat' dir='ltr'><strong>exiguae</strong></span> <span class='ocrx_word' id='word_1_82' title='bbox 591 2228 666 2280; x_wconf 86' lang='lat' dir='ltr'><strong>sunt</strong></span> <span class='ocrx_word' id='word_1_83' title='bbox 694 2227 726 2280; x_wconf 93' lang='lat' dir='ltr'><strong>et</strong></span> <span class='ocrx_word' id='word_1_84' title='bbox 748 2237 812 2280; x_wconf 95' lang='lat' dir='ltr'><strong>non</strong></span> <span class='ocrx_word' id='word_1_85' title='bbox 834 2219 914 2280; x_wconf 92' lang='lat' dir='ltr'><strong>nihil</strong></span> <span class='ocrx_word' id='word_1_86' title='bbox 937 2219 1109 2300; x_wconf 88' lang='lat' dir='ltr'><strong>spurcitiae</strong></span> <span class='ocrx_word' id='word_1_87' title='bbox 1132 2222 1308 2298; x_wconf 87' lang='lat' dir='ltr'><strong>continent,</strong></span> 
     </span>
     <span class='ocr_line' id='line_1_12' title="bbox 113 2320 1311 2404; baseline -0.001 -19"><span class='ocrx_word' id='word_1_88' title='bbox 113 2323 236 2404; x_wconf 86' lang='lat' dir='ltr'><strong>dignae</strong></span> <span class='ocrx_word' id='word_1_89' title='bbox 263 2331 369 2383; x_wconf 82' lang='lat' dir='ltr'><strong>tamen</strong></span> <span class='ocrx_word' id='word_1_90' title='bbox 399 2320 529 2382; x_wconf 86' lang='lat' dir='ltr'><strong>luerunt</strong></span> <span class='ocrx_word' id='word_1_91' title='bbox 557 2339 640 2402; x_wconf 91' lang='lat' dir='ltr'><strong>quae</strong></span> <span class='ocrx_word' id='word_1_92' title='bbox 666 2339 684 2382; x_wconf 89' lang='lat' dir='ltr'><strong>a</strong></span> <span class='ocrx_word' id='word_1_93' title='bbox 707 2320 887 2383; x_wconf 89' lang='lat' dir='ltr'><strong>doctissimo</strong></span> <span class='ocrx_word' id='word_1_94' title='bbox 910 2321 1037 2384; x_wconf 91' lang='lat' dir='ltr'><strong>homine</strong></span> <span class='ocrx_word' id='word_1_95' title='bbox 1060 2321 1232 2402; x_wconf 86' lang='lat' dir='ltr'><strong>diligenter</strong></span> <span class='ocrx_word' id='word_1_96' title='bbox 1253 2341 1311 2384; x_wconf 81' lang='lat' dir='ltr'><strong>ex-</strong></span> 
     </span>
     <span class='ocr_line' id='line_1_13' title="bbox 111 2423 1310 2509; baseline 0.001 -21"><span class='ocrx_word' id='word_1_97' title='bbox 111 2427 315 2509; x_wconf 86' lang='lat' dir='ltr'><strong>plicarentur</strong></span> <span class='ocrx_word' id='word_1_98' title='bbox 337 2433 369 2486; x_wconf 93' lang='lat' dir='ltr'><strong>et</strong></span> <span class='ocrx_word' id='word_1_99' title='bbox 390 2424 530 2504; x_wconf 91' lang='lat' dir='ltr'><strong>pretium</strong></span> <span class='ocrx_word' id='word_1_100' title='bbox 553 2443 616 2485; x_wconf 96' lang='lat' dir='ltr'><strong>non</strong></span> <span class='ocrx_word' id='word_1_101' title='bbox 639 2423 800 2486; x_wconf 90' lang='lat' dir='ltr'><strong>mediocre</strong></span> <span class='ocrx_word' id='word_1_102' title='bbox 823 2433 871 2487; x_wconf 90' lang='lat' dir='ltr'><strong>est</strong></span> <span class='ocrx_word' id='word_1_103' title='bbox 886 2425 1033 2505; x_wconf 90' lang='lat' dir='ltr'><strong>colloquii</strong></span> <span class='ocrx_word' id='word_1_104' title='bbox 1053 2424 1140 2506; x_wconf 92' lang='lat' dir='ltr'><strong>quod</strong></span> <span class='ocrx_word' id='word_1_105' title='bbox 1153 2423 1310 2489; x_wconf 79' lang='lat' dir='ltr'><strong>helfricus</strong></span> 
     </span>
     <span class='ocr_line' id='line_1_14' title="bbox 112 2526 1311 2609; baseline -0.003 -16"><span class='ocrx_word' id='word_1_106' title='bbox 112 2529 377 2609; x_wconf 87' lang='lat' dir='ltr'><strong>archiepiscopus</strong></span> <span class='ocrx_word' id='word_1_107' title='bbox 393 2526 632 2588; x_wconf 89' lang='lat' dir='ltr'><strong>Cantuariensis</strong></span> <span class='ocrx_word' id='word_1_108' title='bbox 646 2535 682 2588; x_wconf 93' lang='lat' dir='ltr'><strong>ut</strong></span> <span class='ocrx_word' id='word_1_109' title='bbox 697 2545 814 2608; x_wconf 90' lang='lat' dir='ltr'><strong>pueros</strong></span> <span class='ocrx_word' id='word_1_110' title='bbox 836 2529 869 2589; x_wconf 94' lang='lat' dir='ltr'><strong>in</strong></span> <span class='ocrx_word' id='word_1_111' title='bbox 885 2528 995 2590; x_wconf 92' lang='lat' dir='ltr'><strong>Latina</strong></span> <span class='ocrx_word' id='word_1_112' title='bbox 1014 2527 1121 2608; x_wconf 86' lang='lat' dir='ltr'><strong>lingua</strong></span> <span class='ocrx_word' id='word_1_113' title='bbox 1143 2539 1311 2590; x_wconf 85' lang='lat' dir='ltr'><strong>exerceret</strong></span> 
     </span>
     <span class='ocr_line' id='line_1_15' title="bbox 113 2628 1310 2712; baseline -0.002 -16"><span class='ocrx_word' id='word_1_114' title='bbox 113 2633 178 2696; x_wconf 91' lang='lat' dir='ltr'><strong>sub</strong></span> <span class='ocrx_word' id='word_1_115' title='bbox 202 2631 301 2692; x_wconf 89' lang='lat' dir='ltr'><strong>finem</strong></span> <span class='ocrx_word' id='word_1_116' title='bbox 323 2629 441 2692; x_wconf 88' lang='lat' dir='ltr'><strong>sacculi</strong></span> <span class='ocrx_word' id='word_1_117' title='bbox 465 2628 581 2691; x_wconf 89' lang='lat' dir='ltr'><strong>decimi</strong></span> <span class='ocrx_word' id='word_1_118' title='bbox 604 2629 712 2692; x_wconf 85' lang='lat' dir='ltr'><strong>latine</strong></span> <span class='ocrx_word' id='word_1_119' title='bbox 740 2639 773 2693; x_wconf 91' lang='lat' dir='ltr'><strong>et</strong></span> <span class='ocrx_word' id='word_1_120' title='bbox 795 2631 948 2692; x_wconf 85' lang='lat' dir='ltr'><strong>Saxoniee</strong></span> <span class='ocrx_word' id='word_1_121' title='bbox 971 2631 1135 2710; x_wconf 88' lang='lat' dir='ltr'><strong>conposuit</strong></span> <span class='ocrx_word' id='word_1_122' title='bbox 1157 2632 1310 2712; x_wconf 86' lang='lat' dir='ltr'><strong>auxitque</strong></span> 
     </span>
     <span class='ocr_line' id='line_1_16' title="bbox 112 2730 1310 2817; baseline -0.002 -19"><span class='ocrx_word' id='word_1_123' title='bbox 112 2745 227 2817; x_wconf 86' lang='lat' dir='ltr'><strong>postea</strong></span> <span class='ocrx_word' id='word_1_124' title='bbox 255 2730 414 2794; x_wconf 77' lang='lat' dir='ltr'><strong>aelfricus</strong></span> <span class='ocrx_word' id='word_1_125' title='bbox 441 2733 533 2812; x_wconf 90' lang='lat' dir='ltr'><strong>Bata,</strong></span> <span class='ocrx_word' id='word_1_126' title='bbox 564 2731 741 2812; x_wconf 91' lang='lat' dir='ltr'><strong>discipulus</strong></span> <span class='ocrx_word' id='word_1_127' title='bbox 771 2734 854 2809; x_wconf 83' lang='lat' dir='ltr'><strong>eius3</strong></span> <span class='ocrx_word' id='word_1_128' title='bbox 892 2731 979 2813; x_wconf 94' lang='lat' dir='ltr'><strong>quod</strong></span> <span class='ocrx_word' id='word_1_129' title='bbox 1007 2733 1197 2814; x_wconf 91' lang='lat' dir='ltr'><strong>colloquium</strong></span> <span class='ocrx_word' id='word_1_130' title='bbox 1226 2752 1310 2796; x_wconf 95' lang='lat' dir='ltr'><strong>anno</strong></span> 
     </span>
     <span class='ocr_line' id='line_1_17' title="bbox 111 2831 1310 2918; baseline 0 -18"><span class='ocrx_word' id='word_1_131' title='bbox 111 2853 277 2900; x_wconf 78' lang='lat' dir='ltr'><strong>unoccnru</strong></span> <span class='ocrx_word' id='word_1_132' title='bbox 299 2834 449 2897; x_wconf 85' lang='lat' dir='ltr'><strong>aThoma</strong></span> <span class='ocrx_word' id='word_1_133' title='bbox 464 2835 621 2915; x_wconf 86' lang='lat' dir='ltr'><strong>Wrightio</strong></span> <span class='ocrx_word' id='word_1_134' title='bbox 645 2834 766 2897; x_wconf 88' lang='lat' dir='ltr'><strong>editum</strong></span> <span class='ocrx_word' id='word_1_135' title='bbox 788 2845 836 2898; x_wconf 91' lang='lat' dir='ltr'><strong>est</strong></span> <span class='ocrx_word' id='word_1_136' title='bbox 859 2831 900 2916; x_wconf 78' lang='lat' dir='ltr'><strong>(A</strong></span> <span class='ocrx_word' id='word_1_137' title='bbox 915 2835 1032 2897; x_wconf 82' lang='lat' dir='ltr'><strong>volume</strong></span> <span class='ocrx_word' id='word_1_138' title='bbox 1054 2835 1090 2918; x_wconf 82' lang='lat' dir='ltr'><strong>os</strong></span> <span class='ocrx_word' id='word_1_139' title='bbox 1099 2836 1310 2900; x_wconf 80' lang='lat' dir='ltr'><strong>vocabulories</strong></span> 
     </span>
     <span class='ocr_line' id='line_1_18' title="bbox 109 2937 1310 3024; baseline -0.002 -21"><span class='ocrx_word' id='word_1_140' title='bbox 109 2941 198 3024; x_wconf 78' lang='lat' dir='ltr'><strong>from</strong></span> <span class='ocrx_word' id='word_1_141' title='bbox 228 2938 275 3000; x_wconf 79' lang='lat' dir='ltr'><strong>the</strong></span> <span class='ocrx_word' id='word_1_142' title='bbox 308 2937 388 3000; x_wconf 81' lang='lat' dir='ltr'><strong>tenth</strong></span> <span class='ocrx_word' id='word_1_143' title='bbox 417 2945 544 3019; x_wconf 70' lang='lat' dir='ltr'><strong>cenhrrp</strong></span> <span class='ocrx_word' id='word_1_144' title='bbox 571 2946 599 3000; x_wconf 89' lang='grc' dir='ltr'>ιο</span> <span class='ocrx_word' id='word_1_145' title='bbox 629 2937 675 3000; x_wconf 81' lang='lat' dir='ltr'><strong>the</strong></span> <span class='ocrx_word' id='word_1_146' title='bbox 704 2937 864 3019; x_wconf 78' lang='lat' dir='ltr'><strong>fifteeath).</strong></span> <span class='ocrx_word' id='word_1_147' title='bbox 919 2937 1057 3000; x_wconf 90' lang='lat' dir='ltr'><strong>Graecae</strong></span> <span class='ocrx_word' id='word_1_148' title='bbox 1086 2939 1310 3020; x_wconf 84' lang='lat' dir='ltr'><strong>Romanaeque</strong></span> 
     </span>
     <span class='ocr_line' id='line_1_19' title="bbox 111 3035 1308 3127; baseline -0.001 -21"><span class='ocrx_word' id='word_1_149' title='bbox 111 3042 318 3123; x_wconf 90' lang='lat' dir='ltr'><strong>antiquitatis</strong></span> <span class='ocrx_word' id='word_1_150' title='bbox 346 3040 496 3103; x_wconf 91' lang='lat' dir='ltr'><strong>studiosis</strong></span> <span class='ocrx_word' id='word_1_151' title='bbox 524 3051 598 3103; x_wconf 92' lang='lat' dir='ltr'><strong>nota</strong></span> <span class='ocrx_word' id='word_1_152' title='bbox 627 3050 675 3104; x_wconf 89' lang='lat' dir='ltr'><strong>est</strong></span> <span class='ocrx_word' id='word_1_153' title='bbox 703 3059 809 3122; x_wconf 89' lang='lat' dir='ltr'><strong>neque</strong></span> <span class='ocrx_word' id='word_1_154' title='bbox 836 3040 931 3122; x_wconf 91' lang='lat' dir='ltr'><strong>plane</strong></span> <span class='ocrx_word' id='word_1_155' title='bbox 960 3041 1081 3104; x_wconf 90' lang='lat' dir='ltr'><strong>inutilis</strong></span> <span class='ocrx_word' id='word_1_156' title='bbox 1109 3035 1308 3127; x_wconf 79' lang='grc' dir='ltr'>Καθημερινὴ</span> 
     </span>
     <span class='ocr_line' id='line_1_20' title="bbox 112 3137 1310 3228; baseline -0.004 -17"><span class='ocrx_word' id='word_1_157' title='bbox 112 3137 347 3228; x_wconf 69' lang='grc' dir='ltr'><strong>συναναστροφὴ</strong></span> <span class='ocrx_word' id='word_1_158' title='bbox 370 3163 464 3224; x_wconf 92' lang='lat' dir='ltr'><strong>quam</strong></span> <span class='ocrx_word' id='word_1_159' title='bbox 480 3144 648 3208; x_wconf 89' lang='lat' dir='ltr'><strong>Dositheus</strong></span> <span class='ocrx_word' id='word_1_160' title='bbox 670 3143 751 3205; x_wconf 90' lang='lat' dir='ltr'><strong>libro</strong></span> <span class='ocrx_word' id='word_1_161' title='bbox 766 3144 1124 3224; x_wconf 88' lang='lat' dir='ltr'><strong>interpretamentcrum</strong></span> <span class='ocrx_word' id='word_1_162' title='bbox 1143 3146 1237 3206; x_wconf 90' lang='lat' dir='ltr'><strong>tertio</strong></span> <span class='ocrx_word' id='word_1_163' title='bbox 1258 3147 1310 3206; x_wconf 94' lang='lat' dir='ltr'><strong>in-</strong></span> 
     </span>
     <span class='ocr_line' id='line_1_21' title="bbox 112 3239 1309 3330; baseline -0.003 -17"><span class='ocrx_word' id='word_1_164' title='bbox 112 3251 229 3312; x_wconf 89' lang='lat' dir='ltr'><strong>seruit.</strong></span> <span class='ocrx_word' id='word_1_165' title='bbox 269 3247 375 3329; x_wconf 91' lang='lat' dir='ltr'><strong>paullo</strong></span> <span class='ocrx_word' id='word_1_166' title='bbox 396 3250 504 3312; x_wconf 86' lang='lat' dir='ltr'><strong>minus</strong></span> <span class='ocrx_word' id='word_1_167' title='bbox 526 3257 599 3309; x_wconf 91' lang='lat' dir='ltr'><strong>nota</strong></span> <span class='ocrx_word' id='word_1_168' title='bbox 621 3256 669 3309; x_wconf 92' lang='lat' dir='ltr'><strong>est</strong></span> <span class='ocrx_word' id='word_1_169' title='bbox 684 3239 807 3329; x_wconf 77' lang='grc' dir='ltr'>Ὁμιλία</span> <span class='ocrx_word' id='word_1_170' title='bbox 825 3241 1009 3330; x_wconf 54' lang='lat' dir='ltr'><strong>apellaretur}</strong></span> <span class='ocrx_word' id='word_1_171' title='bbox 1032 3265 1128 3328; x_wconf 91' lang='lat' dir='ltr'><strong>quam</strong></span> <span class='ocrx_word' id='word_1_172' title='bbox 1143 3249 1309 3310; x_wconf 87' lang='lat' dir='ltr'><strong>Bonaven-</strong></span> 
     </span>
     <span class='ocr_line' id='line_1_22' title="bbox 111 3349 1333 3431; baseline -0.003 -15"><span class='ocrx_word' id='word_1_173' title='bbox 111 3363 188 3416; x_wconf 89' lang='lat' dir='ltr'><strong>tura</strong></span> <span class='ocrx_word' id='word_1_174' title='bbox 210 3351 382 3414; x_wconf 89' lang='lat' dir='ltr'><strong>Vulcanius</strong></span> <span class='ocrx_word' id='word_1_175' title='bbox 410 3351 442 3413; x_wconf 90' lang='lat' dir='ltr'><strong>in</strong></span> <span class='ocrx_word' id='word_1_176' title='bbox 465 3351 624 3412; x_wconf 86' lang='lat' dir='ltr'><strong>Thesauro</strong></span> <span class='ocrx_word' id='word_1_177' title='bbox 653 3352 821 3431; x_wconf 91' lang='lat' dir='ltr'><strong>utriusque</strong></span> <span class='ocrx_word' id='word_1_178' title='bbox 849 3350 977 3430; x_wconf 90' lang='lat' dir='ltr'><strong>linguae</strong></span> <span class='ocrx_word' id='word_1_179' title='bbox 998 3360 1070 3431; x_wconf 94' lang='lat' dir='ltr'><strong>post</strong></span> <span class='ocrx_word' id='word_1_180' title='bbox 1091 3349 1229 3412; x_wconf 90' lang='lat' dir='ltr'><strong>indicam</strong></span> <span class='ocrx_word' id='word_1_181' title='bbox 1251 3353 1333 3412; x_wconf 76' lang='lat' dir='ltr'><strong>tro-⁸</strong></span> 
     </span>
     <span class='ocr_line' id='line_1_23' title="bbox 111 3451 1309 3534; baseline -0.002 -16"><span class='ocrx_word' id='word_1_182' title='bbox 111 3455 301 3518; x_wconf 84' lang='lat' dir='ltr'><strong>cabalorum</strong></span> <span class='ocrx_word' id='word_1_183' title='bbox 331 3452 421 3516; x_wconf 88' lang='lat' dir='ltr'><strong>dedit</strong></span> <span class='ocrx_word' id='word_1_184' title='bbox 449 3454 643 3534; x_wconf 89' lang='lat' dir='ltr'><strong>repetiitque</strong></span> <span class='ocrx_word' id='word_1_185' title='bbox 675 3451 750 3514; x_wconf 92' lang='lat' dir='ltr'><strong>inde</strong></span> <span class='ocrx_word' id='word_1_186' title='bbox 772 3453 903 3534; x_wconf 82' lang='lat' dir='ltr'><strong>Valpius</strong></span> <span class='ocrx_word' id='word_1_187' title='bbox 925 3454 992 3515; x_wconf 88' lang='lat' dir='ltr'><strong>sive</strong></span> <span class='ocrx_word' id='word_1_188' title='bbox 1021 3454 1126 3533; x_wconf 90' lang='lat' dir='ltr'><strong>potius</strong></span> <span class='ocrx_word' id='word_1_189' title='bbox 1147 3455 1309 3516; x_wconf 87' lang='lat' dir='ltr'><strong>Barkerus</strong></span> 
     </span>
     <span class='ocr_line' id='line_1_24' title="bbox 112 3555 1307 3637; baseline -0.003 -16"><span class='ocrx_word' id='word_1_190' title='bbox 112 3561 147 3621; x_wconf 91' lang='lat' dir='ltr'><strong>in</strong></span> <span class='ocrx_word' id='word_1_191' title='bbox 173 3556 340 3618; x_wconf 90' lang='lat' dir='ltr'><strong>Glossariis</strong></span> <span class='ocrx_word' id='word_1_192' title='bbox 366 3555 503 3618; x_wconf 85' lang='lat' dir='ltr'><strong>labbaei</strong></span> <span class='ocrx_word' id='word_1_193' title='bbox 533 3575 615 3636; x_wconf 91' lang='lat' dir='ltr'><strong>quae</strong></span> <span class='ocrx_word' id='word_1_194' title='bbox 638 3555 893 3618; x_wconf 90' lang='lat' dir='ltr'><strong>Londinensibus</strong></span> <span class='ocrx_word' id='word_1_195' title='bbox 921 3557 1075 3619; x_wconf 88' lang='lat' dir='ltr'><strong>Thesauri</strong></span> <span class='ocrx_word' id='word_1_196' title='bbox 1098 3556 1307 3637; x_wconf 89' lang='lat' dir='ltr'><strong>Stephaniani</strong></span> 
     </span>
     <span class='ocr_line' id='line_1_25' title="bbox 113 3658 1308 3741; baseline -0.003 -17"><span class='ocrx_word' id='word_1_197' title='bbox 113 3658 355 3741; x_wconf 82' lang='lat' dir='ltr'><strong>exemplaribus</strong></span> <span class='ocrx_word' id='word_1_198' title='bbox 383 3658 505 3722; x_wconf 88' lang='lat' dir='ltr'><strong>adiecta</strong></span> <span class='ocrx_word' id='word_1_199' title='bbox 532 3668 617 3721; x_wconf 89' lang='lat' dir='ltr'><strong>sunt.</strong></span> <span class='ocrx_word' id='word_1_200' title='bbox 663 3659 835 3721; x_wconf 87' lang='lat' dir='ltr'><strong>Vulcanius</strong></span> <span class='ocrx_word' id='word_1_201' title='bbox 857 3658 944 3722; x_wconf 92' lang='lat' dir='ltr'><strong>unde</strong></span> <span class='ocrx_word' id='word_1_202' title='bbox 967 3659 1020 3720; x_wconf 92' lang='lat' dir='ltr'><strong>illa</strong></span> <span class='ocrx_word' id='word_1_203' title='bbox 1042 3659 1197 3739; x_wconf 90' lang='lat' dir='ltr'><strong>colloquia</strong></span> <span class='ocrx_word' id='word_1_204' title='bbox 1219 3678 1308 3722; x_wconf 91' lang='lat' dir='ltr'><strong>sum-</strong></span> 
     </span>
     <span class='ocr_line' id='line_1_26' title="bbox 111 3761 1304 3846; baseline -0.003 -21"><span class='ocrx_word' id='word_1_205' title='bbox 111 3765 217 3846; x_wconf 90' lang='lat' dir='ltr'><strong>pserit</strong></span> <span class='ocrx_word' id='word_1_206' title='bbox 238 3780 302 3824; x_wconf 91' lang='lat' dir='ltr'><strong>non</strong></span> <span class='ocrx_word' id='word_1_207' title='bbox 325 3762 419 3842; x_wconf 91' lang='lat' dir='ltr'><strong>dicit,</strong></span> <span class='ocrx_word' id='word_1_208' title='bbox 445 3781 508 3825; x_wconf 93' lang='lat' dir='ltr'><strong>non</strong></span> <span class='ocrx_word' id='word_1_209' title='bbox 531 3771 778 3842; x_wconf 80' lang='lat' dir='ltr'><strong>potestantem,</strong></span> <span class='ocrx_word' id='word_1_210' title='bbox 804 3763 866 3824; x_wconf 88' lang='lat' dir='ltr'><strong>nisi</strong></span> <span class='ocrx_word' id='word_1_211' title='bbox 888 3762 1007 3843; x_wconf 90' lang='lat' dir='ltr'><strong>passim</strong></span> <span class='ocrx_word' id='word_1_212' title='bbox 1031 3781 1068 3823; x_wconf 92' lang='lat' dir='ltr'><strong>ea</strong></span> <span class='ocrx_word' id='word_1_213' title='bbox 1089 3761 1304 3843; x_wconf 87' lang='lat' dir='ltr'><strong>interpolavit,</strong></span> 
     </span>
     <span class='ocr_line' id='line_1_27' title="bbox 111 3862 1304 3946; baseline -0.003 -18"><span class='ocrx_word' id='word_1_214' title='bbox 111 3867 289 3946; x_wconf 88' lang='lat' dir='ltr'><strong>sumpsisse</strong></span> <span class='ocrx_word' id='word_1_215' title='bbox 312 3883 353 3927; x_wconf 86' lang='lat' dir='ltr'><strong>ex</strong></span> <span class='ocrx_word' id='word_1_216' title='bbox 375 3865 519 3946; x_wconf 91' lang='lat' dir='ltr'><strong>inpresso</strong></span> <span class='ocrx_word' id='word_1_217' title='bbox 542 3865 615 3926; x_wconf 92' lang='lat' dir='ltr'><strong>olim</strong></span> <span class='ocrx_word' id='word_1_218' title='bbox 639 3865 815 3946; x_wconf 81' lang='lat' dir='ltr'><strong>exemplari</strong></span> <span class='ocrx_word' id='word_1_219' title='bbox 834 3862 920 3945; x_wconf 92' lang='lat' dir='ltr'><strong>quod</strong></span> <span class='ocrx_word' id='word_1_220' title='bbox 936 3864 1030 3927; x_wconf 94' lang='lat' dir='ltr'><strong>hodie</strong></span> <span class='ocrx_word' id='word_1_221' title='bbox 1046 3864 1114 3926; x_wconf 85' lang='lat' dir='ltr'><strong>lere</strong></span> <span class='ocrx_word' id='word_1_222' title='bbox 1130 3865 1304 3945; x_wconf 89' lang='lat' dir='ltr'><strong>ignoratur.</strong></span> 
     </span>
     <span class='ocr_line' id='line_1_28' title="bbox 110 3966 1308 4031; baseline -0.001 0"><span class='ocrx_word' id='word_1_223' title='bbox 110 3971 266 4031; x_wconf 89' lang='lat' dir='ltr'><strong>nimirum</strong></span> <span class='ocrx_word' id='word_1_224' title='bbox 288 3969 403 4029; x_wconf 88' lang='lat' dir='ltr'><strong>Beatus</strong></span> <span class='ocrx_word' id='word_1_225' title='bbox 425 3967 596 4029; x_wconf 82' lang='lat' dir='ltr'><strong>Rhenanus</strong></span> <span class='ocrx_word' id='word_1_226' title='bbox 619 3966 774 4030; x_wconf 90' lang='lat' dir='ltr'><strong>Theodori</strong></span> <span class='ocrx_word' id='word_1_227' title='bbox 797 3966 897 4029; x_wconf 86' lang='lat' dir='ltr'><strong>Gazae</strong></span> <span class='ocrx_word' id='word_1_228' title='bbox 922 3966 1151 4028; x_wconf 90' lang='lat' dir='ltr'><strong>Grammaticae</strong></span> <span class='ocrx_word' id='word_1_229' title='bbox 1178 3969 1308 4031; x_wconf 91' lang='lat' dir='ltr'><strong>institu-</strong></span> 
     </span>
     <span class='ocr_line' id='line_1_29' title="bbox 110 4068 1306 4151; baseline -0.001 -18"><span class='ocrx_word' id='word_1_230' title='bbox 110 4073 210 4134; x_wconf 88' lang='lat' dir='ltr'><strong>tionis</strong></span> <span class='ocrx_word' id='word_1_231' title='bbox 231 4069 315 4132; x_wconf 93' lang='lat' dir='ltr'><strong>lihro</strong></span> <span class='ocrx_word' id='word_1_232' title='bbox 337 4071 456 4150; x_wconf 89' lang='lat' dir='ltr'><strong>primo,</strong></span> <span class='ocrx_word' id='word_1_233' title='bbox 483 4088 577 4151; x_wconf 90' lang='lat' dir='ltr'><strong>quem</strong></span> <span class='ocrx_word' id='word_1_234' title='bbox 601 4089 684 4133; x_wconf 90' lang='lat' dir='ltr'><strong>anno</strong></span> <span class='ocrx_word' id='word_1_235' title='bbox 707 4089 796 4132; x_wconf 83' lang='lat' dir='ltr'><strong>uuxu</strong></span> <span class='ocrx_word' id='word_1_236' title='bbox 812 4070 954 4132; x_wconf 87' lang='lat' dir='ltr'><strong>Basileae</strong></span> <span class='ocrx_word' id='word_1_237' title='bbox 976 4068 1158 4149; x_wconf 89' lang='lat' dir='ltr'><strong>sumptibus</strong></span> <span class='ocrx_word' id='word_1_238' title='bbox 1181 4071 1306 4133; x_wconf 89' lang='lat' dir='ltr'><strong>loannis</strong></span> 
     </span>
     <span class='ocr_line' id='line_1_30' title="bbox 108 4171 1303 4253; baseline -0.002 -17"><span class='ocrx_word' id='word_1_239' title='bbox 108 4173 259 4236; x_wconf 85' lang='lat' dir='ltr'><strong>Frobenii</strong></span> <span class='ocrx_word' id='word_1_240' title='bbox 294 4171 412 4252; x_wconf 90' lang='lat' dir='ltr'><strong>edidit,</strong></span> <span class='ocrx_word' id='word_1_241' title='bbox 448 4172 587 4236; x_wconf 90' lang='lat' dir='ltr'><strong>eundem</strong></span> <span class='ocrx_word' id='word_1_242' title='bbox 618 4173 786 4235; x_wconf 89' lang='lat' dir='ltr'><strong>Cottidiani</strong></span> <span class='ocrx_word' id='word_1_243' title='bbox 816 4173 962 4253; x_wconf 90' lang='lat' dir='ltr'><strong>colloquii</strong></span> <span class='ocrx_word' id='word_1_244' title='bbox 996 4171 1142 4236; x_wconf 91' lang='lat' dir='ltr'><strong>libellum</strong></span> <span class='ocrx_word' id='word_1_245' title='bbox 1174 4172 1303 4236; x_wconf 89' lang='lat' dir='ltr'><strong>adiecit.</strong></span> 
     </span>
     <span class='ocr_line' id='line_1_31' title="bbox 109 4275 1304 4357; baseline -0.002 -18"><span class='ocrx_word' id='word_1_246' title='bbox 109 4295 152 4340; x_wconf 93' lang='lat' dir='ltr'><strong>ne</strong></span> <span class='ocrx_word' id='word_1_247' title='bbox 174 4276 348 4339; x_wconf 80' lang='lat' dir='ltr'><strong>Rhenanus</strong></span> <span class='ocrx_word' id='word_1_248' title='bbox 375 4275 506 4355; x_wconf 91' lang='lat' dir='ltr'><strong>quidem</strong></span> <span class='ocrx_word' id='word_1_249' title='bbox 537 4285 647 4338; x_wconf 90' lang='lat' dir='ltr'><strong>narrat</strong></span> <span class='ocrx_word' id='word_1_250' title='bbox 674 4275 760 4339; x_wconf 90' lang='lat' dir='ltr'><strong>unde</strong></span> <span class='ocrx_word' id='word_1_251' title='bbox 783 4275 928 4339; x_wconf 91' lang='lat' dir='ltr'><strong>libellum</strong></span> <span class='ocrx_word' id='word_1_252' title='bbox 958 4275 1210 4357; x_wconf 86' lang='lat' dir='ltr'><strong>deprompserit,</strong></span> <span class='ocrx_word' id='word_1_253' title='bbox 1242 4277 1304 4337; x_wconf 91' lang='lat' dir='ltr'><strong>nisi</strong></span> 
     </span>
     <span class='ocr_line' id='line_1_32' title="bbox 109 4367 1304 4462; baseline 0 -20"><span class='ocrx_word' id='word_1_254' title='bbox 109 4379 198 4462; x_wconf 91' lang='lat' dir='ltr'><strong>quod</strong></span> <span class='ocrx_word' id='word_1_255' title='bbox 220 4382 254 4441; x_wconf 94' lang='lat' dir='ltr'><strong>in</strong></span> <span class='ocrx_word' id='word_1_256' title='bbox 278 4378 415 4461; x_wconf 87' lang='lat' dir='ltr'><strong>epistula</strong></span> <span class='ocrx_word' id='word_1_257' title='bbox 438 4397 533 4459; x_wconf 91' lang='lat' dir='ltr'><strong>quam</strong></span> <span class='ocrx_word' id='word_1_258' title='bbox 555 4378 680 4442; x_wconf 89' lang='lat' dir='ltr'><strong>eddidit</strong></span> <span class='ocrx_word' id='word_1_259' title='bbox 701 4378 743 4442; x_wconf 93' lang='lat' dir='ltr'><strong>ad</strong></span> <span class='ocrx_word' id='word_1_260' title='bbox 758 4382 873 4442; x_wconf 89' lang='lat' dir='ltr'><strong>Lucam</strong></span> <span class='ocrx_word' id='word_1_261' title='bbox 889 4377 1128 4458; x_wconf 87' lang='lat' dir='ltr'><strong>Ehenbergium</strong></span> <span class='ocrx_word' id='word_1_262' title='bbox 1144 4367 1304 4460; x_wconf 77' lang='lat' dir='ltr'><strong>Augusta-</strong></span> 
     </span>
     <span class='ocr_line' id='line_1_33' title="bbox 109 4480 1305 4565; baseline 0 -19"><span class='ocrx_word' id='word_1_263' title='bbox 109 4502 188 4546; x_wconf 90' lang='lat' dir='ltr'><strong>num</strong></span> <span class='ocrx_word' id='word_1_264' title='bbox 211 4483 361 4565; x_wconf 89' lang='lat' dir='ltr'><strong>scriptam</strong></span> <span class='ocrx_word' id='word_1_265' title='bbox 396 4480 447 4565; x_wconf 85' lang='lat' dir='ltr'><strong>(de</strong></span> <span class='ocrx_word' id='word_1_266' title='bbox 478 4500 541 4562; x_wconf 94' lang='lat' dir='ltr'><strong>quo</strong></span> <span class='ocrx_word' id='word_1_267' title='bbox 564 4481 692 4544; x_wconf 92' lang='lat' dir='ltr'><strong>homine</strong></span> <span class='ocrx_word' id='word_1_268' title='bbox 714 4501 779 4544; x_wconf 93' lang='lat' dir='ltr'><strong>non</strong></span> <span class='ocrx_word' id='word_1_269' title='bbox 803 4481 890 4546; x_wconf 88' lang='lat' dir='ltr'><strong>nulla</strong></span> <span class='ocrx_word' id='word_1_270' title='bbox 913 4481 1010 4545; x_wconf 88' lang='lat' dir='ltr'><strong>habet</strong></span> <span class='ocrx_word' id='word_1_271' title='bbox 1032 4481 1305 4564; x_wconf 80' lang='lat' dir='ltr'><strong>Veesenmeyerus</strong></span> 
     </span>
    </p>
   </div>
   <div class='ocr_carea' id='block_1_3' title="bbox 0 0 1624 5094">
    <p class='ocr_par' dir='ltr' id='par_1_3' title="bbox 0 0 1624 5094">
     <span class='ocr_line' id='line_1_34' title="bbox 0 0 1624 5094; baseline 0 2"><span class='ocrx_word' id='word_1_272' title='bbox 0 0 1624 5094; x_wconf 95' lang='lat' dir='ltr'><strong> </strong></span> 
     </span>
    </p>
   </div>
  </div>
 </body>
</html>
