3204 5104
320 397 392 470 322
616 413 704 474 lnonx
727 431 890 475 nncrronrn
913 431 1092 474 inertiam
1111 413 1203 472 4866.

318 601 415 662 bilius
437 601 604 681 scripseris
623 601 718 682 pudet
739 620 785 663 me
807 603 853 662 tui
873 610 901 664 et
927 621 1087 664 mutorum
1109 621 1145 663 ic
1168 619 1286 663 nosmr.
1331 603 1416 684 piqet
1435 620 1500 661 ciir-

317 723 388 765 rere
410 712 437 766 et
459 723 533 766 vini
557 707 659 785 sequi:
684 704 740 766 sed
765 707 882 766 rectius
904 706 938 766 in
962 705 1011 766 bis
1034 714 1065 766 et
1079 704 1188 766 multis
1203 704 1275 765 aliis
1289 705 1497 774 Varronianis,

318 809 467 887 quoniam
491 808 585 868 nimis
608 805 766 870 frustatim
790 811 913 870 concisa
940 817 1015 870 sunt
1037 826 1142 888 neque
1166 817 1233 869 tuto
1257 807 1411 888 explicari
1433 825 1499 888 pos-

318 919 409 987 sunt,
448 909 489 971 ab
526 913 611 971 omni
649 911 831 972 coniectura
868 910 1092 973 abstinebitur.
1153 911 1263 972 Cicero
1300 912 1498 972 verrinarum

317 1014 449 1074 actionis
472 1014 631 1076 secundae
654 1011 704 1095 ις
724 1014 782 1074 436
805 1033 865 1075 non
887 1017 1067 1096 utquisque
1089 1016 1225 1075 nomme
1247 1021 1292 1076 eet
1313 1016 1433 1095 quicum
1454 1013 1502 1074 tibi

317 1116 434 1197 aliquid
461 1117 501 1179 sit
530 1117 573 1178 ito
603 1124 630 1177 te
658 1118 689 1176 in
718 1115 842 1178 huiusce
870 1117 953 1178 nrodi
980 1119 1109 1178 crimine
1137 1119 1273 1178 moocime
1301 1119 1367 1178 dur
1391 1115 1501 1197 pudet?

317 1219 403 1280 idem
427 1219 673 1300 Philippicarum
697 1238 719 1280 ιι
742 1217 760 1302 6
783 1221 817 1280 64
847 1223 876 1282 si
897 1228 923 1282 te
946 1221 1180 1301 municipiorum
1205 1238 1266 1281 non
1290 1219 1438 1300 pudebat,
1467 1237 1501 1278 ne

316 1323 455 1383 veterani
476 1322 595 1402 quidem
617 1325 794 1384 emercitua?
839 1322 1006 1385 Sallustius
1038 1324 1069 1383 in
1098 1323 1239 1384 oratione
1262 1322 1399 1403 Philippi
1424 1329 1501 1383 ulte

315 1443 410 1506 neque
438 1424 591 1486 bominum
618 1443 713 1506 neque
735 1425 860 1487 deorum
878 1425 989 1506 pudet,
1020 1443 1093 1507 quos
1118 1443 1177 1506 per
1201 1425 1290 1505 fidem
1314 1445 1351 1488 oc
1368 1427 1500 1506 punirrio

275 1516 457 1590 tooio'locti.
505 1529 611 1590 Livius
628 1547 661 1590 ιιι
687 1531 724 1589 tt
742 1528 761 1589 7
781 1528 875 1609 pudet
897 1528 1023 1590 deorum
1044 1528 1264 1608 bominumque.
1312 1529 1450 1590 lustinus
1463 1546 1501 1588 ιιι

317 1633 335 1692 6
362 1633 399 1691 tu
423 1639 594 1694 accesserat
615 1634 694 1692 enim
713 1633 917 1712 poenitentioe
939 1633 1067 1693 nutm'cis
1089 1649 1182 1706 cuoe,
1208 1632 1325 1693 sororis
1347 1631 1428 1706 Cliti,
1454 1647 1501 1690 re-

316 1735 468 1814 cordatio,
500 1737 587 1797 cuius
617 1733 749 1796 obtentis
778 1753 845 1795 cum
874 1736 1010 1795 mommo
1036 1732 1185 1814 pudebat,
1222 1741 1285 1794 tom
1311 1733 1432 1815 foedam
1459 1733 1504 1793 illi

315 1841 528 1902 alimentorum
543 1855 669 1898 suorum
684 1837 849 1899 mercedem
864 1835 1016 1898 redditum
1031 1843 1066 1898 ut
1083 1839 1114 1898 in
1130 1839 1217 1898 curiis
1239 1836 1381 1898 monium
1399 1837 1502 1917 pueti-

316 1946 391 2022 qiom
413 1948 517 2024 cqerot
537 1940 606 2001 ltuic
629 1942 747 2002 iuvem'c
777 1947 806 2001 et
826 1941 922 2002 victor
947 1958 1007 2020 pro
1029 1939 1165 2020 beneficio
1191 1938 1309 2020 funera
1330 1941 1500 2002 renueret.

316 2042 452 2132 <Statius
474 2042 575 2105 Theb.
600 2061 623 2104 ιι
648 2043 707 2104 443
734 2042 830 2123 pudet
856 2042 929 2104 boec
953 2042 1108 2125 plebisque
1125 2050 1311 2125 patrumque
1332 2044 1377 2104 Ne
1402 2044 1502 2104 baem

316 2152 430 2210 incesto
448 2140 584 2232 serent.)

402 2253 469 2312 Non
498 2250 590 2329 longe
619 2267 637 2310 a
667 2247 730 2309 line
758 2247 913 2329 epistulae
944 2249 978 2308 il
1014 2247 1166 2328 leguntur
1194 2246 1288 2309 valde
1322 2247 1499 2328 depravata,

316 2373 397 2434 quae
422 2351 577 2434 quomodo
599 2350 788 2432 corrigenda
810 2362 960 2431 putemus
983 2352 1059 2412 setis
1077 2359 1125 2412 est
1147 2349 1291 2412 breviter
1313 2351 1498 2431 significare.

315 2457 481 2538 scripsisse
504 2453 634 2517 videtur
649 2456 770 2516 Seneca
792 2453 871 2535 quod
889 2455 960 2534 fieri
982 2455 1013 2515 in
1035 2461 1143 2516 senatu
1166 2453 1239 2516 solet
1257 2452 1435 2534 faciendum
1455 2471 1500 2535 eqo

316 2562 347 2621 in
367 2557 557 2640 philosophia
578 2553 692 2639 queque
714 2559 876 2620 existimo:
900 2576 967 2618 mim
990 2559 1106 2620 censuit
1127 2557 1238 2638 aliquis
1259 2557 1339 2638 qitod
1357 2573 1400 2618 ecc
1418 2563 1501 2638 porte

316 2662 390 2723 mibi
407 2663 544 2742 placcat,
571 2661 655 2722 ruoeo
678 2661 764 2722 illum
779 2660 916 2722 dividere
935 2662 1112 2744 sententium
1128 2667 1156 2721 el
1176 2678 1285 2740 sequor
1300 2678 1379 2731 oron
1399 2658 1496 2741 probo.

315 2783 347 2826 co
371 2761 511 2826 libentius
527 2765 655 2845 Epicuri
675 2767 796 2846 eqreqio
818 2764 899 2825 dioto
920 2781 1114 2824 commemoro
1136 2770 1171 2824 ut
1192 2763 1259 2824 istic
1281 2765 1336 2843 qui
1356 2763 1398 2824 od
1419 2781 1499 2823 ιιιιι

315 2867 492 2950 consuqiunt
513 2885 566 2947 spe
588 2867 672 2928 molo
694 2867 823 2941 inducti,
854 2869 908 2948 qui
933 2867 1134 2927 uelamentum
1156 2885 1192 2926 ne
1215 2883 1279 2927 rrso
1303 2885 1336 2926 sn
1365 2867 1500 2927 veiorum

316 2988 442 3031 sitorum
464 2969 620 3031 ltobituros
636 2972 830 3046 eoer'stimont,
853 2968 977 3049 probem
999 2987 1181 3048 quocumque
1205 2969 1297 3029 ierint
1310 2967 1501 3030 tonesnene

316 3073 490 3134 vivendum.
546 3091 613 3134 cum
647 3073 762 3134 odiert'c
795 3072 929 3134 hortulos
959 3079 987 3133 et
1019 3073 1197 3152 imcripmm
1231 3089 1347 3132 rrnsms
1379 3069 1500 3132 horodis

320 3175 452 3255 ‘nospes‚
478 3174 525 3236 liic
547 3175 619 3236 berte
641 3175 793 3250 monebis,
818 3175 866 3236 lu'c
888 3193 1039 3236 summum
1061 3173 1169 3234 bonum
1192 3173 1334 3254 uoluptas
1356 3175 1427 3250 est,'
1445 3191 1501 3254 po-

316 3286 404 3340 rotuo
427 3281 487 3339 erit
507 3280 596 3340 istius
618 3278 763 3340 domicilii
784 3285 893 3354 custos,
918 3277 1086 3357 hospitalis,
1112 3275 1274 3353 humanm,
1301 3285 1330 3338 et
1348 3284 1374 3338 te
1387 3277 1500 3357 polenta

316 3382 448 3461 emcipiet
475 3388 502 3441 et
524 3399 636 3462 equom
664 3399 778 3462 quoque
801 3381 887 3463 lorqe
913 3379 1098 3441 miuntrobit
1119 3390 1181 3441 etc.
1229 3381 1410 3441 necessario
1430 3375 1501 3458 quod

316 3482 519 3546 adiciendum
543 3494 611 3546 erat
632 3493 706 3546 ante
725 3482 830 3565 probo.
871 3493 937 3544 tum
958 3492 1043 3543 recte
1060 3484 1200 3544 llluretus
1214 3489 1249 3542 ut
1263 3484 1330 3544 ibtr's
1353 3492 1385 3543 et
1400 3491 1498 3562 postea
1590 3535 1591 3552 ,

312 3585 455 3666 probem:
486 3585 561 3647 libri
590 3595 626 3648 ut
655 3589 706 3648 isti
733 3597 765 3648 et
791 3585 927 3667 probent.
981 3584 1100 3646 deinde
1130 3585 1171 3645 od
1193 3584 1279 3646 illum
1303 3585 1495 3665 scripsimus:
1590 3565 1591 3570 ἵ

316 3687 391 3750 libri
415 3692 529 3769 partim
553 3691 689 3766 odilla,
721 3691 838 3770 partim
861 3689 902 3750 od
925 3689 1020 3750 illem.
1069 3697 1134 3749 tum
1158 3688 1359 3749 velamentum
1382 3686 1498 3766 abipso
1590 3703 1591 3764 q

315 3811 347 3854 sc
376 3791 540 3854 dedimus:
574 3795 693 3854 Pithoei
722 3791 805 3854 liber
834 3793 1034 3853 uelamentum
1066 3791 1097 3850 in
1127 3792 1224 3871 ipsos,
1254 3789 1310 3852 alii
1339 3791 1498 3852 uelamento
1590 3777 1591 3836 l

316 3897 400 3975 ipso,
437 3895 606 3957 velamento
640 3898 707 3976 ipso
740 3913 783 3956 se.
837 3905 904 3956 tum
939 3894 1054 3955 adieris
1083 3893 1231 3954 Haasius:
1270 3892 1355 3955 liber
1387 3890 1496 3953 l‘itboei
1590 3909 1591 3988 q

316 3999 430 4059 odierit
455 3998 519 4072 liis,
552 3999 584 4060 in
615 4000 730 4060 ceteris
759 3997 852 4059 valde
882 3996 1044 4059 turbatum
1067 4003 1126 4056 est.
1173 4005 1333 4076 postremo
1354 4005 1389 4056 ut
1409 3993 1496 4074 plena

317 4111 349 4161 et
378 4111 463 4162 recta
493 4101 582 4161 lieret
612 4101 710 4162 oratio
738 4099 921 4163 addendum
951 4108 1019 4160 crat
1047 4098 1179 4174 uideris,
1215 4107 1248 4160 et
1274 4108 1377 4178 potest
1404 4099 1434 4158 ei
1461 4111 1497 4154 ex

317 4205 396 4284 ipsis
419 4202 573 4264 librorum
596 4201 796 4283 quorundam
812 4204 898 4264 vitiis
921 4221 983 4264 non
1007 4201 1086 4263 nibil
1111 4199 1184 4262 addi
1203 4201 1403 4262 firmamenti.
1449 4215 1496 4258 ce·

316 4316 420 4368 terum
442 4305 571 4368 hortulis
594 4305 725 4367 lortesse
749 4305 952 4368 abiciendum
976 4315 1035 4366 est.

394 4409 512 4469 Vitium
528 4409 691 4469 continent
709 4426 790 4488 quae
806 4409 839 4470 in
851 4407 986 4488 epistula
1000 4407 1034 4467 34
1055 4407 1071 4467 4
1090 4406 1237 4468 meliores
1248 4403 1325 4466 libri
1336 4402 1492 4486 praebent.

316 4511 404 4573 Iobor
426 4510 534 4572 bonum
556 4529 617 4571 non
639 4518 693 4572 eet.
740 4512 813 4592 quid
841 4529 911 4593 erqo
940 4517 986 4571 est
1006 4509 1138 4570 bon-um?
1181 4507 1297 4570 totores
1318 4507 1492 4587 contemptio.
