3184 5108
123 1305 283 1406 INDEX
312 1305 632 1406 nuurlouvu
661 1227 1027 1408 Ausulvnuuu
1060 1317 1183 1413 1864.

73 1558 115 1669 In
134 1607 288 1691 Euripidis
310 1610 444 1672 Hercule
468 1610 594 1674 iurente
612 1612 747 1691 Megara,
774 1608 912 1673 reditum
936 1611 1040 1674 mariti
1062 1610 1104 1674 ab
1126 1611 1241 1674 inieris

73 1709 239 1793 desperans,
264 1713 345 1774 filios
367 1714 410 1775 ita
431 1713 615 1794 adloquitur
641 1713 682 1796 (v.
702 1713 762 1775 tto
780 1714 851 1796 ss),

226 1805 345 1899 ἧπολά
369 1839 406 1899 με
430 1809 516 1900 δάΕης
538 1815 694 1888 ἐξέπαισαν
718 1815 855 1893 ἐλπίδες,

227 1908 264 2003 ἢν
286 1913 398 2004 πατρὸς
421 1913 504 2002 ὑμῶν
526 1919 561 1982 ἐκ
582 1913 679 2003 λόγοιν
702 1913 769 1984 πότ’
795 1910 919 2004 ἤλπισα.

227 2017 275 2085 σοί
297 2017 351 2105 μὲν
373 2017 431 2106 γάρ
445 2012 550 2107 Ἄργος
572 2017 655 2106 ἔνεμ’
682 2018 699 2086 ‘o
721 2018 880 2087 κατδανοδν
905 2017 1024 2109 πατήρ,

226 2118 408 2210 Εὐρυσθέως
431 2119 459 2188 δ’
486 2123 610 2209 ἔμελλες
632 2118 763 2210 οἰκήσειν
788 2120 916 2210 δόμους,

225 2231 277 2312 τῆς
299 2221 505 2313 καλλικάρπου
526 2222 634 2314 κράτος
656 2225 738 2314 ἔχων
760 2225 952 2314 Πελασγίας,

226 2324 335 2414 στολήν
356 2353 389 2396 τε
412 2325 505 2416 δηράς
528 2325 704 2416 ἀμφέβαλλε
726 2334 772 2418 σῷ
792 2325 872 2416 κάρᾳ

226 2432 363 2511 λέοντος,
386 2425 465 2519 ᾗπερ
487 2427 575 2506 αιἰτδς
597 2432 788 2505 ἐξωπλίζετο·

227 2531 265 2600 σδ
287 2530 316 2598 δ’
342 2527 426 2620 ἧσδα
448 2534 557 2622 Θηβῶν
578 2540 637 2600 τῶν
660 2531 854 2623 φιλαρμάτων
878 2529 968 2617 ἀναξ,

225 2635 362 2724 ἔγκληρα
383 2638 472 2704 πεδία
492 2635 574 2724 τάμά
595 2643 651 2724 γῆς
672 2639 872 2724 κεκτημένος,

227 2735 269 2814 ὡς
291 2740 441 2814 ἐξέπειθες
462 2737 522 2806 τὸν
535 2737 776 2830 κατασπείραντά
798 2767 843 2821 σε,
862 2791 866 2796 -

226 2845 269 2917 είς
293 2840 391 2916 δεξιὰν
416 2841 449 2908 δὲ
471 2840 526 2930 σήν
550 2840 741 2930 ἀλεξητήριον

227 2941 312 3019 ξιίλον
335 2946 436 3012 καδίει
458 2941 610 3012 Δαιδάλου
633 2949 728 3034 ψευδῆ
752 2943 851 3012 δόσιν·

227 3047 275 3115 σοί
296 3045 325 3113 δ’
351 3042 390 3136 ἢν
412 3049 519 3137 ἔπερσε
540 3051 601 3123 τοῖς
624 3045 780 3136 ἑκηβόλοις
801 3049 873 3116 ποτὲ

225 3148 337 3225 τόξοισι
358 3148 465 3218 δώσειν
488 3149 638 3239 Οἰχαλίαν
661 3148 818 3240 ὑπέσχετο.

225 3257 304 3342 τρεῖς
327 3252 355 3319 δ’
381 3247 469 3329 ὄντας
491 3249 568 3341 ὑμᾶς
588 3251 758 3342 τριπτύχοις
780 3256 946 3343 τυραννίσιν
1142 3261 1154 3298 “

225 3355 325 3446 πατίρ
347 3354 490 3445 ἐπύργου,
515 3359 594 3444 μέγα
615 3363 735 3446 φρονῶν
757 3355 912 3446 εὐανδρίᾳ.

61 3462 97 3524 de
117 3465 163 3528 his
183 3463 334 3528 versibus
360 3483 423 3526 non
453 3464 610 3526 inutiliter
631 3462 824 3546 disputaturi
855 3483 926 3528 esse
954 3463 1047 3528 nobis
1076 3463 1236 3546 videmur,

48 3570 210 3649 ·quoniam,
243 3577 398 3648 quantum
419 3569 634 3647 meminimus,
659 3567 801 3631 nondum
829 3569 873 3630 ita
900 3570 1085 3650 pertractati
1108 3579 1183 3631 sunt
1203 3579 1241 3632 ut

62 3671 131 3732 nihil
152 3669 366 3734 desideretur.
414 3679 447 3732 et
472 3680 579 3752 spreta
604 3680 678 3734 sunt
706 3690 812 3754 nuper
838 3690 901 3733 non
930 3672 1017 3735 nulla
1045 3691 1127 3753 quae
1157 3671 1241 3734 dooti

62 3773 193 3838 homines
215 3773 339 3837 dudum
362 3782 447 3836 reete
470 3783 658 3837 statuerant.
704 3775 803 3838 veluti
827 3774 913 3856 quod
941 3777 976 3837 in
999 3775 1062 3837 tine
1085 3776 1240 3856 seriptum

62 3887 121 3939 erat
140 3872 185 3941 ἐπ’
206 3871 315 3962 ἀνδρίφ
336 3877 506 3940 Eimsieius
523 3879 699 3940 rectissime
722 3879 754 3939 in
773 3872 918 3963 εὐανδρία
939 3887 1128 3942 mutaverat.
1166 3896 1241 3940 nam

62 3979 96 4041 ad
120 3979 283 4044 tutandam
311 3981 493 4062 opinionem
522 3978 695 4062 Apollonii,
731 3982 786 4061 qui
818 3983 861 4044 ita
891 3980 984 4044 dooet
1017 3980 1057 4044 de
1086 3980 1241 4044 adverbio

64 4085 175 4164 ρδίδ,
200 4085 252 4163 ί3,
281 4086 336 4156 τίς
364 4079 399 4147 δὲ
425 4077 549 4169 ἀνδρός,
587 4077 628 4155 oi<
656 4078 707 4146 καί
733 4081 824 4161 ἔστιν,
854 4077 874 4169 ἡ
898 4079 1018 4170 ἀνδρία,
1052 4084 1137 4148 unde
1167 4104 1240 4148 eum

62 4180 172 4272 ἀνδρίαν
208 4187 375 4270 scripsisse
412 4189 656 4269 Etymologioum
694 4206 845 4269 magnum
881 4207 914 4270 p.
940 4189 1014 4265 idi,
1039 4189 1079 4250 33
1118 4199 1239 4268 narrat,

62 4301 172 4354 tantum
198 4290 292 4354 abest
320 4301 357 4356 ut
384 4293 461 4354 satis
485 4291 612 4353 valeant
639 4293 928 4373 argumentationes
958 4290 1107 4354 Lobeokii
1137 4293 1237 4374 paral.

61 4413 89 4474 p.
105 4395 175 4474 360,
198 4405 238 4458 ut
257 4395 314 4456 Ori
336 4388 473 4481 ἀνδρείαν
496 4394 660 4477 probantis
683 4395 874 4458 sententiam
896 4413 958 4458 non
983 4394 1074 4458 modo
1096 4389 1117 4479 ἡ
1138 4389 1241 4480 παρά-

57 4495 149 4578 δοσις,
193 4517 289 4581 quam
322 4499 568 4581 Etymologioum
605 4506 636 4560 et
672 4496 907 4561 Choerobosous
945 4499 1087 4562 Grameri
1123 4499 1237 4562 aneod.

980 4617 1032 4670 Π*
