3184 5108
340 371 416 444 246
638 387 727 448 lansx
750 405 914 450 ssorronru
936 385 1228 448 taciturnitas.

491 576 543 638 34.
584 576 717 638 Etcum
740 574 845 639 beluis
866 574 1016 639 Indorum
1039 573 1198 656 quoddam
1224 592 1326 656 genus
1349 570 1515 655 duplicibus

425 678 527 742 femur
549 678 648 741 fuisse
672 677 798 758 caudis,
831 697 913 760 quae
941 678 1119 761 duplicatae
1148 677 1189 740 ad
1217 696 1275 740 sex
1296 676 1417 758 pedum
1438 696 1516 738 meu-

425 800 532 845 suram
561 782 595 843 in
617 781 785 846 latitudine
809 801 880 844 oum
910 782 997 844 binis
1026 781 1178 865 patebant
1198 779 1381 862 unguibus,
1413 778 1516 860 quibus

424 885 568 948 homines
589 883 773 948 verberavit
794 904 952 966 pungens.

360 1090 378 1150 5
905 1093 958 1153 lll.

491 1212 519 1271 l.
561 1212 738 1274 Lernaeum
765 1221 873 1274 autem
901 1230 1037 1292 anguem
1061 1219 1226 1292 poetarum
1255 1209 1381 1273 fabulae
1405 1209 1517 1289 lingunt

424 1309 530 1376 dirum
553 1312 652 1376 fuisse
675 1315 848 1396 spiramine
873 1324 904 1377 et
926 1317 1074 1377 Tartareo
1096 1315 1244 1378 nocivum
1264 1332 1388 1376 veneno
1412 1323 1443 1374 et
1463 1313 1516 1373 lin-

423 1417 493 1496 guis
515 1417 697 1499 triplicibus
718 1417 910 1480 terribilem.
957 1419 1007 1481 cui
1031 1417 1071 1480 de
1095 1417 1199 1480 media
1228 1417 1330 1480 fronte
1359 1415 1454 1479 turba
1474 1416 1516 1476 in·

423 1539 501 1599 gens
524 1529 735 1584 monstrorum
758 1541 795 1583 ac
811 1522 1010 1603 serpentium
1032 1520 1210 1603 pullulabat
1231 1522 1425 1602 generisque
1441 1520 1516 1580 velut

338 1622 376 1684 40
421 1623 544 1704 viperei
561 1623 767 1689 eumenidum
789 1627 895 1686 crines
918 1627 999 1686 circa
1023 1624 1166 1687 eiusdem
1189 1625 1302 1705 anguis
1325 1623 1438 1685 faeiem
1459 1623 1517 1702 glo-

422 1725 536 1789 borum
558 1727 848 1791 innumerabilibus
869 1725 971 1812 „nodis
999 1727 1160 1791 horrenda
1182 1725 1345 1790 scatebant
1368 1725 1514 1808 prodigia.

422 1831 477 1909 qui
500 1828 634 1892 condam
657 1829 759 1894 fertur
781 1831 948 1893 Herculem
971 1831 1030 1894 bac
1050 1830 1145 1894 turba
1167 1832 1365 1912 serpentium
1391 1839 1424 1892 et
1446 1827 1516 1890 sibi-

421 1931 561 1995 lantibus
584 1935 830 1996 circumstetisse
859 1931 1017 2016 capitibus
1046 1945 1142 2015 atque
1170 1934 1204 1996 in
1227 1953 1263 1996 eo
1290 1933 1352 1995 sibi
1380 1933 1515 2014 proditus

421 2035 500 2096 nihil
524 2037 696 2117 proiecisse
721 2037 920 2120 perhibetur.

299 2233 306 2250 .
337 2155 374 2217 45
486 2158 516 2219 2.
557 2159 729 2239 Serpentes
751 2177 878 2240 quoque
899 2157 1101 2240 Assyriorum
1124 2159 1157 2220 in
1181 2157 1317 2221 desertis
1338 2157 1427 2219 nasci
1449 2175 1516 2238 per-

421 2258 575 2323 hibentur
597 2263 652 2342 qui
676 2262 795 2324 babent
817 2263 920 2343 capita
942 2262 1018 2324 bina
1048 2272 1080 2324 et
1103 2263 1247 2324 inmensa
1270 2263 1413 2343 corporis
1434 2261 1516 2321 volu·

421 2365 507 2424 mina
530 2375 680 2445 torquent
702 2375 902 2447 quatuorque
931 2385 992 2447 per
1012 2365 1143 2428 umbras
1173 2375 1344 2428 nocturnas
1369 2363 1468 2427 oculis
1488 2363 1514 2422 in
1578 2419 1579 2426 ,

420 2465 549 2532 modum
570 2468 719 2531 lucernae
742 2470 860 2532 lucent.

483 2589 514 2650 3.
554 2587 661 2670 llydra
683 2591 796 2670 anguis
818 2598 959 2652 armatus
988 2589 1086 2652 luisse
1109 2588 1321 2668 describitur,
1353 2608 1437 2670 quae
1458 2589 1516 2649 Eu·

331 2689 373 2749 20
418 2688 550 2770 rydicen
573 2693 738 2772 coniugem
761 2693 880 2774 Orphei
909 2693 942 2754 in
972 2693 1042 2774 ripa
1070 2693 1209 2756 fluminis
1239 2693 1342 2774 capite
1363 2691 1517 2755 truncavit
1577 2731 1578 2795 l

228 2857 230 2864 ,
289 2808 320 2858 tt
418 2801 450 2854 et
465 2791 619 2856 demersit
641 2797 674 2856 in
697 2797 855 2876 gurgitem
879 2806 911 2858 et
933 2797 1014 2859 siout
1029 2797 1132 2878 Scylla
1151 2784 1307 2859 monstris¹
1330 2797 1373 2857 ita
1397 2795 1515 2857 ethaeo

418 3054 441 3100 4.
461 3049 582 3100 xxxviia
601 3049 690 3102 beluis
708 3054 756 3117 qui
775 3052 874 3104 habent
892 3053 994 3107 caudas
1012 3053 1161 3120 duplicatas
1179 3055 1214 3116 A,
1241 3067 1317 3104 xxnu
1336 3053 1374 3104 De
1393 3053 1514 3105 indorum

329 3131 417 3184 beluis
434 3134 533 3200 quibus
550 3135 638 3188 caude
656 3137 757 3202 duplex
776 3138 817 3188 li?
905 3143 929 3191 i.
950 3139 1101 3206 duplicatas
1116 3140 1169 3192 AB.
1258 3145 1282 3190 4.
1304 3139 1415 3207 pambat
1431 3139 1482 3190 Ali.

330 3221 354 3267 4.
375 3218 539 3272 uerberabat
561 3223 591 3272 B.
655 3236 707 3273 noo
730 3225 854 3274 matinata
875 3231 913 3276 est
937 3227 1003 3288 quod
1026 3227 1157 3291 Berperas
1180 3240 1214 3278 ec
1238 3227 1466 3278 amaricasset·
1486 3225 1515 3273 cic
1575 3237 1576 3244 ¹

326 3306 434 3367 proeliis
451 3319 509 3369 cap.
524 3311 555 3357 44
575 3307 670 3371 odiet
695 3307 794 3360 deinde
812 3314 903 3360 amoto
921 3313 1041 3362 exercitu
1059 3313 1135 3364 venit
1158 3313 1193 3363 ad
1216 3312 1352 3378 mendam
1377 3311 1466 3362 iocum
1489 3313 1511 3359 io

328 3403 382 3454 quo
400 3396 478 3442 erant
494 3392 597 3444 bestias
616 3392 747 3445 babentes
766 3395 879 3459 ungulas
897 3397 973 3458 duas,
1000 3396 1068 3448 latas
1085 3395 1201 3463 pedibus
1218 3397 1313 3458 tribus,
1339 3410 1403 3449 cum
1422 3397 1514 3463 quibas

328 3473 450 3526 terebant
472 3477 508 3528 ad
529 3477 698 3542 (iaciebanttl
725 3479 823 3532 milites
840 3481 993 3534 Alexandri.
1032 3483 1157 3534 similiter
1179 3482 1316 3535 habebant
1339 3485 1426 3550 capita
1450 3484 1512 3534 sicut
1574 3499 1575 3581 p

326 3563 412 3626 porci,
440 3561 540 3614 modas
564 3564 635 3614 sicut
657 3563 758 3616 leones.
830 3566 890 3618 linit
913 3568 946 3618 de
965 3567 1053 3619 beluis
1076 3569 1172 3634 incipit
1195 3568 1230 3619 do
1247 3569 1419 3634 serpentibus
1436 3569 1465 3628 A,
1488 3571 1510 3616 it

327 3661 377 3710 cao
394 3651 448 3699 tom
464 3650 553 3700 aalma
571 3655 633 3700 aaut
649 3652 825 3712 capitulorum
841 3656 1032 3716 tmcriptiooes.
1069 3657 1227 3718 scopum
1244 3668 1289 3706 eos
1306 3668 1342 3705 ae
1358 3657 1452 3706 indica

327 3737 350 3784 4.
372 3747 436 3784 mv
454 3735 492 3786 De
510 3748 626 3786 urneum
645 3749 761 3800 anguem
779 3739 810 3798 A,
836 3752 911 3788 mir
928 3740 966 3790 lle
985 3740 1104 3791 Lernaeo
1122 3753 1210 3804 angue
1229 3740 1270 3790 Bi
1331 3740 1449 3790 limeum
1467 3751 1510 3788 so·
1573 3787 1574 3794 ,

323 3831 405 3883 guam
423 3821 454 3870 A.
544 3824 568 3871 7.
589 3823 738 3884 tartaroA‚
765 3827 935 3878 tentareii.
1034 3829 1057 3876 8.
1078 3827 1123 3877 cui
1141 3826 1253 3878 dimidia
1271 3826 1301 3877 A.
1392 3830 1511 3877 amon·

325 3908 463 3957 struorum
479 3907 562 3970 prA.
634 3906 773 3972 pululabat
789 3911 820 3971 A,
847 3909 1010 3976 puluisbunt
1027 3913 1058 3963 li.
1148 3915 1190 3962 44.
1211 3912 1390 3963 circa'omA.

326 3993 367 4040 tt.
383 3994 425 4042 tt.
446 3991 619 4055 globosorum
637 3993 668 4042 A.
739 3995 852 4058 sortmse
874 3995 1010 4048 horrendo
1034 4011 1072 4049 sc.
1093 3998 1225 4064 prodigio.
1316 4002 1357 4048 ts.
1376 3997 1510 4063 quondam

325 4077 355 4126 B.
429 4077 479 4128 hac
499 4079 535 4130 li:
560 4089 592 4128 ac
610 4079 639 4128 A.
707 4079 832 4144 Vergilias
849 4081 911 4132 Aac.
927 4096 972 4132 sur
992 4087 1041 4134 444
1061 4097 1115 4136 non
1134 4087 1159 4135 te
1178 4085 1290 4135 rationis
1308 4087 1432 4148 egeam
1450 4083 1509 4132 Lar·

325 4173 409 4212 naeus
427 4161 506 4213 turba
524 4165 643 4229 capitum
662 4166 840 4216 circumstetit
858 4170 962 4231 anguis.
1053 4173 1093 4220 44.
1114 4169 1236 4236 proditus
1255 4171 1293 4221 B:
1315 4169 1413 4236 perditi
1431 4169 1460 4219 A.

326 4250 367 4296 44.
388 4247 559 4312 perhibetur:
587 4252 614 4300 in
632 4251 678 4300 too
696 4251 773 4302 verbo
791 4255 849 4316 finit
868 4254 899 4303 B.
1001 4258 1043 4304 tc.
1062 4269 1136 4306 mu
1160 4255 1199 4306 lle
1222 4255 1393 4322 serpentibus
1418 4255 1509 4305 asirio·

324 4345 385 4383 rum
403 4334 433 4383 A.
507 4339 547 4386 44.
569 4335 653 4386 abent
670 4338 701 4386 A.
773 4340 816 4388 44.
837 4340 1069 4402 mammetem
1087 4343 1202 4392 Isim
1219 4345 1417 4408 eripuistis
1436 4339 1507 4390 cuius

324 4416 395 4469 ocull
414 4418 504 4470 lucent
521 4420 604 4472 veluti
624 4420 758 4473 lucernae.
851 4427 891 4473 49.
912 4439 997 4476 xxxvii
1016 4425 1055 4476 lle
1074 4425 1161 4492 hydra
1178 4427 1207 4476 A.
1248 4419 1249 4424 '
1281 4426 1436 4478 discribitur
1452 4437 1508 4474 corr

322 4505 353 4558 A.
443 4508 484 4556 44.
501 4508 542 4558 it.
564 4507 747 4570 quaemdicen
766 4508 796 4560 A.
