3186 5108
376 423 466 490 irrora
488 443 655 490 acerram
678 443 860 490 ursariam
879 424 973 488 tuto.
1202 413 1273 487 157

92 629 176 692 quam
198 632 233 676 ea
259 631 341 696 quac
364 617 447 680 mala
469 627 544 680 sunt
572 617 656 681 inter
685 618 754 698 ipsa
776 617 858 680 mala
879 625 975 699 atque
1005 619 1048 680 ita
1077 619 1220 683 eminent
1242 629 1278 683 ut

92 717 248 799 praecipue
283 729 316 782 et
345 723 476 802 proprie
510 721 592 784 mala
622 720 758 784 dicenda
788 722 863 787 sint.
918 720 1148 803 adscripsimus
1181 723 1278 786 huius

91 819 198 900 figurae
220 823 366 904 exempla
395 842 477 904 quae
506 825 722 907 suppetebant
751 826 872 904 omnia,
905 825 965 886 etsi
993 825 1148 907 pleraque
1176 828 1277 889 notis-

88 925 156 986 sima
183 935 268 988 sunt.
321 923 499 1010 Aeschylus
529 930 615 992 Pers.
641 949 672 990 v.
694 930 755 992 682
792 917 817 990 ὦ
844 921 935 991 πιστὰ
965 932 1078 993 πιστῶν
1107 921 1211 1015 ἥλικές
1240 924 1271 994 θ’

87 1019 154 1112 ἥβης
181 1026 256 1113 ἐμῆς
287 1025 404 1116 Πέρσαι
432 1029 560 1116 γεραιοί.
615 1032 786 1113 Sophocles
815 1030 895 1094 Oed.
922 1051 949 1093 r.
975 1051 1006 1094 ν.
1026 1034 1087 1096 ttt
1116 1031 1159 1106 τίς
1186 1025 1270 1098 ὅντιν’

87 1123 104 1192 ἁ
130 1130 303 1196 θεσπιέτσια
330 1128 441 1220 delicie
470 1131 536 1199 eloe
567 1133 662 1221 πέτρα
696 1124 801 1220 ἄρρητ’
837 1128 974 1219 ἀρρήτων
1008 1135 1172 1200 τελέσαντα
1200 1159 1275 1223 φοι-

87 1231 168 1299 νθαισι
194 1234 317 1322 χερσίνς
349 1236 434 1300 idern
457 1238 538 1301 Oed.
566 1239 631 1301 Col.
657 1255 688 1300 ν.
710 1238 793 1303 lidi
819 1234 870 1302 ἵνα
891 1234 1047 1324 τρόπαντα
1069 1235 1151 1304 κακὰ
1171 1245 1275 1305 κακῶν

87 1337 213 1408 ξυνοικεῖ.
261 1341 469 1405 Pherecrates
492 1344 525 1404 in
548 1342 712 1406 hletallicis
733 1342 820 1424 apud
843 1343 1036 1406 Meinekium
1065 1365 1145 1406 com.
1170 1345 1233 1406 vol.
1252 1364 1275 1406 u

86 1461 114 1522 p.
127 1443 184 1504 300
215 1438 254 1508 roi
284 1441 317 1508 δὲ
340 1439 413 1529 μῆλ’
440 1443 589 1531 ἐκρέματο
616 1440 654 1510 τὰ
682 1441 763 1509 καλὰ
790 1449 851 1510 τῶν
880 1448 983 1511 καλῶν
1015 1446 1087 1511 ἰδεῖν
1115 1442 1188 1534 ὑπὲρ
1217 1471 1274 1512 κε-

85 1548 194 1631 φαλῆς,
230 1547 261 1620 ἐξ
288 1541 411 1621 οὐθενὸς
443 1543 609 1635 πεφυκότα.
663 1549 786 1612 Diocles
814 1549 901 1631 apud
930 1552 1125 1615 Mainalium
1154 1573 1187 1634 p.
1210 1553 1273 1613 838

84 1651 178 1715 alorci
206 1673 240 1716 τε
261 1647 300 1716 τὰ
321 1648 401 1716 κακὰ
431 1656 490 1717 τῶν
514 1655 616 1716 κακῶν
644 1647 733 1736 ὑμᾶς.
786 1653 1015 1736 Aristophanes
1041 1657 1211 1736 Byzantius
1241 1659 1273 1717 in

84 1765 261 1832 argumento
284 1756 382 1837 riuti,
415 1767 678 1820 commemoratus
707 1776 725 1819 a
754 1757 911 1822 hleinekio
941 1777 1020 1820 com.
1047 1759 1109 1820 vol.
1132 1778 1141 1821 r
1164 1779 1198 1841 p.
1218 1761 1270 1839 69,

83 1849 156 1939 ‘apris
178 1853 404 1945 ἀναβλέψαντος
431 1855 523 1926 αὐτοῦ
541 1864 601 1924 τῶν
624 1863 727 1924 κακῶν
749 1854 846 1932 οὐδεὶς
867 1856 1018 1939 ἐπλούτει,
1046 1865 1106 1926 τῶν
1135 1855 1162 1924 δ’
1190 1855 1272 1947 ἀγα-

84 1959 139 2024 θῶν
158 1951 196 2046 ἦν
217 1957 350 2047 τάγαθά.
398 1958 566 2051 (Lucillius
587 1962 684 2026 harh.
711 1965 774 2026 Pal.
793 1983 822 2026 xa
845 1965 908 2026 388
932 1955 1033 2051 Ἄχρις
1058 1957 1092 2028 ir
1120 1955 1158 2052 ἧς
1188 1956 1272 2051 ἄρα·

84 2087 147 2146 ρος,
172 2061 342 2152 Νοομήνιε,
365 2061 463 2131 πάντα
485 2066 567 2132 δοκεῖ
589 2090 638 2132 σοι
659 2067 691 2132 ἐν
713 2071 757 2154 τῷ
777 2069 831 2151 ζῆν
858 2065 937 2133 εἶναι
959 2072 1017 2132 τῶν
1042 2062 1164 2154 ἀγαθῶν
1188 2064 1270 2154 ἀγα-

83 2161 125 2230 θά.
169 2165 229 2234 εἷθ’
264 2163 336 2235 ὅταν
365 2170 485 2257 εἰσέλθῃ
516 2159 652 2257 roperti,
691 2166 780 2236 πάλιν
810 2165 881 2236 etth
911 2171 993 2237 δοκεῖ
1015 2195 1064 2237 σοι
1089 2172 1187 2259 ἐντῷ
1216 2176 1271 2258 ζῆν

82 2267 153 2337 εἶναι
176 2267 276 2338 πάντα
298 2279 400 2339 κακῶν
428 2270 465 2340 τὰ
487 2270 599 2363 κακά.)
644 2277 752 2338 Latino
780 2295 925 2339 sermone
955 2276 1070 2340 similia
1094 2296 1165 2339 raro
1187 2276 1271 2340 dieta

82 2393 145 2439 esse
168 2377 333 2442 videntur.
373 2380 431 2443 sed
454 2381 577 2444 locutus
599 2389 648 2443 est
670 2382 712 2442 ita
732 2380 830 2443 lulius
846 2380 955 2442 Florus
971 2399 992 2442 ιι
1009 2383 1050 2444 26
1071 2381 1127 2464 (uu
1146 2382 1184 2442 li
1202 2382 1268 2464 63),

81 2481 169 2544 lloesr'
188 2501 281 2564 paam
300 2482 374 2565 seri,
406 2501 497 2565 param
520 2492 620 2547 truces
639 2483 776 2566 scariot,
808 2503 899 2566 paam
926 2486 1062 2565 ipsorum
1084 2487 1174 2547 ctiam
1197 2484 1272 2547 hor-

80 2582 145 2647 hori
168 2584 376 2648 harbarorum
408 2586 556 2650 horribile
582 2588 664 2650 dicto
692 2595 753 2664 cst,
793 2595 825 2649 et
853 2589 972 2650 maiore
1006 2587 1173 2651 insolentia
1196 2607 1206 2650 r
1229 2591 1270 2652 22

84 2685 111 2768 [u
133 2690 151 2748 6
174 2689 243 2772 35),
271 2690 451 2752 Sardiniam
469 2691 624 2754 Gracchus
641 2693 787 2773 arripuit.
807 2725 852 2738 —-
874 2693 1023 2754 sancitam
1046 2693 1078 2754 itt
1100 2691 1191 2754 urbes
1213 2713 1271 2754 ar-

80 2789 195 2874 bcmpue
227 2792 352 2856 urbium
384 2795 531 2858 Caralim.
579 2788 788 2881 (nummorum
821 2813 959 2857 nummos
992 2793 1074 2856 dixit
1106 2795 1272 2858 Petronius

80 2913 143 2976 cap.
161 2891 235 2984 3⁷.)
287 2898 395 2978 itaque
423 2899 571 2961 similiter
600 2897 718 2960 dixisse
743 2898 846 2960 videri
875 2906 980 2978 potest
1002 2899 1159 2978 Vergilius
1182 2907 1271 2981 tapete

80 3017 251 3062 omcorum
273 3020 352 3063 curo
367 3003 461 3064 Seoete
483 3021 643 3082 cararum,
670 3000 769 3082 idque
791 3002 893 3081 siquis
915 3000 1093 3082 praefracte
1113 2999 1271 3063 deiende-

82 3103 134 3182 rit‚
164 3124 227 3167 non
256 3103 452 3186 litigabimus
475 3127 547 3169 cum
576 3125 613 3167 eo
643 3106 869 3167 contumacius
925 3104 982 3167 sed
1005 3103 1134 3167 videtur
1163 3115 1269 3168 tamen

81 3205 166 3269 nohis
195 3227 284 3272 amor
311 3227 373 3291 quo
402 3219 494 3291 poeta
524 3210 656 3272 Sextum
684 3208 859 3290 conplexus
888 3217 956 3270 erat
984 3227 1048 3270 non
1077 3210 1153 3271 satis
1184 3219 1269 3271 recte

80 3307 137 3370 dici
167 3314 341 3376 eminuisse
376 3314 463 3376 inter
495 3322 617 3376 ceteras
651 3314 720 3374 eius
750 3331 859 3392 curas,
899 3311 931 3374 id
962 3321 1010 3374 cst
1044 3313 1129 3374 inter
1163 3311 1270 3375 studia

81 3412 230 3480 rhetorica
260 3426 292 3480 et
320 3417 541 3498 grammatice,
578 3415 664 3497 quod
694 3435 796 3498 paene
822 3415 993 3478 ridiculum
1023 3425 1089 3478 est:
1127 3415 1270 3478 traduci-

81 3535 147 3580 mur
166 3529 273 3582 autem
295 3519 337 3582 ad
357 3521 438 3583 hanc
459 3521 754 3602 interpretationem
778 3521 804 3581 si
827 3539 905 3582 cara
927 3537 1076 3582 curarum
1099 3521 1266 3582 retinetur.

80 3624 221 3700 quocirca
243 3643 352 3686 caram
380 3624 412 3684 in
435 3623 624 3686 vocabulum
646 3642 782 3705 quocum
805 3642 899 3705 saepe
929 3643 946 3685 a
971 3621 1112 3685 librariis
1139 3621 1268 3686 contusa

80 3735 123 3785 est
152 3726 336 3790 mutandam
365 3726 637 3810 scribendumque
667 3737 816 3808 putamus
850 3735 939 3808 topice
969 3748 984 3788 o
1013 3745 1151 3789 reectum
1180 3747 1268 3789 caver

80 3827 169 3892 Sexte
192 3849 352 3894 carrarum.
400 3833 535 3894 certiore
563 3829 786 3893 emendatione
815 3849 929 3892 versus
958 3832 1108 3892 carminis
1135 3830 1269 3894 undeci-

81 3951 146 3995 mus
171 3935 293 3998 restitui
317 3943 422 4016 potest
449 3933 531 4016 (nam
554 3936 623 3995 ν.9
656 3935 784 4015 Syroais
813 3953 928 3997 nomen
952 3937 1075 4016 requiri
1104 3945 1191 4017 patet
1219 3938 1270 3998 in-

80 4036 300 4120 tellectumque
327 4037 450 4101 dudum
479 4049 545 4102 est:
580 4037 654 4099 lihri
685 4038 902 4102 Bruxeliensis
931 4046 962 4100 et
990 4040 1159 4102 Vossianus
1188 4041 1269 4102 siro-

80 4141 124 4202 ois
158 4139 342 4226 habent)*).
406 4142 491 4224 quod
532 4161 629 4222 supra
665 4143 851 4222 scripsimus
888 4142 1030 4222 Scaliger
1068 4162 1108 4204 ex
1143 4141 1270 4205 Aldinis

81 4244 314 4326 exemplaribus
343 4247 487 4308 retinuit.
541 4265 581 4308 ex
609 4245 774 4307 chartaceo
800 4247 900 4307 Vossii
930 4243 1039 4306 codice
1070 4247 1270 4309 Burmannus

82 4345 135 4407 hoc
163 4347 283 4430 adfert,
313 4350 358 4412 lte
379 4349 449 4412 hinc
477 4367 648 4412 camoenae.
694 4367 766 4411 uam
796 4367 852 4411 aas
881 4365 994 4430 proprie
1024 4349 1116 4412 limite
1145 4369 1264 4413 saevae.

82 4493 279 4506 *uu——

163 4569 187 4634 'l
212 4572 318 4635 [Sironis
336 4575 429 4636 prohat
447 4575 523 4624 edttto
541 4575 625 4624 altaro
643 4573 676 4637 αρ’,
698 4573 811 4623 analect.
824 4569 878 4638 R]
