3204 5104
324 352 398 424 366
618 369 707 428 lnnnx
728 387 892 429 umorum
916 387 1101 432 numnam
1120 366 1213 428 tuat.

324 555 521 636 Palladiaque
549 575 681 618 camara
710 557 900 620 adsimulare
927 573 1104 638 quemquam
1133 555 1215 618 velat
1235 553 1413 618 animiam
1432 571 1499 634 por·

324 661 472 722 rierttem?
517 658 582 720 illio
602 658 775 722 vorborum
803 659 1015 724 obsoletorum
1045 659 1200 740 exemplis
1220 659 1323 721 utitur
1345 656 1496 718 Plautinis.

323 762 427 842 qualia
444 761 541 824 verba
556 763 671 842 nequis
693 782 711 825 a
727 763 879 826 Cicerone
900 765 1029 826 omnino
1042 764 1147 826 aliena
1162 781 1233 824 esso
1248 771 1339 842 putet
1361 769 1498 840 propter·

323 883 424 946 eaque
452 866 560 929 cerriti
587 864 775 930 vocabulum
805 867 838 930 in
866 868 936 930 eius
964 869 1105 929 oratione
1128 867 1230 928 looum
1257 863 1376 926 habore
1398 871 1496 941 neget,

322 967 483 1032 commoda
520 969 635 1032 oooidit
667 980 703 1032 ut
735 971 906 1034 Martianus
938 972 970 1033 in
1005 972 1067 1034 illis
1099 968 1302 1032 vitandorum
1336 965 1497 1028 verborum

323 1073 478 1153 exemplis
499 1073 656 1136 olricimri
676 1085 826 1154 poneret,
851 1093 914 1155 quo
930 1075 1039 1137 Cioaro
1053 1075 1243 1155 aliquotiens
1265 1089 1343 1134 usus
1361 1081 1431 1132 esta
1463 1067 1497 1128 do

322 1195 384 1256 quo
406 1174 505 1238 verbo
527 1175 671 1238 brevitor
696 1177 845 1241 addimus
873 1179 1113 1259 originationem
1136 1196 1230 1258 quam
1253 1175 1374 1238 Gellius
1395 1191 1441 1234 ιιι
1464 1172 1497 1230 li

323 1299 361 1340 ex
392 1279 501 1342 Cloatii
531 1281 605 1342 Veri
640 1279 731 1342 libris
763 1281 934 1346 vorborum
967 1301 985 1345 a
1020 1282 1149 1344 Graecis
1181 1289 1353 1342 tractorum
1388 1275 1498 1356 profert

322 1385 460 1465 oonspioi
485 1385 518 1445 in
541 1384 642 1464 glossa
659 1385 898 1464 Philoxeniana,
924 1387 1116 1462 deotmar,
1141 1377 1237 1448 ἀλύει.
1284 1381 1392 1444 oerriti
1413 1396 1497 1440 vora-

322 1485 397 1549 bulo
420 1487 547 1550 Plautus
575 1489 677 1550 utitur
698 1487 857 1569 Amphitr.
883 1509 905 1552 u
933 1491 953 1552 2
985 1489 1062 1567 lli,
1094 1507 1222 1569 pluero,
1252 1487 1327 1568 prim
1355 1493 1388 1546 ta
1408 1485 1497 1544 omar

323 1590 405 1654 iubet
422 1593 480 1655 Pro
498 1594 614 1654 cerrito
635 1591 851 1674 cirmimferri?
881 1591 1094 1674 respondetur
1108 1591 1211 1672 edepol
1225 1592 1279 1671 qai
1289 1589 1400 1671 [natast
1412 1602 1494 1667 opat:

322 1695 401 1756 Nam
422 1693 496 1756 taec
517 1694 636 1776 quidem
658 1695 761 1776 edepol
782 1697 947 1757 lammam
966 1697 1098 1777 plenasl.
1146 1697 1227 1756 Han.
1245 1713 1266 1754 ι
1290 1694 1339 1754 ll
1367 1689 1436 1772 quid
1455 1688 1496 1749 illi

322 1815 387 1858 ease
408 1796 507 1860 morli
526 1797 680 1860 deuteras?
718 1817 836 1874 marro,
861 1817 969 1860 semer.
1015 1800 1094 1860 Nam
1117 1799 1259 1860 immotus
1281 1803 1337 1858 out
1356 1791 1494 1856 cerritus?

319 1899 372 1980 sor
394 1902 500 1962 seiam.
539 1898 620 1962 Hud.
639 1920 668 1963 ιι
684 1903 701 1962 3
719 1901 761 1962 67
783 1901 992 1982 interroganti
1008 1920 1135 1984 pomero,
1160 1919 1262 1964 samam
1284 1901 1339 1962 es?
1375 1912 1493 1975 respon·

322 2001 418 2066 datur
440 2004 514 2064 Sum
535 2003 735 2066 elleborosas:
758 2015 826 2068 tum
850 2005 902 2068 illo
925 2013 958 2068 ot
978 2024 1030 2088 epo
1052 2007 1194 2068 cerritus.
1240 2003 1319 2065 alios
1334 2002 1442 2076 Plauti,
1463 2005 1492 2058 ut

323 2105 467 2184 videtur,
492 2125 605 2169 vorsus
620 2109 739 2170 Nonius
754 2110 910 2171 servavit:
936 2109 977 2171 da
1001 2127 1064 2189 quo
1086 2127 1158 2170 mox
1180 2107 1317 2170 dicotur.
1363 2102 1491 2166 Horatius

322 2209 425 2272 Sarm.
450 2227 472 2271 u
496 2210 514 2270 3
539 2211 601 2272 275
624 2211 703 2274 adde
724 2231 863 2274 errrorem
887 2213 1038 2274 Stultitioe
1067 2219 1156 2294 atque
1177 2213 1276 2295 ipaem
1297 2211 1396 2295 plodm
1415 2227 1491 2272 sau·

322 2319 389 2374 tore
410 2311 513 2387 modo,
538 2314 570 2374 im
592 2332 678 2395 oriem
699 2315 827 2377 Hellade
844 2333 994 2396 percusso
1016 2317 1138 2380 Martiis
1165 2334 1234 2376 com
1259 2317 1435 2397 praecipitet
1452 2329 1487 2386 *τι

324 2415 461 2477 Cerritas
486 2415 569 2496 fait?
612 2435 654 2478 aa
684 2426 835 2480 commotae
862 2421 988 2481 erimine
1015 2421 1122 2482 orontis
1144 2417 1293 2482 Absoloas
1313 2418 1490 2479 laminemel

321 2517 444 2580 sceleris
473 2517 635 2583 domoalis
663 2519 805 2600 madero,
839 2523 892 2582 Hm
919 2541 1002 2583 more
1030 2524 1177 2604 imponeres
1205 2530 1334 2605 capriata
1361 2515 1489 2582 voeabula

322 2619 436 2682 rebus?
487 2631 646 2702 tamquam
680 2632 752 2686 noto
786 2632 819 2685 at
845 2624 959 2686 usitato
987 2623 1084 2686 verbo
1111 2627 1212 2688 utitur
1238 2625 1405 2689 Suetonius
1429 2637 1488 2682 oum

321 2721 527 2786 Octavianum
543 2724 620 2787 dicit
639 2725 718 2808 (oap.
737 2725 787 2808 87)
814 2726 947 2790 adsidua
963 2746 1081 2808 ponera
1102 2747 1159 2811 pro
1174 2730 1283 2792 cerrito
1299 2741 1487 2790 vomrroam.

322 2825 461 2906 danique
477 2828 589 2890 Saroni
606 2829 794 2890 Sammonici
817 2849 931 2892 voram
953 2841 1000 2894 est
1022 2831 1063 2893 97
1087 2835 1231 2894 cerritum
1252 2849 1343 2913 saepe
1363 2826 1491 2892 torrendi

322 2928 513 2992 medicaretur
534 2929 652 2992 odores.
700 2933 732 2994 in
748 2933 936 3012 explicando
951 2934 1050 2996 verbo
1065 2936 1247 3015 conspirant
1262 2944 1387 2996 veteres
1400 2949 1489 3012 gram-

322 3033 438 3094 matici.
483 3029 587 3095 Aaron
615 3032 656 3094 ad
680 3035 797 3096 Horatii
824 3055 953 3098 vorsum
982 3037 1151 3117 adscripsit
1181 3039 1288 3100 cerriti
1312 3038 1432 3118 proprie
1449 3032 1489 3092 di-

322 3142 434 3196 oaalar
455 3137 508 3216 qai
528 3155 548 3196 o
565 3137 673 3198 Cerere
687 3139 829 3218 percussi
845 3147 926 3201 saal.
974 3141 1105 3202 Servius
1127 3142 1160 3202 in
1176 3139 1255 3203 Aen.
1273 3157 1315 3202 ru
1331 3137 1391 3200 377
1415 3136 1489 3216 ‘tyn

319 3236 425 3317 ploto’
447 3255 597 3318 percusso
607 3238 716 3319 farore
731 3240 949 3322 Lympharum,
974 3245 1053 3304 areat
1066 3246 1192 3306 oerritos
1207 3263 1228 3304 o
1244 3243 1354 3304 Cerere
1366 3241 1486 3304 eoam.

323 3338 501 3402 Priscianus
522 3341 599 3404 lnst.
618 3359 647 3404 ιι
666 3362 697 3422 ρ.
717 3343 778 3404 637
797 3345 828 3404 Ρ.
853 3347 955 3408 nodas
977 3347 1108 3408 maritas
1129 3347 1261 3408 cerritior
1283 3343 1322 3406 ol>
1343 3361 1399 3405 am
1418 3356 1489 3402 mort

324 3442 448 3522 Cerere,
473 3461 527 3506 ιιιι
550 3464 582 3524 p.
601 3445 663 3506 836
686 3464 707 3506 a
730 3447 839 3508 Cerere
861 3449 1007 3525 cerritis,
1033 3469 1054 3510 o
1075 3447 1196 3530 lymplo
1218 3447 1398 3530 lymphatus.
1438 3444 1489 3505 llo-
1587 3447 1588 3466 ¹

322 3547 396 3606 nius
418 3565 450 3626 p.
470 3546 509 3607 tt
529 3547 568 3606 tt.
593 3549 700 3610 cerriti
721 3557 749 3611 et
770 3550 901 3626 loraoti,
928 3552 1006 3613 mole
1028 3554 1100 3613 soni
1120 3559 1223 3613 etam
1239 3551 1360 3613 Cereris
1382 3551 1489 3611 roan
1587 3547 1588 3560 ¹

322 3649 487 3712 lamiarum
507 3650 714 3712 incursatione
735 3653 836 3714 animo
858 3655 974 3716 oemoti.
1024 3655 1149 3716 Plautus
1171 3651 1322 3736 Amphitr.
1350 3654 1487 3716 ‘anuuit

322 3751 436 3831 edepol.
465 3751 613 3814 homimem
640 3754 795 3816 miserum.
842 3757 988 3818 medicam
1015 3757 1189 3838 praemiat!
1233 3755 1313 3818 uem
1338 3757 1388 3836 pii
1406 3767 1487 3834 sopra
1551 3751 1560 3772 '

326 3854 433 3934 ‘quasi
453 3853 627 3918 advenienti
646 3855 747 3918 morbo
764 3858 905 3920 amman
925 3861 1035 3922 iaaem.
1082 3868 1115 3922 ta
1136 3867 1215 3922 oerte
1236 3866 1291 3921 out
1313 3859 1443 3920 tamam
1461 3867 1486 3912 et

322 3963 378 4018 out
398 3956 553 4020 cerritus!
596 3958 684 4038 prior
706 3961 900 4040 versiculum
925 3963 986 4024 nisi
1008 3961 1169 4024 turbatum
1193 3971 1240 4024 est
1258 3961 1344 4042 apud
1359 3961 1481 4032 Nonium,

323 4079 362 4122 ox
390 4079 427 4122 aa
456 4069 546 4140 parte
568 4059 807 4142 Amphitruonis
836 4083 918 4145 quaa
948 4066 1044 4145 periit
1065 4075 1210 4128 servatus
1232 4075 1291 4127 ost.
1324 4071 1403 4146 post
1421 4058 1481 4122 idm

322 4163 375 4242 qai
388 4181 486 4243 supro
501 4181 562 4243 qua
580 4163 642 4225 lide
657 4165 847 4229 Basilienses
861 4167 1044 4230 addiderint
1061 4169 1092 4229 im
1106 4165 1287 4249 Aetfitryooo
1302 4157 1478 4237 noooiuusf}

324 4266 356 4326 iu
379 4283 475 4328 vorsu
502 4266 557 4346 qui
587 4267 733 4347 sequitur
759 4268 922 4332 Leidensis
952 4269 1035 4332 libor
1063 4273 1200 4332 iuuenem
1231 4269 1349 4332 babere
1375 4268 1478 4336 dieitur,

392 4485 415 4552 η
437 4483 582 4552 [maim
598 4491 664 4542 aaa
680 4492 778 4543 meaa
796 4490 901 4559 uoto.)
