3184 5108
302 329 379 402 264
599 344 688 406 lrrrr
710 361 875 406 ιιοτιοιιιι
897 363 1077 407 miram
1102 344 1196 405 l86l.

304 535 426 596 Thraca
453 542 486 594 et
515 531 675 594 Thessalia
696 530 879 614 Apidanum
907 533 1163 595 commemoravit
1191 551 1298 614 neque
1325 543 1485 615 propterea

305 655 419 717 magna
445 635 679 716 vituperatione
717 634 833 716 dignus
861 645 920 698 est.
974 635 1123 698 similiter
1151 636 1280 699 Herculi
1307 637 1485 700 llaenalium

141 821 145 826 .
260 755 428 801 ·7ramum
444 736 596 800 tribuisse
612 737 760 801 videtur:
790 749 877 801 certe
895 738 983 800 nialla
1001 737 1059 800 boc
1076 726 1189 801 ίοίιιιίοιΙ
1205 740 1359 820 explicari
1378 749 1483 820 potest.

304 841 373 920 sed,
405 839 491 922 quod
512 843 721 923 praecipuum
744 851 803 920 est,
827 839 994 904 attendere
1016 839 1157 904 debebat
1179 841 1341 922 Pssugkius
1362 841 1404 904 ad
1422 861 1487 904 ora-

304 946 400 1008 tionis
423 944 566 1007 lormam.
613 963 672 1008 nos
692 946 779 1008 enim
801 937 996 1029 ἀλεξητήριον
1011 937 1095 1014 ξόλον
1111 937 1272 1009 Μαινάλου
1294 947 1365 1008 sine
1388 963 1487 1008 exem-

305 1049 357 1130 plo
380 1048 499 1111 dictum
522 1066 593 1112 esse
616 1047 799 1129 putabimus
821 1046 924 1111 donec
945 1057 1118 1111 monstrato
1138 1047 1244 1128 aliquo
1266 1047 1413 1128 genetivo
1436 1067 1487 1128 pro

303 1151 461 1214 adiectivo
483 1151 578 1232 plane
600 1151 809 1214 consimiliter
830 1152 932 1232 posito
955 1149 1177 1213 refutabimur.
1223 1159 1295 1214 utut
1316 1161 1375 1230 est,
1403 1169 1488 1231 agre-

305 1240 389 1334 giam
412 1265 446 1316 et
467 1273 578 1318 veram
600 1272 670 1316 esse
693 1255 913 1317 existimamus
934 1251 1189 1316 emendationem
1212 1270 1275 1333 qua
1297 1253 1488 1316 dermannus

306 1358 363 1420 bos
391 1375 504 1420 versus
534 1357 689 1435 restituit,
720 1355 765 1428 εἰς
794 1350 891 1427 δεξιόν
921 1353 955 1419 tl
976 1349 1032 1439 σὴν
1055 1349 1246 1440 σ’λείητήριον
1268 1349 1367 1419 Ξόλον
1395 1354 1488 1419 aubia
1577 1389 1578 1392 ν

306 1458 463 1537 δαίδαλον,
493 1459 589 1544 ψευδῆ
619 1453 713 1523 δόσιν.
770 1477 844 1522 nam
874 1458 959 1540 quod
986 1458 1156 1523 Elmsleius
1185 1458 1298 1537 obicit,
1337 1453 1487 1524 δαιδάλων
1577 1449 1578 1456 ¹

304 1562 392 1644 apud
419 1561 539 1626 Atticos
568 1572 677 1645 poetas
705 1563 861 1641 inveniri,
892 1581 955 1625 non
984 1562 1123 1624 inveniri
1153 1559 1311 1639 δαίδαλον,
1343 1581 1445 1644 neque
1465 1563 1488 1624 si

306 1685 419 1728 verum
441 1676 527 1728 esset
548 1665 667 1728 laceret
688 1673 883 1730 momentum
904 1663 999 1748 (nulla
1022 1665 1109 1727 enim
1131 1666 1261 1746 cogitari
1283 1675 1390 1746 potest
1404 1683 1489 1728 eausa

307 1789 364 1832 cur
399 1769 457 1832 boc
486 1768 674 1832 vocabulum
711 1770 848 1850 tragicae
883 1770 971 1851 poesi
1006 1769 1112 1831 minus
1140 1769 1313 1830 convenire
1349 1777 1489 1848 putemus
1577 1781 1578 1820 1

306 1891 404 1953 quam
426 1872 534 1952 epicae
557 1881 589 1934 et
610 1871 737 1954 lyricae)
765 1889 871 1952 neque
885 1891 999 1934 verum
1019 1889 1090 1934 esse
1105 1869 1254 1952 Aeschyli
1272 1887 1386 1933 versus
1407 1867 1490 1932 docet

307 1977 399 2039 Eum.
418 1976 492 2054 635,
517 1974 550 2038 lv
572 1969 602 2037 δ’
631 1968 772 2059 ἀτέρμονι
793 1969 907 2038 Κόπτει
927 1968 1077 2058 ‘asebdana’
1104 1963 1201 2058 ἄνδρα
1221 1966 1358 2058 δαιδάλῳ
1379 1972 1486 2058 πέπλῳ.

307 2077 348 2141 de
371 2097 433 2159 quo
456 2087 562 2142 autem
586 2079 722 2140 maxime
744 2078 877 2140 artificio
905 2087 960 2140 aut
985 2086 1098 2140 ornatu
1119 2075 1292 2158 Euripides
1313 2077 1489 2158 cogitaverit

306 2201 379 2244 cum
403 2178 546 2245 δαίδαλον
576 2180 658 2243 dixit
686 2181 829 2243 Herculis
856 2173 1047 2264 ἇλιξητήριον
1069 2173 1155 2250 ίόλον
1183 2180 1244 2242 etsi
1272 2189 1359 2242 certe
1390 2178 1488 2241 decla-

307 2285 371 2346 rari
394 2303 458 2346 non
481 2294 599 2365 potest,
632 2291 739 2346 tamen
761 2303 825 2346 non
847 2283 956 2364 inepte
985 2282 1169 2365 putabimus
1197 2281 1397 2344 obversatam
1425 2301 1488 2344 esse

306 2389 377 2450 eius
398 2387 503 2450 animo
526 2387 646 2449 clavam
669 2387 719 2450 cui
744 2387 833 2448 infixi
856 2397 964 2449 essent
986 2386 1067 2449 clavi
1089 2387 1181 2448 aenei
1207 2385 1261 2447 vel
1283 2403 1325 2446 ex
1345 2384 1406 2446 alio
1427 2403 1488 2446 me·

305 2490 381 2552 tallo
404 2488 489 2551 iacti.
536 2489 690 2553 eiusmodi
713 2490 818 2552 clatus
840 2499 980 2570 gestasse
995 2487 1142 2571 Assyrios
1157 2489 1212 2570 qui
1227 2490 1357 2550 Xerxen
1378 2505 1489 2569 seque-

307 2591 425 2655 bantur
447 2592 622 2656 Herodotus
644 2603 754 2656 narrat
768 2611 810 2654 ιιι
827 2594 878 2672 63,
904 2587 1032 2664 ἀσπίδας
1049 2589 1089 2678 ,δὲ
1110 2586 1162 2656 καί
1183 2584 1297 2676 αίχγιάς
1318 2586 1370 2654 καί
1393 2590 1489 2676 ἐγχει-

306 2694 389 2782 ρίδια
417 2690 615 2780 παραπλήσια
642 2695 720 2759 τοῖσι
739 2692 929 2780 Αἰγυπτίοισι
956 2691 1055 2782 εἶχον,
1093 2689 1167 2780 πρὸς
1195 2691 1229 2758 δί
1256 2690 1374 2778 ῥόπαλα
1402 2688 1487 2765 ξόλων

306 2797 497 2882 τετυλωμένα
519 2792 635 2884 σιδήρῳ
655 2793 707 2861 καί
728 2797 843 2870 λινέους
865 2793 1020 2884 capanea.
1067 2799 1100 2860 in
1123 2797 1240 2879 quibus
1261 2796 1371 2860 verbis
1392 2797 1490 2878 expli-

306 2901 418 2965 candis
440 2903 582 2964 Steinius
605 2901 794 2964 mirabiliter
819 2902 927 2984 lapsus
950 2911 1016 2964 est:
1055 2903 1207 2964 evitasset
1228 2917 1370 2962 errorem
1398 2903 1426 2962 si
1446 2900 1489 2962 le-

308 3007 405 3086 gisset
428 3023 510 3086 quae
530 3003 686 3067 Diodorus
701 3005 827 3068 Siculus
848 3005 930 3068 dixit
952 3023 987 3067 ιιι
1009 3005 1063 3084 33,
1088 2997 1233 3087 ὁπλισμὸν
1256 2997 1284 3065 δ’
1310 2999 1488 3088 lyncestis

306 3104 530 3192 Τρωγλοδυτῶν
553 3106 582 3170 οί
604 3104 657 3191 μὲν
679 3101 897 3191 ὀνομαζόμενοι
919 3107 1099 3193 ρεγαβαρεῑς
1120 3106 1309 3192 κυκλοτερεῖς
1329 3100 1488 3189 ὠμοβοΐνας

307 3205 436 3282 ἀσπίδας
464 3205 517 3272 καί
544 3202 674 3293 ῥόπαλον
703 3203 811 3282 τόλους
838 3208 910 3297 ἔχον
938 3205 1166 3296 περισιδήρους,
1196 3209 1227 3274 ol
1254 3206 1289 3272 δὲ
1311 3199 1400 3274 ἄλλοι
1426 3203 1488 3278 τόξα

307 3310 359 3376 καί
381 3306 508 3398 λόγχας.
553 3313 668 3392 nequis
682 3331 760 3375 vero
783 3314 860 3378 haec
880 3314 984 3378 aliena
1005 3323 1095 3395 putet
1117 3323 1226 3395 utpote
1248 3311 1397 3391 barbara,
1421 3331 1488 3375 con·

306 3417 411 3479 simile
439 3425 487 3478 est
510 3416 710 3478 Homericum
738 3415 818 3480 illud
847 3427 1007 3498 sceptrum
1035 3413 1186 3502 χρυσείοις
1212 3406 1316 3500 ἥλοισι
1342 3413 1488 3501 mappe-

308 3541 371 3584 νον.
416 3529 485 3582 tum
507 3520 638 3600 cynicus
662 3519 886 3601 philosophus,
917 3519 1062 3583 Herculis
1089 3501 1198 3597 simia‘,
1230 3520 1274 3581 ita
1303 3518 1487 3582 describiutr

305 3621 348 3684 ab
369 3621 563 3703 lllcipbrone
585 3641 621 3684 111
645 3623 698 3702 55,
736 3621 877 3708 ἐξαίφνης
906 3620 940 3686 δὲ
966 3619 1019 3685 καί
1046 3618 1227 3707 Παγκράτης
1253 3615 1270 3684 δ
1299 3617 1381 3685 κόιυν
1415 3614 1485 3705 δόρη

305 3721 375 3797 τούς
395 3719 525 3796 πολλοὺς
546 3718 764 3809 παρωσάμενος
792 3719 964 3810 τίσήρρησε,
995 3725 1130 3812 στελέχη
1150 3722 1275 3810 πρινίνιρ
1302 3718 1486 3810 ἐπερειδόμε-

305 3847 373 3902 νος·
410 3819 448 3913 ἧν
477 3821 536 3913 γὰρ
559 3823 624 3891 ἀντί
648 3831 701 3893 τοῦ
728 3823 924 3912 ποκνοόγιατυς
953 3831 1012 3892 τῶν
1040 3821 1117 3900 όίιον
1151 3827 1277 3914 χαλκοῖς
1308 3849 1385 3890 τισιν
1411 3818 1485 3911 ἥλοις

305 3929 537 4016 ἐμπιπαρμένην
553 3929 652 4016 φέρων
675 3929 852 4017 βακτηρίαν,
876 3928 929 3995 καί
949 3929 1004 4017 τὴν
1025 3927 1124 4018 πήραν
1148 3929 1182 3994 δί
1196 3924 1333 3994 διάκενον
1354 3927 1408 3994 καί
1422 3922 1486 4014 πρός

305 4029 343 4099 τὰ
371 4033 501 4120 λείψανα
530 4028 668 4107 ediciam<
697 4029 879 4119 ἠρτημένην.
931 4030 980 4122 (et
1008 4035 1094 4118 apud
1121 4035 1296 4118 Vergilium
1326 4034 1386 4097 ecl.
1411 4034 1429 4094 5
1450 4031 1483 4092 9⁰
1576 4095 1578 4130 r

305 4136 424 4220 pedum
448 4147 497 4200 est
513 4137 684 4220 formosum
702 4137 832 4220 paribus
854 4139 942 4202 αοιίίι
965 4147 1054 4221 morte
1075 4133 1179 4226 aere.)

393 4241 459 4303 Sed
481 4242 514 4303 in
537 4238 659 4304 eisdem
682 4242 745 4304 illis
766 4241 915 4305 versibus
937 4241 1055 4325 quibus
1076 4241 1247 4324 Euripides
1262 4241 1406 4304 llerculis
1428 4239 1483 4300 cla-
1575 4279 1576 4282 ο

306 4362 377 4406 vam
401 4353 554 4407 memorat
580 4344 668 4408 aliud
691 4354 788 4408 restat
817 4344 859 4408 de
881 4363 944 4426 quo
966 4344 1139 4409 dicendum
1168 4363 1204 4407 eo
1227 4344 1327 4425 magis
1356 4353 1404 4405 est
1430 4357 1483 4421 quo

305 4447 528 4528 neglegentius
548 4450 741 4529 interpretes
761 4466 829 4510 rem
844 4451 921 4512 satis
937 4447 1175 4512 memorabilem
1197 4447 1480 4529 praetermiserunt.
