3184 5108
385 407 474 468 lrmn
496 425 662 508 taorrorrpu
686 427 865 471 ιιιιιιιιιιι
891 409 985 470 1863.
1208 395 1282 468 219

105 597 172 660 lium
194 613 251 658 ιιιι
274 597 305 656 9.
353 615 421 675 nos,
445 597 595 676 quoniam
620 595 703 660 liber
725 598 778 660 ille
800 598 834 660 in
856 615 978 660 summa
1001 597 1127 661 inscitia
1149 617 1186 660 ac
1207 597 1284 662 bar-

104 697 182 762 barie
205 698 355 779 conplura
378 707 483 762 tamen
506 701 647 763 continet
668 702 750 764 scitu
773 700 869 780 digna
899 709 931 761 ct
954 701 1069 780 partim
1093 699 1185 763 valde
1216 721 1285 764 me-

105 799 267 878 morabilia,
298 802 394 864 inuno
423 811 556 883 propter
586 803 686 884 ipsam
709 802 892 866 barbariem
921 823 984 866 non
1014 803 1137 866 inutilis
1166 813 1215 866 est
1243 803 1284 866 ad

103 903 341 984 cognoscendam
362 904 540 968 litterarum
564 906 739 986 historiam,
770 907 1045 987 operaepretium
1078 904 1190 970 lactnri
1214 927 1284 970 osse

103 1007 185 1072 nobis
205 1006 396 1072 videbamur
421 1008 449 1072 si
478 1027 552 1071 curn
579 1010 711 1072 conlatis
739 1012 823 1073 inter
851 1027 885 1072 se
909 1008 1071 1072 codicibus
1094 1009 1284 1090 Guelferby7

102 1119 166 1174 tanc
193 1108 235 1193 (A)
269 1121 301 1174 et
324 1111 493 1176 Pitbocano
522 1129 618 1192 quem
644 1114 804 1192 Bergerus
830 1111 932 1176 edidit
958 1111 1003 1192 (B)
1031 1121 1185 1192 quantum
1213 1113 1283 1174 lieri

101 1223 128 1275 et
148 1213 279 1278 deberet
306 1223 340 1276 et
362 1235 379 1275 a
402 1213 495 1278 nobis
523 1225 628 1295 posset
654 1215 899 1278 emendaremus
927 1223 959 1276 et
989 1225 1087 1280 totum
1117 1214 1285 1294 evulgare-

103 1337 176 1382 mus.
215 1327 307 1380 erant
329 1327 435 1380 autem
458 1335 520 1378 non
544 1319 630 1381 nulla
654 1337 735 1399 quae
758 1318 859 1381 codex
880 1329 935 1382 aut
957 1327 1094 1398 uterque
1113 1327 1167 1380 aut
1186 1319 1284 1380 alter-

101 1431 167 1482 uter
187 1419 320 1500 praebet
343 1420 528 1498 resecanda,
558 1431 666 1502 utpote
689 1441 771 1502 quae
794 1421 897 1482 aliena
920 1430 1029 1483 essent
1049 1439 1068 1484 a
1090 1420 1165 1482 libri
1188 1440 1285 1500 argu-

102 1533 198 1586 mento
218 1524 447 1604 scriptorisque
462 1525 604 1588 consilio.
640 1543 722 1605 quae
737 1525 842 1588 omnia
858 1523 1029 1604 diligenter
1044 1521 1280 1588 adnotavimus:

101 1645 165 1690 narn
194 1645 236 1688 ne
264 1628 298 1690 iu
329 1627 392 1690 illis
420 1625 551 1708 quidem
581 1625 808 1691 additamentis
835 1627 953 1690 desunt
981 1646 1064 1707 qnae
1095 1625 1191 1706 digna
1220 1627 1285 1688 sint

99 1731 400 1792 commemoratione.
439 1731 539 1792 veluti
563 1728 667 1793 labula
690 1731 909 1812 Proserpinae,
935 1749 1017 1810 quae
1039 1731 1072 1792 in
1092 1728 1285 1810 Guelferby-

100 1841 165 1894 tanc
194 1833 302 1896 codice
323 1830 432 1894 addita
456 1840 515 1912 est,
545 1834 696 1913 antiquae
724 1821 921 1896 eruditionis¹
952 1833 1104 1912 reliquias
1132 1832 1309 1910 continet,t

100 1953 173 2014 quas
203 1935 388 2000 Eustatbius
416 1937 575 1998 aGraeco
603 1937 757 2018 scriptore
787 1937 939 2017 sumpsit,
979 1937 1087 1998 Latino
1115 1933 1197 1998 libro
1226 1933 1285 1998 ad-

99 2039 227 2119 scriptas
256 2057 327 2101 csse
357 2048 506 2120 putamus
536 2058 577 2100 ex
599 2040 707 2102 Latina
737 2040 843 2119 aliqua
874 2037 1051 2102 fabularum
1083 2037 1283 2118 enarratione

98 2151 147 2204 aut
175 2141 293 2206 scholio
322 2141 456 2204 fortasse
479 2142 671 2222 Vergiliano.
725 2152 756 2205 et
780 2161 797 2204 e
820 2142 949 2204 scholiis
970 2141 1161 2222 Vergilianis
1190 2142 1284 2203 etiam

98 2244 155 2306 alia
177 2263 259 2326 quae
284 2246 353 2325 ipse
375 2244 451 2307 libri
474 2245 610 2325 scriptor
632 2245 764 2325 protulit
780 2245 947 2325 desumpta
964 2264 1034 2308 esse
1051 2245 1281 2306 existimamus.

98 2347 192 2412 veluti
213 2348 378 2412 Octaviani
402 2348 597 2428 grammatici
620 2348 874 2410 commemoratio
893 2347 937 2429 [ur
956 2347 1021 2430 tt),
1043 2367 1115 2410 euin
1136 2347 1284 2410 adiuncta

98 2449 136 2512 eit
163 2451 209 2514 eis
237 2469 322 2532 quae
352 2469 391 2514 ex
415 2451 594 2532 Vergiliano
623 2470 720 2514 versu
748 2451 846 2531 petita
875 2459 960 2530 sunt,
993 2451 1160 2532 interpreti
1191 2449 1284 2542 alicui

99 2552 224 2635 Vergilii
254 2553 368 2618 deberi
397 2553 538 2616 videtur.
588 2555 709 2635 pariter
738 2572 820 2635 quae
851 2552 891 2616 de
914 2553 1042 2634 Orpheo
1064 2555 1179 2618 Lucani
1210 2571 1285 2614 nar-

99 2666 205 2718 rantur
232 2661 252 2732 (ι
276 2659 307 2720 6.
333 2677 355 2720 ιι
378 2658 408 2736 8)
441 2676 504 2720 ιιοιι
535 2677 576 2720 ex
599 2659 667 2738 ipso
689 2656 806 2722 Lucani
834 2658 991 2736 carmine,
1024 2655 1082 2720 sed
1110 2676 1151 2719 ex
1173 2657 1286 2737 Vergi-

100 2758 176 2822 liano
204 2760 312 2840 aliquo
334 2760 453 2824 scholio
476 2770 601 2842 sumpta
629 2779 700 2822 esse
726 2759 932 2824 arbitramur.
979 2769 1202 2822 commemorat
1223 2759 1285 2822 Or-

99 2861 210 2942 pheum
234 2866 350 2928 Lucani
373 2865 505 2926 Servius
526 2862 567 2926 ad
590 2881 698 2944 georg.
720 2882 766 2926 ιιιι
788 2865 870 2926 49οε
902 2861 971 2940 sed,
997 2862 1083 2943 quod
1105 2863 1284 2942 neglexisse

99 2963 246 3030 ridentur
273 2969 329 3047 qui
357 2965 400 3030 de
423 2967 482 3032 hoc
510 2967 649 3028 carmine
679 2967 895 3046 scripserunt,
931 2964 1043 3028 eodem
1071 2965 1158 3028 haud
1186 2963 1285 3028 dubie

99 3068 258 3147 pertinent
287 3087 370 3150 quae
393 3069 478 3134 idom
502 3070 634 3134 Servius
657 3068 697 3131 ad
720 3067 800 3134 Aen.
819 3088 848 3132 ιι
871 3070 934 3130 392
957 3067 1145 3148 adscripsit,
1178 3067 1286 3132 lectum

99 3178 139 3232 ut
159 3179 186 3236 ct
207 3174 240 3236 io
264 3173 383 3254 Orpheo
404 3173 483 3256 quod
504 3173 625 3256 quoodo
647 3173 793 3236 Herculea
816 3171 858 3236 od
880 3170 993 3252 lrrscros
1015 3171 1178 3249 deaoeodd,
1205 3170 1286 3234 Glau-

99 3293 152 3336 roo
172 3277 299 3340 lenitus
328 3294 397 3340 rum
424 3279 526 3340 stetim
548 3277 697 3358 sucepit:
728 3274 876 3358 oberrem
905 3293 970 3336 rem
998 3293 1080 3336 euno
1109 3275 1224 3357 integro
1254 3275 1285 3335 io

99 3378 282 3460 tmupcdtdus
302 3379 374 3462 suit.
414 3374 517 3466 <idem
540 3377 580 3442 ad
603 3397 710 3459 georg.
729 3397 751 3440 11
774 3379 836 3440 389
860 3377 918 3439 olii
938 3377 1044 3444 dicuat
1064 3378 1170 3440 oscilla
1193 3395 1286 3440 mcor-

99 3478 152 3544 bro
173 3500 238 3548 esse
260 3483 368 3546 cirillo
388 3482 426 3545 de
446 3481 574 3563 floribus
593 3481 694 3564 sacto,
726 3499 803 3563 puer
825 3479 1091 3562 suspendebantur
1110 3499 1168 3562 per
1191 3481 1286 3544 utute-

100 3583 262 3662 rotumum,
296 3587 341 3650 ito
361 3592 396 3648 ut
425 3587 457 3648 io
479 3604 516 3648 oo
544 3584 677 3650 bominac
700 3586 828 3665 acceptis
857 3584 972 3646 clausis
1003 3584 1144 3664 personis
1174 3583 1287 3664 impio·

99 3696 199 3767 goram
227 3696 255 3752 ct
284 3707 321 3752 eo
350 3706 402 3750 ore
430 3689 588 3764 cillorcot,
625 3687 657 3750 r'd
689 3695 735 3752 est
766 3694 936 3763 moverent,
972 3685 1014 3748 od
1047 3687 1145 3750 risum
1174 3685 1286 3766 populo

99 3791 356 3854 mumcoeodum:
388 3798 417 3856 et
436 3792 490 3856 loc
518 3791 551 3854 io
576 3791 702 3872 Orpheo,
722 3791 829 3853 lectum
851 3797 905 3854 cst.
953 3787 994 3852 ad
1015 3798 1125 3850 vetera
1147 3786 1286 3868 Orpbica

101 3891 154 3956 boc
183 3894 303 3957 rettulit
325 3893 501 3960 lobcckius
521 3891 674 3974 Aglaopb.
699 3913 732 3976 p.
751 3893 812 3956 585
836 3893 947 3956 utillo
969 3911 1002 3973 p.
1020 3885 1116 3977 8⁴3.)
1159 3891 1287 3954 studui·
1333 3954 1337 3960 ,

101 4013 166 4060 mus
194 4007 300 4062 autern
329 3997 457 4060 omnino
487 3996 638 4077 indagare
666 3995 754 4059 unde
785 4006 932 4076 congesta
961 3997 1026 4057 sint
1053 4013 1135 4074 quae
1166 3995 1198 4056 in
1228 3993 1287 4058 boc

101 4096 177 4162 libro
199 4101 418 4182 proteruntur,
444 4100 557 4164 inscite
579 4118 675 4180 saepe
698 4109 731 4162 et
752 4109 788 4163 ut
810 4098 937 4162 ridiculi
960 4116 1086 4160 errores
1101 4096 1287 4178 deprehen-

101 4199 224 4266 dantur.
271 4204 303 4266 in
326 4221 388 4284 quo
411 4201 518 4265 labore
542 4219 733 4283 quamquam
758 4211 789 4265 et
812 4204 873 4282 ipsi
898 4220 961 4264 non
984 4199 1191 4282 indiligenter
1213 4219 1288 4264 ver-

101 4305 156 4366 sati
178 4325 287 4372 sumus
309 4317 340 4370 et
363 4305 456 4370 valde
486 4325 544 4368 nos
572 4303 696 4368 adiuvit
718 4305 847 4386 Bergeri
878 4302 1026 4380 eruditio,
1058 4314 1150 4366 erant
1179 4313 1284 4366 tamen

102 4425 178 4486 quae
207 4409 248 4473 ad
268 4419 414 4474 auctores
436 4427 509 4473 suos
532 4408 654 4472 referre
679 4427 743 4472 non
765 4426 941 4489 possemus.
987 4415 1020 4470 et
1041 4406 1194 4472 videntur
1222 4423 1286 4470 uon

102 4510 183 4576 nullo
206 4511 406 4580 intercidisse
428 4531 510 4594 quae
532 4513 584 4576 bic
606 4512 742 4594 scriptor
764 4512 895 4592 legerat.
920 4510 1021 4576 veluti
1043 4509 1148 4576 omnia
1176 4509 1230 4572 illa
1252 4509 1285 4574 in
