3184 5108
645 382 733 442 laoax
755 399 917 443 tacrronra
940 399 1116 443 ιιιιτιιιιιιιι
1141 382 1233 444 ista.

434 569 507 632 dam
530 570 703 632 humanum
725 571 875 651 Rhipaeis
896 570 1056 632 montibus
1077 571 1218 632 vicinum
1240 571 1281 631 Ιιιι
1305 571 1406 632 hieme
1431 573 1506 632 terris

435 673 596 736 defossum
618 674 764 754 legimus,
794 672 849 736 ubi
872 676 964 736 nives
992 673 1053 736 sub
1076 673 1178 756 gelido
1200 675 1422 756 sapient-rionis
1439 685 1506 736 arcto
1578 675 1579 682 ’

436 778 468 838 in
492 796 531 839 vn
554 778 646 840 ulnas
667 789 873 859 consurgunt.

452 865 454 868 ¹
502 882 553 941 ii.
592 881 803 944 onocentauri
822 901 951 962 corpora
975 881 1135 944 hominum
1157 882 1390 946 rationabilium
1411 881 1507 944 babere

434 983 709 1066 videnturusque
739 985 779 1048 ad
802 984 986 1047 umbilicum
1017 995 1048 1046 at
1071 984 1202 1046 inierior
1230 1005 1305 1068 pars
1333 988 1461 1068 corporis
1484 985 1507 1044 in

434 1106 623 1168 onagrorum
652 1097 752 1151 setosa
781 1088 979 1169 turpitudine
1001 1087 1211 1151 describitur:
1245 1109 1325 1170 quos
1352 1093 1396 1152 sio
1421 1089 1505 1151 direr-

435 1211 541 1253 sorum
564 1211 715 1272 generum
739 1195 826 1255 varia
849 1192 1037 1255 naturaiiter
1058 1193 1220 1272 coniungit
1241 1203 1366 1256 natura.

502 1296 551 1356 ia.
593 1296 631 1356 Et
659 1294 719 1358 fuit
748 1294 907 1376 quoddam
936 1296 1097 1357 hominum
1128 1315 1228 1376 genus
1258 1298 1291 1358 in
1319 1298 1435 1374 Sicilia,
1467 1293 1510 1356 ubi

434 1397 553 1461 hainae
584 1399 698 1460 montis
728 1398 912 1461 incendium
942 1399 1068 1478 iegitur,
1101 1402 1156 1481 qui
1186 1419 1285 1462 unum
1314 1401 1433 1464 oculum
1463 1397 1510 1459 sub

434 1503 609 1583 asperrima
645 1501 747 1563 ironte
777 1502 870 1582 clipei
903 1501 1078 1564 latitudinis
1108 1496 1295 1565 babuerunt¹
1331 1513 1362 1566 et
1390 1503 1512 1584 cyclopes

435 1605 625 1668 dicebantur
654 1615 686 1666 et
714 1606 1008 1685 procerissimarum
1036 1605 1184 1668 arborum
1211 1606 1410 1669 altitudinem
1435 1624 1512 1666 exce

435 1708 555 1772 debant
582 1719 613 1771 et
636 1710 773 1770 humano
801 1710 955 1789 sanguine
977 1709 1199 1772 vescebantur.
1247 1729 1382 1790 quorum
1403 1707 1513 1790 quidam
1578 1695 1579 1720 ³

436 1816 468 1874 in
498 1831 554 1874 suo
584 1821 673 1874 antro
704 1813 873 1892 resupinus
901 1831 964 1874 una
993 1832 1089 1874 manu
1118 1812 1196 1875 duos
1218 1815 1304 1874 viros
1333 1814 1464 1876 tenuisse
1489 1821 1512 1870 et

434 1915 549 1980 crudos
571 1914 777 1978 manducasse
800 1915 926 1996 iegitur.

436 2112 459 2157 t.
485 2105 586 2172 ripheis
611 2106 642 2166 B,
675 2106 740 2170 ripis
763 2105 793 2154 A.
865 2105 1011 2156 incheme
1036 2105 1067 2154 B.
1156 2107 1181 2156 ι.
1208 2104 1350 2156 deiensum
1372 2107 1429 2158 Aa:
1454 2106 1512 2167 iero.

348 2205 437 2258 georg.
451 2205 478 2242 ιιι
497 2196 546 2242 tio
566 2193 616 2258 ipsi
635 2193 661 2242 in
680 2191 794 2242 deiossis
812 2191 946 2257 specubus
964 2204 1058 2243 secura
1077 2189 1129 2241 sub
1147 2190 1200 2242 aiia
1219 2193 1276 2243 Otia
1294 2195 1377 2256 agunt
1393 2197 1466 2242 terra.

350 2283 374 2329 t.
396 2281 422 2329 in
440 2282 556 2345 quatuor
574 2277 651 2328 uinas
670 2278 701 2336 B,
722 2277 748 2327 in
767 2276 844 2327 ulnas
862 2277 897 2326 A:
922 2277 995 2341 Vero.
1014 2291 1102 2342 georg.
1122 2291 1149 2326 ιιι
1170 2281 1216 2328 att
1238 2279 1285 2328 sed
1305 2281 1375 2330 iacet
1393 2275 1516 2342 aggeribus

349 2366 437 2416 niveis
449 2363 571 2416 informis
582 2367 610 2414 et
621 2363 675 2414 aito
687 2363 767 2414 Terra
781 2361 841 2426 gaiu
854 2363 906 2412 iate
918 2367 1077 2428 septemque
1090 2361 1210 2428 adsurgit
1222 2367 1249 2414 in
1262 2365 1350 2416 uinas.
1417 2367 1438 2414 t.
1457 2377 1469 2411 ι
1486 2362 1515 2410 iia

349 2451 537 2502 onocentauris
554 2451 585 2510 A,
617 2463 651 2501 ιιι
671 2451 847 2500 onocentauri
868 2449 909 2498 iti
949 2455 1135 2501 onocentauros
1152 2457 1334 2502 conamenorot
1350 2453 1430 2501 laotos
1447 2452 1473 2499 st
1491 2449 1514 2494 tt

347 2539 456 2600 indeque
473 2537 590 2588 isidorus
607 2540 672 2601 orig.
687 2550 712 2587 ιι
732 2539 745 2584 ³
766 2537 806 2584 39.
867 2535 1034 2586 rationabilia
1052 2536 1105 2586 AB.
1185 2540 1249 2587 itti.
1270 2539 1296 2588 in
1316 2549 1469 2602 onagrorum
1487 2533 1516 2582 B:

349 2628 531 2676 monstrorum
550 2624 603 2675 A„
669 2621 1030 2686 emmeramensi,
1061 2622 1316 2687 xrrrcgoiopesB?
1386 2625 1517 2674 humanum

349 2712 379 2762 B.
455 2707 834 2773 tethalassomenon
930 2713 969 2758 io.
991 2709 1163 2774 asperissima
1181 2709 1210 2758 A.
1258 2709 1332 2774 Vero.
1358 2710 1418 2760 Aen.
1436 2721 1461 2758 m
1477 2709 1516 2756 itt

349 2797 440 2847 iumen
458 2823 493 2832 -
511 2797 615 2860 ingens,
642 2795 714 2859 quod
740 2798 815 2844 torva
839 2795 925 2844 solum
951 2794 1002 2845 sub
1025 2793 1113 2845 ironia
1137 2795 1237 2846 latebat
1254 2794 1369 2859 Argolici
1392 2796 1465 2862 clipei
1480 2795 1517 2842 aut

350 2882 488 2935 Phoebeae
506 2882 637 2948 lampadis
656 2882 747 2932 instar.
839 2885 878 2931 it.
900 2881 1043 2932 arborum:
1069 2883 1142 2944 Verp.
1161 2881 1222 2930 Aen.
1238 2893 1266 2930 m
1286 2885 1337 2930 ata
1361 2881 1450 2948 quales
1466 2891 1516 2928 com

347 2970 447 3021 variioo
471 2969 544 3020 celso
568 2968 661 3017 Aerias
686 2979 801 3032 quercus
826 2970 872 3016 aut
896 2966 1029 3018 coniferae
1053 2969 1182 3032 cyparissi
1208 2967 1399 3019 Constiterant.

349 3058 390 3106 tt.
411 3059 453 3106 ta.
478 3053 638 3106 exercebant
657 3053 685 3102 A.
768 3053 840 3118 Vorg.
860 3054 923 3104 Aen.
943 3067 970 3103 ιιι
990 3057 1034 3103 ott
1062 3053 1211 3104 viscoribus
1235 3054 1397 3104 miserorum
1419 3055 1444 3102 et
1465 3064 1516 3102 san·

348 3143 428 3205 guina
447 3143 564 3192 vescitur
581 3143 649 3190 atro.
739 3141 778 3190 tt.
801 3139 827 3188 in
846 3139 950 3190 sooA:
970 3137 1070 3190 subii.
1146 3141 1287 3204 resopinos
1307 3141 1339 3191 a.
1409 3138 1458 3190 duo
1475 3138 1499 3187 ι,

241 3219 250 3228 ’
348 3227 479 3280 tenuisset
503 3229 530 3277 et
547 3228 577 3277 A.
680 3227 721 3274 rt.
742 3225 910 3276 mandioasse
928 3226 957 3275 A.
1041 3225 1113 3290 Vero.
1135 3225 1197 3276 Aen.
1218 3239 1246 3275 ιιι
1265 3230 1314 3276 ott
1335 3226 1389 3277 ridi
1414 3227 1513 3289 egomet,

347 3312 453 3365 duodo
473 3312 665 3364 numero‘cum
684 3323 797 3376 corpora
822 3315 913 3362 nostro
935 3311 1032 3362 Preosa
1051 3325 1133 3361 manu
1156 3325 1250 3376 magna
1276 3313 1367 3364 medio
1392 3312 1516 3375 resupinos

349 3400 376 3449 in
394 3403 471 3450 antro
490 3399 631 3463 frangeret
653 3397 687 3449 ad
706 3411 802 3449 saxum
821 3399 948 3462 sanieque
967 3397 1094 3463 adspersa
1119 3398 1373 3460 comanitarum,
1399 3399 1449 3448 vidi
1470 3399 1517 3446 atro

348 3498 410 3536 cum
430 3484 549 3536 membra
564 3484 672 3535 dueniia
692 3482 753 3534 tabo
766 3484 904 3535 Mandaret
921 3487 948 3534 et
961 3483 1042 3548 tepidi
1055 3487 1202 3534 iremerent
1213 3482 1264 3534 sub
1276 3485 1403 3536 dentibus
1415 3489 1488 3534 artus.

348 3570 453 3635 iegitur.
491 3571 603 3622 ueniens
621 3573 713 3620 autern
732 3570 822 3620 Vlixes
839 3568 873 3620 ab
889 3570 1086 3633 expugnatione
1104 3569 1197 3621 Troiae
1217 3571 1320 3620 inuenit
1339 3583 1421 3621 unum
1438 3568 1468 3620 ab
1484 3567 1517 3616 his

348 3659 375 3706 in
393 3657 510 3722 quadam
527 3656 654 3723 spelunca
674 3658 700 3706 in
719 3655 808 3707 Sicilia
825 3668 888 3706 cum
906 3657 963 3706 suis
981 3657 1078 3721 capris.
1115 3656 1149 3706 de
1168 3656 1269 3707 iamiiia
1287 3656 1369 3707 huius
1386 3657 1461 3718 (doen
1476 3667 1516 3700 sa·

347 3745 446 3804 maras)
465 3755 517 3793 una
535 3755 619 3794 manu
637 3743 723 3793 tenuit
741 3744 768 3792 et
780 3743 924 3793 decorauit
941 3745 969 3791 et
985 3745 1078 3806 postea
1091 3741 1228 3792 dormiuii.
1265 3746 1293 3792 et
1305 3743 1393 3793 Vlixes
1405 3751 1515 3805 maguum

347 3827 499 3880 burceiium
518 3830 640 3892 (tortosae
663 3827 816 3880 burdellum
840 3828 880 3879 ael
903 3827 1049 3879 burdiilum
1072 3832 1091 3878 ι’.
1112 3843 1134 3878 a.
1153 3828 1259 3891 mutarn)
1284 3829 1348 3879 iecit
1371 3829 1400 3879 in
1423 3827 1515 3879 ooaian

347 3917 406 3966 eius
426 3915 455 3964 B.
528 3929 562 3965 ιιι
580 3915 618 3966 De
637 3915 729 3965 ereuie
749 3915 800 3978 (arv
820 3915 857 3965 Da
877 3913 990 3964 Hercule
1014 3915 1075 3976 Bi).
1119 3915 1184 3975 Quis
1210 3913 1334 3965 ilereuiis
1361 3913 1470 3979 (ercuius
1491 3909 1512 3966 Ai

348 4000 532 4052 iortitudinern
549 4005 577 4051 et
594 4015 668 4052 arma
687 4015 740 4053 non
759 4002 909 4061 miraretur,
930 4002 975 4066 qui
994 4002 1021 4050 in
1040 4001 1160 4052 occiduis
1173 4000 1305 4066 Tyrrheni
1327 3985 1407 4062 (beni
1422 4000 1450 4061 A>
1469 4011 1516 4046 uu·

348 4088 385 4137 ris
404 4085 527 4137 iauoibus
545 4087 687 4140 columnas
704 4087 788 4137 mirae
808 4086 997 4150 magnitudinis
1020 4087 1053 4136 ad
1077 4087 1187 4138 humani
1209 4087 1353 4149 (humanae
1372 4088 1402 4150 B)
1427 4083 1516 4149 genens

347 4172 531 4236 spectaculum
550 4175 643 4235 erexit,
664 4175 764 4238 quique
785 4173 838 4237 (qni
851 4173 880 4235 A)
902 4171 1035 4223 beiiorum
1055 4186 1166 4224 suorum
1186 4176 1294 4237 tropaea
1314 4175 1412 4238 (tropea
1426 4171 1453 4226 B.
1471 4171 1517 4218 iro·

348 4258 417 4324 phoa
435 4259 465 4320 A)
487 4259 639 4310 moriente
659 4261 730 4309 iuxta
750 4259 885 4310 oceanum
904 4257 1026 4309 indicum
1050 4257 1084 4309 ad
1102 4259 1268 4324 posteritatis
1285 4260 1439 4310 memoriam
1462 4266 1515 4304 ooo·

348 4346 453 4406 struxit,
474 4349 502 4398 et
518 4350 661 4410 postquam
685 4357 754 4410 pene
776 4348 861 4394 totum
884 4344 978 4396 orbem
1003 4358 1067 4396 oum
1091 4345 1169 4396 baliis
1190 4348 1361 4410 peragrasset
1383 4347 1410 4396 ei
1432 4347 1514 4394 nmo

351 4433 492 4493 (terrarum
511 4431 539 4496 A)
561 4435 636 4482 tanto
653 4432 781 4495 sanguiue
801 4431 962 4482 maculasset
978 4432 1124 4494 (maculent
1135 4432 1165 4491 A,
1186 4431 1334 4484 maculauit
1345 4431 1375 4494 B)
1395 4443 1451 4480 sesa
1467 4439 1514 4476 mo

348 4518 462 4569 riiurum
485 4517 630 4580 (mortuum
652 4519 680 4580 ii)
701 4516 818 4570 iiammis
836 4519 870 4570 ad
889 4517 1073 4569 deuorandum
1093 4519 1208 4570 inuoluit
1225 4517 1279 4568 Aa.
