3186 5108
328 382 404 460 tub
619 398 710 461 lenm
726 415 897 459 tremam
916 415 1103 459 prumam
1118 395 1212 457 4857.

528 589 574 649 als
597 586 689 649 edere
711 588 866 666 gesteine,

528 695 594 753 swa
618 711 690 754 man
714 690 771 752 daz
795 691 852 752 leit
874 691 908 751 in
930 689 987 752 daz
1011 689 1096 770 golt!

321 833 364 879 tu.
384 830 444 880 edel
464 828 516 880 BC.
607 831 650 878 et.
670 829 739 878 Tuot
756 829 790 878 da
810 839 886 878 mans
905 827 953 878 lelt
973 827 1000 878 C.

406 1005 494 1076 Quae
516 1003 549 1063 in
572 1001 622 1063 his
638 999 834 1062 carminibus
849 999 1091 1062 emendavimus
1112 1017 1279 1082 speramus
1301 1000 1369 1062 iore
1392 1010 1500 1062 utnon

320 1107 494 1168 reiciantur
515 1105 556 1166 ab
573 1106 689 1186 eisqui
706 1123 777 1166 oum
801 1103 913 1165 idonea
936 1103 977 1164 ad
999 1102 1205 1167 iudicandum
1220 1105 1371 1184 antiquae
1395 1113 1428 1165 et
1446 1103 1501 1164 liu-

319 1229 398 1290 guae
422 1219 454 1272 et
475 1228 627 1271 versuum
651 1207 867 1270 faciendorum
890 1188 968 1268 artis
991 1208 1169 1288 cognitione
1198 1225 1292 1270 usum
1315 1207 1502 1286 coniungunt
1583 1223 1584 1296 ᾗ

318 1324 463 1375 veterum
486 1311 660 1390 librorum,
692 1308 867 1391 inquibus
894 1311 1115 1390 antiquissima
1143 1311 1343 1392 potissimum
1372 1311 1501 1372 carmina
1583 1299 1584 1380 ζ

318 1418 432 1498 partim
456 1414 549 1477 valde
572 1414 743 1496 depravata
767 1423 852 1474 sunt.
899 1431 998 1492 quare
1022 1415 1230 1476 mutationum
1261 1412 1416 1476 laetarum
1437 1433 1503 1475 oau-

317 1539 368 1581 sas
398 1538 558 1600 exponere
588 1537 650 1579 non
684 1527 833 1598 putamus
865 1536 945 1598 opus
976 1535 1046 1579 esse
1080 1527 1208 1599 praeter
1236 1517 1332 1579 unius
1361 1515 1502 1579 versiculi

318 1622 582 1700 emendationem,
608 1623 685 1683 satis
708 1621 792 1682 illam
816 1623 849 1682 in
872 1623 931 1682 hac
947 1620 1132 1702 quaestione
1154 1619 1407 1684 memorabilem.
1438 1637 1502 1680 nam
1583 1637 1584 1664 l

317 1725 465 1807 quodam
498 1726 586 1787 initio
615 1725 747 1786 alterius
777 1726 927 1786 carminis
949 1725 1183 1804 wingartensis
1212 1722 1296 1786 liber
1325 1723 1423 1786 habet
1450 1723 1504 1786 cot

316 1829 418 1892 ltrrder
440 1829 541 1890 dortoe
564 1828 676 1907 richer,
703 1829 744 1888 ita
767 1837 803 1888 ut
825 1829 1109 1909 comparativorum
1127 1827 1352 1892 vocabulorum
1375 1828 1502 1890 altemm

316 1953 355 1994 ex
378 1932 477 1994 altero
501 1949 692 2012 suspensum
715 1931 767 2010 sit,
793 1949 855 1991 non
879 1951 1010 2012 prorsus
1032 1931 1171 1994 alienum
1196 1942 1245 1992 est
1266 1950 1284 1992 a
1306 1941 1419 1994 vetere
1442 1949 1504 1992 ser-

316 2053 408 2096 mone
431 2036 605 2097 Theotisca.
653 2051 845 2114 quamquam
869 2036 955 2095 enim
979 2033 1065 2114 quod
1081 2035 1286 2098 Wahsmutus
1309 2035 1504 2096 Kunzicben-

316 2141 359 2200 sis
391 2140 423 2200 in
452 2137 588 2219 quodam
617 2137 757 2198 carmine
793 2135 879 2216 (Hau.
901 2139 929 2214 l,
954 2131 1042 2220 302³)
1076 2136 1154 2199 dicit
1183 2139 1244 2200 rool
1271 2137 1349 2202 miclt
1379 2137 1452 2200 doct
1480 2139 1505 2198 ir

315 2241 437 2304 beider:
468 2243 497 2303 si
518 2243 580 2302 sint
600 2243 660 2302 mir
683 2241 726 2301 vil
748 2239 840 2301 tiele·
862 2240 959 2300 detine
981 2241 1077 2307 leider
1099 2240 1254 2304 dissimile
1272 2251 1320 2305 est
1341 2251 1505 2324 propterea

316 2345 402 2426 quod
430 2346 471 2405 ita
502 2343 752 2422 intellegendum
783 2353 841 2422 est,
875 2345 1060 2424 ‘utrumque
1088 2345 1167 2410 mibi
1197 2363 1305 2411 cerum
1336 2347 1436 2426 magis
1462 2353 1503 2406 est

316 2467 411 2530 quam
434 2448 599 2526 odiosum‚’
623 2459 658 2509 ut
681 2448 779 2509 oratio
803 2456 954 2526 congruet
977 2465 1049 2510 eum
1071 2448 1211 2512 Graecae
1230 2448 1425 2530 latinaeque
1448 2447 1505 2508 lin-

316 2571 396 2634 guae
420 2551 661 2630 consuetudine,
688 2561 792 2612 laureo
815 2569 856 2610 ne
881 2551 921 2612 ita
945 2550 1076 2631 quidem
1099 2561 1323 2633 usurpatorum
1346 2569 1505 2634 compara-

316 2657 452 2718 tivorum
476 2665 511 2716 ut
533 2672 590 2735 pro
612 2653 764 2716 absolutis
787 2652 923 2733 quadem
947 2654 1130 2720 attractione
1154 2654 1324 2718 dictasint
1350 2654 1436 2716 nulla
1460 2655 1505 2714 ln-

317 2760 492 2820 veninutur
514 2757 669 2838 exempla.
718 2777 754 2818 eo
777 2755 868 2818 modo
891 2757 1013 2820 locutum
1036 2767 1084 2821 est
1107 2759 1195 2839 llugo
1210 2758 1506 2838 Laugeusteinensis

317 2863 349 2924 in
373 2863 504 2923 Martina
526 2881 558 2943 p.
577 2861 617 2921 85
642 2881 672 2922 v.
692 2861 744 2940 26,
770 2866 797 2922 st
820 2859 937 2924 tumber·
959 2860 1060 2922 dentre
1081 2860 1209 2938 tumber,
1235 2870 1267 2924 et
1289 2880 1321 2942 p.
1340 2861 1381 2922 78
1396 2881 1437 2922 a.
1456 2862 1503 2936 tt,

317 2964 390 3027 rtocit
414 2964 636 3027 redamare
663 2963 785 3040 totidem·
820 2972 887 3026 tum
919 2964 951 3026 in
979 2963 1051 3044 luga
1074 2965 1223 3028 Dieterioi
1253 2965 1332 3027 haec
1360 2965 1507 3046 leguntur

317 3088 349 3129 v.
368 3069 420 3145 87,
446 3070 490 3130 sie
511 3068 630 3130 dieoten
658 3069 698 3128 rm
720 3073 786 3128 mer
808 3068 909 3128 dariae
931 3073 1006 3142 oter,
1037 3087 1069 3128 v.
1090 3068 1171 3129 ttsu
1195 3066 1244 3130 die
1271 3075 1352 3150 peste
1379 3067 1505 3132 weram

318 3171 376 3232 bez
406 3171 469 3233 ‹lao
497 3171 556 3232 bos
579 3189 638 3232 von
665 3170 733 3232 dem
756 3171 911 3253 irtpesinde
939 3171 1120 3253 enpfunpen.
1168 3189 1280 3237 verum
1310 3171 1342 3232 in
1373 3191 1411 3234 eo
1440 3189 1507 3232 oar-

318 3275 404 3337 mine
428 3273 469 3336 de
493 3293 555 3355 quo
578 3273 714 3337 dicimus
736 3293 842 3356 neque
865 3273 966 3339 datrae
987 3273 1090 3336 rtelter
1117 3273 1247 3354 probari
1275 3284 1379 3355 potest
1405 3293 1506 3356 neque

318 3377 539 3454 dennestede,
576 3377 661 3459 quod
690 3378 851 3440 Parisinus
884 3375 967 3440 liber
1000 3375 1095 3439 habet
1129 3387 1283 3441 concentu
1316 3377 1506 3460 syllabarum

319 3481 420 3561 magis
441 3491 648 3561 coagmente.
697 3481 813 3544 etenim
842 3481 921 3542 haee
943 3479 1077 3546 duorum
1107 3479 1336 3544 adiectivomm
1368 3493 1425 3543 aut
1453 3479 1508 3542 arl-

318 3583 502 3647 rerbiorum
532 3583 617 3646 inter
644 3603 679 3645 se
709 3584 888 3648 iunctorum
917 3584 1186 3664 superlativlsque
1208 3584 1336 3648 notione
1358 3585 1507 3646 similium

320 3687 420 3768 figura
442 3688 502 3749 hac
524 3686 592 3768 lege
613 3686 763 3749 adstricta
786 3696 891 3749 estut
913 3696 966 3749 aut
991 3687 1074 3749 idem
1089 3687 1278 3749 vocabulum
1302 3686 1438 3749 iteretur
1458 3695 1509 3747 aut

319 3790 382 3852 duo
416 3801 574 3872 ponantur
608 3789 691 3852 idem
725 3791 945 3871 significantia.
1003 3790 1154 3853 dicuntur
1187 3809 1224 3853 ea
1257 3791 1378 3852 ratione
1408 3787 1509 3852 dicio·
1583 3819 1584 3868 l

319 3893 417 3955 (leone
438 3892 532 3970 dicle,
568 3893 679 3956 besser
701 3893 897 3977 dareneyum,
935 3893 993 3958 bns
1016 3894 1112 3956 deltae
1134 3895 1205 3970 euol,
1241 3899 1308 3956 mer
1335 3893 1433 3956 denne
1455 3892 1505 3970 vil,

320 3999 398 4060 ruirs
426 3996 523 4060 denae
551 4003 610 4076 we,
645 4003 745 4060 wiser·
773 3998 870 4060 denne
898 3997 1003 4074 blanc,
1039 3998 1249 4078 similiterque
1277 3996 1351 4061 alie.
1402 3997 1508 4077 itaque
1583 4049 1584 4058 2

320 4099 429 4161 dicere
452 4111 542 4180 poeta
571 4102 673 4182 poluit
701 4110 732 4162 et
760 4100 853 4162 dohet·
874 4101 974 4162 donae
996 4100 1068 4162 duob
1099 4111 1130 4162 et
1158 4099 1261 4163 ruder
1282 4098 1385 4162 donne
1407 4085 1507 4174 stobe,¹
1583 4175 1584 4182 ἵ

295 4217 382 4265 ruon
414 4204 514 4283 potuit
535 4203 627 4265 heber
655 4203 756 4266 clonae
787 4203 879 4265 rtolre.
927 4203 1013 4284 quod
1040 4223 1097 4266 nos
1120 4203 1307 4284 scripsimus
1335 4203 1397 4266 νυοὶ
1418 4202 1509 4264 heder
1583 4219 1584 4230 ¹

320 4307 441 4368 <tortines
469 4305 551 4369 riche
573 4306 624 4368 bio
647 4305 693 4368 t'clt
723 4307 755 4368 ul
783 4306 831 4368 dic
853 4311 897 4368 sil
919 4314 951 4368 su
974 4314 1006 4368 su
1027 4306 1173 4390 piletltclte
1200 4305 1254 4368 ctio
1282 4313 1369 4390 quote
1396 4305 1427 4368 br
1450 4307 1508 4367 mir·

320 4411 365 4484 lu,
401 4409 509 4471 addita
538 4429 600 4471 une
629 4408 769 4472 litterula
797 4409 986 4472 sententiam
1010 4419 1043 4472 et
1064 4411 1235 4472 orationem
1260 4411 1509 4491 reciperavimus
1583 4419 1584 4426 ’

322 4523 439 4574 rectam
473 4524 568 4594 atque
598 4513 786 4592 elegantem.
842 4513 900 4575 boc
929 4513 1014 4576 enim
1043 4512 1172 4594 dicitur,
1212 4514 1251 4576 ‘si
1279 4515 1377 4576 amica
1408 4513 1508 4574 amics
1583 4509 1584 4576 J
