3268 5108
245 425 341 486 Srotu
364 442 582 487 mimusrrirrs
605 441 795 486 iteremus
818 425 995 484 Furnarrom
1018 420 1199 482 Grumum.
1274 406 1319 478 13

132 615 177 692 gio
207 621 331 692 nostro,
367 614 458 676 cuius
492 614 617 694 insigne
651 621 874 674 ornamentum
905 609 1027 689 luerat,
1062 609 1103 672 ad
1133 610 1322 674 sustinenda

131 717 310 796 gravissima
343 717 390 777 rei
420 715 567 796 publicae
596 734 743 793 munera,
774 734 861 777 nunc
890 701 1117 776 ho'nestissimo
1146 715 1344 778 senectutist
1414 743 1420 758 1

130 820 187 880 otio
210 817 338 897 fruitur,
363 829 395 880 at
409 820 524 881 vivunt
546 827 652 881 tamen
676 827 708 880 et
730 827 902 898 supersunt
922 817 955 878 in
970 815 1185 897 professorum
1207 816 1321 880 ordine

129 939 280 1003 emagno
302 940 437 984 numero
466 940 530 982 non
559 921 639 984 nulli
662 921 719 1002 qui
741 921 896 1001 proximis
918 928 988 1001 post
1011 920 1135 982 initium
1157 921 1321 983 universi-

129 1025 198 1086 tatis
227 1033 353 1086 nostrae
382 1022 583 1105 temporibus
611 1033 666 1086 aut
696 1023 831 1086 docendi
861 1041 995 1085 munere
1026 1021 1125 1086 iuncti
1159 1033 1234 1086 sunt
1266 1035 1321 1087 aut

126 1125 275 1208 discipuli
291 1127 539 1190 clarissimorum
559 1129 783 1208 magistrorum
800 1125 942 1205 luerunt,
967 1125 1082 1188 vivunt
1097 1127 1152 1206 qui
1176 1129 1322 1208 egregios

127 1230 193 1292 illos
215 1231 303 1292 viros
330 1249 392 1311 per
419 1249 500 1311 quos
527 1249 581 1292 res
608 1239 736 1292 nostrae
765 1229 807 1292 ab
829 1231 945 1310 optimo
968 1230 1054 1309 llege
1077 1227 1222 1292 conditae
1245 1242 1320 1293 sunt

125 1351 184 1395 usu
205 1342 367 1396 noverunt
388 1335 570 1414 partimque
594 1351 707 1412 magna
730 1351 802 1396 cum
825 1333 872 1394 eis
893 1333 1052 1396 coniuncti
1075 1332 1207 1394 luerunt
1227 1331 1320 1397 fami-

126 1436 272 1497 liaritate.
320 1453 455 1518 quorum
486 1411 723 1498 narrationibus
752 1436 886 1516 ipsaque
913 1433 994 1497 adeo
1021 1437 1203 1516 praesentia
1229 1435 1321 1499 litut

126 1539 220 1600 etiam
250 1539 337 1600 inter
366 1540 508 1600 iuniores
538 1539 663 1601 illorum
694 1549 726 1602 et
754 1549 932 1619 tempomm
963 1549 995 1600 et
1024 1538 1188 1601 hominum
1217 1539 1319 1620 imago

125 1642 213 1722 quasi
237 1659 392 1723 praesens
414 1642 455 1704 sit
477 1642 715 1722 multarumque
737 1660 847 1704 rerum
869 1642 1021 1703 memoria
1044 1643 1131 1703 vivat
1145 1660 1225 1722 quas
1244 1641 1320 1704 dili-

125 1753 239 1824 genter
268 1742 448 1806 cavendum
479 1753 528 1808 est
556 1763 598 1806 ne
621 1753 764 1807 vetustas
792 1742 906 1806 obruat
933 1743 1103 1806 oblivione.
1152 1746 1258 1826 itaque
1289 1757 1321 1809 et

125 1845 301 1910 curandum
325 1865 395 1908 esse
418 1849 600 1928 putavimus
622 1857 658 1910 ut
680 1847 757 1910 dum
780 1847 932 1909 memoria
955 1847 1008 1908 illa
1022 1847 1149 1909 viveret
1170 1867 1207 1910 ac
1228 1849 1320 1929 vige-

123 1958 171 2011 ret
192 1950 297 2030 prima
320 1950 539 2014 universitatis
567 1951 746 2014 litterarum
769 1947 950 2011 Friderioae
973 1949 1148 2012 Guilelmae
1178 1961 1319 2032 tempora

123 2061 267 2114 accurata
290 2053 471 2114 narratione
490 2053 783 2136 perscriberentur,
808 2071 906 2133 quem
921 2051 1063 2114 laborem
1087 2063 1197 2133 rogatu
1212 2065 1319 2117 nostro

122 2156 263 2236 suscepit
277 2154 431 2218 liudolfus
446 2157 619 2237 lloepltius,
644 2157 696 2218 vir
718 2156 924 2234 clarissimae,
950 2164 983 2216 et
1001 2153 1318 2220 decimumtlustrum

122 2257 324 2320 condendum
347 2260 600 2322 existimavimus
622 2260 775 2322 lestomm
796 2257 922 2320 dierum
946 2257 1172 2338 celebratione,
1195 2280 1260 2323 non
1284 2271 1319 2324 ut

121 2360 324 2442 splendorem
352 2360 428 2422 inde
452 2380 684 2442 quaereremus
712 2371 767 2424 aut
789 2363 944 2424 maiorum
967 2361 1098 2442 gloriam
1122 2363 1156 2424 in
1178 2374 1318 2426 nostram

122 2464 259 2545 aliquam
289 2463 417 2526 laudem
447 2473 724 2542 converteremus,
757 2483 852 2545 quam
874 2464 985 2526 officiis
1007 2474 1137 2527 strenue
1161 2464 1319 2528 obeundis

122 2567 301 2648 litterisque
324 2565 496 2646 diligenter
519 2567 659 2630 colendis
682 2566 925 2630 consectandam
949 2587 1018 2630 esse
1041 2587 1226 2647 censemus,
1259 2567 1318 2631 sed

121 2679 155 2731 ut
187 2670 437 2751 praeteritorum
465 2681 644 2751 temporum
676 2669 893 2732 recordatione
926 2673 1024 2732 animi
1053 2671 1318 2733 confirmarentur

121 2783 150 2833 et
171 2771 212 2834 ad
238 2771 416 2834 futurorum
439 2791 530 2853 spem
553 2775 765 2854 erigerentur.
813 2793 895 2854 quae
919 2775 1048 2836 consilia
1070 2793 1142 2836 cum
1158 2775 1219 2836 viri
1242 2774 1318 2837 illu-

121 2877 193 2936 stris
215 2875 274 2954 qui
299 2873 396 2937 rebus
419 2877 536 2938 nostris
558 2887 686 2956 praeest
707 2877 892 2939 auctoritate
916 2875 1109 2956 confirmata,
1135 2877 1316 2958 aPrincipe

120 2987 222 3040 autem
247 2977 424 3039 celsissimo
439 2979 530 3042 cuius
552 2981 728 3061 sapientiae
752 2989 785 3041 et
799 2977 978 3042 fortitudini
993 2981 1114 3062 patriae
1129 2980 1215 3042 salus
1230 2999 1317 3040 com-

121 3081 211 3142 missa
237 3089 287 3143 est
317 3081 518 3161 comprobata
547 3100 734 3163 summaque
765 3080 955 3144 liberalitate
985 3081 1093 3144 adiuta
1116 3083 1197 3160 sint,
1230 3081 1317 3144 indi·

121 3184 217 3245 cimus
257 3183 320 3244 iam
355 3203 444 3246 sacra
473 3185 692 3248 universitatis
727 3185 900 3246 litterariae
932 3185 1111 3248 Fridericae
1141 3185 1315 3248 Guilelmae

119 3294 188 3347 ante
213 3287 448 3367 quinquaginta
471 3305 571 3350 annos
594 3289 765 3368 auspicatis
788 3286 950 3350 laboribus
973 3291 1179 3368 inauguratae
1202 3287 1255 3349 die
1280 3307 1316 3350 xv

121 3390 236 3450 mensis
261 3387 408 3450 Octobris
431 3391 526 3452 huius
548 3393 623 3452 anni
647 3409 783 3452 nnooonx
805 3393 858 3471 pie
882 3390 1084 3453 celebranda.

203 3493 242 3552 Et
266 3489 363 3571 digna
386 3511 462 3555 sane
491 3502 566 3556 sunt
595 3494 718 3555 scholae
741 3503 868 3555 nostrae
891 3495 980 3555 initia
1003 3503 1099 3573 atque
1123 3492 1315 3556 incunabula

119 3591 157 3654 ad
183 3612 322 3675 quorum
352 3597 535 3658 memoriam
566 3597 663 3658 animi
695 3606 884 3658 revocentur
914 3595 1074 3676 habetque
1104 3615 1213 3658 eorum
1244 3616 1315 3660 oum

119 3699 232 3758 nostris
256 3697 455 3778 temporibus
478 3700 668 3780 comparatio
692 3699 848 3780 copiosam
872 3708 904 3761 et
934 3698 1071 3761 laetandi
1095 3701 1260 3761 materiem
1284 3710 1316 3763 et

119 3801 299 3862 utilitatem.
347 3821 419 3863 eum
449 3803 535 3863 enim
565 3812 690 3863 exactos
720 3802 776 3864 hos
805 3803 1036 3882 quinquaginta
1064 3821 1164 3864 annos
1198 3805 1317 3884 cogita.-

119 3903 199 3964 tione
214 3903 318 3965 veluti
335 3906 533 3982 remetimur,
559 3902 742 3966 laetandum
763 3903 855 3966 nobis
872 3914 920 3967 est
935 3905 1204 3986 sapientissimum
1220 3925 1316 3987 prae-

119 4004 191 4066 clari
207 4007 304 4086 liegis
320 4007 486 4069 consilium
503 4017 621 4069 eventu
637 4006 874 4088 comprobatum
897 4027 967 4070 esse
983 4007 1176 4089 felicissimo,
1197 4010 1315 4072 iactum

120 4125 186 4170 esse
208 4109 365 4190 singulari
390 4107 442 4170 dei
465 4108 621 4170 beneficio
644 4119 680 4172 ut
702 4129 754 4171 res
777 4120 901 4172 nostras
924 4111 1010 4173 nulla
1036 4113 1163 4191 gravior
1185 4113 1316 4174 calami-

121 4217 164 4272 tas
192 4209 368 4292 affligeret,
402 4221 529 4274 auctum
560 4231 629 4274 esse
660 4231 769 4276 aarum
799 4213 909 4275 llorem
938 4223 1094 4295 perpetua
1124 4217 1314 4296 optimorum

121 4311 237 4393 liegum
266 4333 343 4378 cura
374 4324 407 4376 et
429 4314 661 4394 munificentia,
693 4335 757 4377 non
786 4317 999 4379 intermissam
1030 4337 1100 4380 esse
1122 4319 1314 4380 fructuosam

122 4417 340 4496 mgistrorum
356 4415 651 4498 discipulorumque
668 4418 877 4499 diligentiam,
903 4419 1043 4500 denique
1060 4421 1231 4484 contulisse
1254 4421 1315 4481 ali-

122 4518 196 4596 quid
217 4521 300 4582 hanc
322 4520 462 4582 scholam
484 4521 525 4583 ad
548 4521 737 4585 eruditionis
765 4525 961 4586 incrementa
985 4525 1172 4604 patriaeque
1196 4533 1228 4585 et
1249 4523 1315 4584 uti-
