3184 5108
382 372 471 432 lrurx
494 389 660 434 merrom
682 389 861 434 rssrrvrrvu
887 373 980 435 taut.
1202 357 1276 430 263

107 579 186 642 quam
205 559 338 642 proclivi
362 578 471 623 errore
493 560 527 622 in
549 573 689 620 aalmaor
710 559 880 642 depravari
909 559 1059 641 potuerit.
1107 560 1280 643 Euripides

107 673 195 728 autem
216 663 347 745 griphos
369 673 402 726 et
423 663 599 743 aenigmata
629 662 751 726 locutus
773 673 867 743 esset,
901 665 928 725 si
957 664 1078 726 clavam
1100 683 1118 726 a
1139 666 1279 728 Vulcano

106 767 215 830 llerculi
237 766 386 830 donatam
409 759 493 836 Εάλοι
516 764 662 844 dixisset,
688 759 841 830 Δαιδάλου
864 765 958 851 ψευδῆ
982 759 1077 830 δάοιν.
1124 765 1182 829 sed
1204 764 1281 830 Δαι-

106 866 184 934 δάλου
204 869 300 956 ψευδῆ
326 862 409 933 δάοιι
439 887 509 932 eam
539 868 647 932 dicere
675 871 802 932 omnino
830 887 894 931 non
923 869 1042 950 potuit,
1074 872 1143 932 sive
1164 871 1281 932 Vulca-

105 991 168 1036 num
198 973 414 1054 intellegimus
447 973 514 1034 sive
545 990 621 1034 vero
654 974 782 1035 nomine
812 971 996 1035 Daedalum.
1055 971 1134 1054 quid
1170 974 1280 1036 enimi

104 1077 207 1140 olavam
237 1095 301 1157 qua
329 1085 375 1138 tot
404 1083 543 1137 monstra
569 1084 680 1156 totque
710 1075 816 1138 hostes
843 1075 996 1138 liet-cules
1025 1075 1187 1139 interemit
1215 1075 1278 1138 dici

104 1198 181 1259 posse
202 1178 372 1242 credemus
394 1197 468 1240 eum
493 1179 653 1258 accepisse
682 1177 724 1240 ab
748 1178 855 1260 aliquo
877 1179 972 1264 ψευδῆ
997 1173 1101 1244 δοόινδ
1145 1189 1281 1260 putave-

103 1299 195 1346 ramus
216 1293 345 1346 cautum
368 1300 437 1344 esse
464 1279 506 1342 ab
528 1281 709 1343 Hermanno
738 1283 853 1362 nequis
878 1280 920 1343 ad
947 1292 1011 1344 mm
1040 1283 1180 1364 ineptam
1210 1282 1281 1362 opi-

102 1387 215 1448 nionem
239 1384 450 1448 relaberetur.
497 1384 593 1445 immo
607 1385 743 1465 llegare,
768 1384 914 1446 llerculis
936 1383 1074 1448 reditum
1090 1383 1279 1466 desperans,

101 1487 176 1568 quod
197 1488 250 1552 illc
274 1488 394 1550 clevum
424 1488 481 1549 uni
505 1485 641 1548 liliorum
663 1486 836 1550 destinavit
860 1486 956 1572 ψευδῆ
980 1480 1061 1550 δάοιν
1085 1485 1173 1566 dicit,
1205 1489 1280 1568 quia

101 1589 215 1654 irritum
240 1591 360 1654 donum
376 1609 446 1653 esse
469 1599 559 1671 putat
581 1608 687 1670 noque
710 1591 810 1671 magis
832 1608 927 1670 quam
951 1608 1083 1672 regnum
1099 1589 1279 1652 Thebarum

99 1693 134 1756 ed
153 1693 251 1758 lilium
274 1701 517 1776 perventurum.
564 1693 726 1756 evitarunt
752 1694 844 1755 istam
867 1695 1111 1775 perversitatem
1135 1694 1190 1773 qui
1219 1712 1282 1755 nu-

101 1815 152 1876 per
178 1799 220 1860 ita
249 1798 327 1860 haec
355 1795 583 1876 distinxerunt,
619 1794 663 1868 εἰς
691 1789 788 1866 δεξιὰν
818 1793 851 1860 δὲ
881 1791 937 1881 σὴν
966 1789 1159 1880 ἀλεξητήριον
1183 1789 1281 1859 Ξάλου

99 1896 191 1964 sollu
210 1893 377 1976 Δαιδάλου,
407 1898 503 1983 ψευδῆ
526 1891 619 1962 δόσιν.
667 1897 789 1961 sedne
812 1900 871 1962 hoc
894 1898 1025 1980 quidem
1055 1898 1187 1981 dignum
1210 1915 1281 1961 esse

99 2012 238 2082 putamus
254 2001 419 2084 Euripide.
466 2003 494 2063 is
516 2003 602 2064 enim
625 2011 657 2062 et
678 2001 807 2064 carebat
829 2002 882 2064 illo
905 2002 1171 2084 interpunctionis
1190 2001 1281 2081 quasi

99 2104 202 2170 becrrlo
225 2125 289 2186 quo
311 2103 405 2166 hodie
428 2104 518 2168 multi
538 2104 738 2166 vacillantem
761 2106 935 2169 orationem
957 2113 1138 2168 sustentent
1159 2114 1192 2166 et
1213 2123 1281 2164 orn-

100 2208 166 2270 nino
193 2219 267 2290 apta
297 2217 329 2270 ct
357 2209 526 2290 perspicua
554 2209 695 2269 oratione
725 2208 884 2270 effecisset
917 2227 958 2272 ne
988 2226 1070 2288 quae
1100 2205 1281 2269 dirimenda

99 2321 196 2374 essent
218 2311 300 2374 mele
323 2311 609 2392 coniungerentur:
642 2308 701 2372 sed
724 2304 916 2396 ἀλεξητήριον
939 2304 1024 2382 ξύλον
1047 2305 1200 2374 Δαιδάλου
1221 2327 1282 2372 υοο

99 2423 163 2477 nota
184 2415 291 2496 aliqua
315 2412 420 2476 fabula
443 2414 621 2495 explicetur
649 2431 708 2475 nec
735 2432 797 2494 per
821 2432 855 2476 se
878 2414 1042 2496 eleganter
1070 2413 1281 2495 perspicueve

97 2515 210 2580 dictum
234 2527 283 2580 ost
305 2535 411 2598 neque
435 2515 503 2578 lieri
526 2523 630 2597 potest
644 2517 724 2596 quin
742 2516 798 2597 qui
821 2517 900 2579 hacc
921 2535 984 2580 nou
1000 2516 1149 2580 distincta
1171 2516 1282 2596 legunt

97 2621 284 2702 coniungant
312 2612 467 2684 Δαιδάλου
495 2617 591 2704 ψευδῆ
622 2611 715 2682 δόσιν.
776 2621 883 2700 itaque
912 2621 959 2682 eis
992 2618 1193 2682 adsentimur
1226 2620 1281 2699 qui

97 2722 184 2786 aliter
218 2721 408 2804 Euripidem
443 2722 610 2804 scripsisse
647 2721 887 2786 intellexerunt.
941 2741 1076 2803 quorum
1107 2721 1278 2803 Plluglrius,

97 2827 151 2887 etsi
174 2824 317 2889 laudavit
339 2827 505 2888 inventum
528 2825 712 2904 Hermanni,
737 2823 778 2888 de
801 2843 864 2906 quo
886 2837 995 2907 postea
1018 2825 1172 2904 dicemus,
1204 2843 1283 2887 ccu-

97 2929 156 2991 suit
176 2939 284 2990 tamen
306 2925 514 2990 scribendum
536 2946 607 2989 esse
635 2926 679 2999 εἰς
701 2921 799 2998 δεξιάν
829 2924 863 2990 δὲ
889 2921 945 3012 cip
968 2920 1161 3012 ἀλεξητήριον
1184 2920 1282 2991 Ξάλον

96 3027 193 3096 καδίιι
220 3026 394 3095 Μαινάλου.
446 3031 566 3112 quippo
596 3029 780 3094 recordatus
810 3041 879 3092 erat
906 3031 1102 3113 Propertiani
1131 3030 1282 3093 versiculi

96 3153 111 3194 ι
134 3135 151 3194 9
177 3135 228 3216 lh,
253 3135 406 3199 Maenalio
427 3135 521 3198 iacuit
539 3131 651 3215 pulsare
673 3135 737 3196 trio
756 3141 893 3210 temporo
911 3133 1019 3196 Cocus.
1059 3132 1118 3196 sed
1133 3152 1285 3196 veremur

96 3255 133 3298 ne
161 3238 385 3319 intempestive
414 3235 650 3301 cruditissimus
680 3236 771 3299 homo
793 3237 944 3298 carminis
973 3236 1059 3300 illius
1087 3237 1280 3299 meminerit.

96 3357 198 3420 neque
221 3341 306 3404 euim
328 3349 396 3403 tuto
419 3339 578 3420 colligitur
597 3345 706 3420 poetas
728 3339 853 3402 Latinos
875 3338 1068 3420 ubicumque
1092 3341 1204 3421 topicis
1227 3358 1285 3401 no-

97 3441 235 3506 minibus
258 3461 395 3524 quorum
417 3460 527 3506 causas
549 3443 731 3522 ignoremus
759 3443 899 3504 carmina
928 3460 985 3506 sua
1013 3451 1211 3505 ornaverunt
1232 3460 1285 3505 se-

96 3553 183 3610 cutes
205 3565 275 3610 csse
297 3547 474 3626 incognitas
496 3543 589 3608 nobis
611 3545 822 3608 narrationes.
869 3545 1052 3627 exemplum
1082 3547 1128 3607 rei
1149 3543 1286 3626 praebet

95 3646 180 3712 aliud
203 3647 348 3712 eiusdem
372 3648 526 3730 Propertii
549 3666 691 3727 carmen,
715 3667 725 3710 ι
748 3649 767 3710 3
792 3648 823 3726 5,
848 3667 903 3711 occ
923 3650 1026 3712 minos
1047 3647 1183 3710 cssidros
1205 3647 1286 3710 Edo-

96 3753 142 3814 m's
161 3751 248 3833 sesto
269 3751 386 3816 choreis
403 3751 510 3827 Ουοίλι
532 3752 565 3814 in
586 3750 711 3814 herboso
726 3750 855 3814 mocidit
868 3747 1018 3833 Apidano.
1056 3760 1163 3814 tacent
1184 3750 1286 3812 inter-

97 3864 215 3934 pretes,
246 3855 291 3918 illi
319 3872 446 3936 quoquc
476 3855 532 3935 qui
559 3853 777 3916 verbosissimi
807 3873 877 3918 esse
912 3855 1025 3916 solent.
1080 3853 1285 3916 Bacchanalia

96 3967 202 4020 eutem
230 3977 289 4040 per
311 3957 504 4020 Thessaliam
526 3957 660 4020 multum
683 3954 844 4020 celebrata
866 3975 935 4020 esse
963 3957 1051 4020 nullo
1079 3955 1172 4020 nobis
1193 3958 1287 4018 testi-

98 4063 201 4123 monio
235 4069 366 4124 constet.
426 4077 532 4140 neque
566 4060 706 4122 constitit
742 4059 922 4140 Propertio,
959 4058 1016 4122 sed
1050 4079 1122 4123 cum
1157 4060 1286 4122 nomine

98 4161 217 4228 Graeco
246 4174 278 4227 et
305 4181 433 4228 versum
463 4163 606 4226 suaviter
634 4161 726 4226 finire
754 4162 851 4226 vellet
881 4173 914 4226 et
943 4161 1167 4244 descriptionis
1195 4164 1286 4243 quasi

98 4267 263 4330 veritatem
291 4285 410 4348 augere
444 4264 574 4348 (habent
602 4265 689 4328 enim
718 4264 872 4330 eiusmodi
903 4265 1030 4328 nomina
1060 4266 1141 4328 hanc
1162 4266 1228 4326 vim
1252 4275 1287 4328 ut

98 4369 241 4432 veritatis
262 4371 368 4451 specie
391 4367 500 4432 lallant
522 4371 617 4432 etiam
640 4369 767 4450 ignaros
790 4367 978 4450 regionum),
1009 4387 1072 4430 non
1094 4385 1286 4449 magnopere

99 4472 256 4552 quaesivit
277 4471 363 4553 quod
385 4473 434 4533 rei
456 4482 602 4535 accurate
625 4479 826 4552 congrueret,
855 4489 968 4534 vorum
991 4469 1132 4534 confusis
1154 4470 1287 4533 lortassc
