3186 5108
330 383 402 460 160
624 399 714 466 litora
737 419 903 466 neormam
925 417 1105 466 sessorem
1125 399 1217 464 lese.

455 591 485 652 si
505 590 627 653 laudm
648 590 825 673 adspirare,
849 591 974 654 humilis
996 593 1025 656 si
1045 591 1134 654 edere
1156 608 1310 667 camaena,

532 696 563 756 si
580 696 683 777 patruo
707 695 818 758 Groim
840 697 976 758 carmine
998 694 1086 758 edire
1108 695 1189 758 soles

452 815 634 878 possumus:

326 905 400 963 nam
423 899 501 962 baec
523 899 608 964 liber
631 900 684 963 ille
707 911 816 964 noster
838 901 1066 984 suppeditavit,
1092 903 1154 964 nisi
1178 899 1264 982 quod
1282 902 1401 964 cirenas
1422 901 1451 962 io
1471 918 1500 960 eo

326 1005 479 1085 scriptum
509 1013 569 1066 εει.
615 1005 766 1067 orationis
794 1005 893 1068 lorma
916 1025 954 1068 ea
977 1017 1026 1068 est
1054 1025 1118 1087 qua
1146 1005 1198 1067 bie
1226 1015 1319 1086 poeta
1348 1000 1500 1084 usquead

326 1106 467 1170 taedium
489 1106 643 1170 abutitur.
690 1109 826 1170 strictim
848 1107 997 1172 addimus
1019 1129 1051 1169 v.
1070 1110 1123 1186 tl,
1156 1109 1211 1190 qui
1241 1109 1318 1170 satis
1344 1109 1446 1187 inepte
1466 1107 1501 1166 ita

326 1211 462 1275 traditus
484 1221 543 1290 εει,
574 1217 637 1274 tam
660 1211 770 1293 promel
791 1211 846 1274 boc
867 1220 949 1291 noto,
981 1220 1043 1276 tem
1063 1212 1172 1294 procul
1200 1211 1259 1274 tae
1278 1211 1392 1293 potate,
1423 1227 1503 1270 voea-

326 1313 437 1378 bulum
460 1313 648 1394 absurdum,
676 1314 760 1395 quod
784 1316 817 1377 in
842 1315 923 1378 libro
946 1315 1145 1378 Bruxellensi
1167 1322 1258 1398 poeto
1281 1314 1501 1395 scriptumest,

327 1419 549 1482 Werniokium
576 1419 609 1481 in
632 1418 759 1481 schedis
781 1419 979 1500 philologieis
1002 1430 1088 1482 reete
1114 1427 1252 1480 mutasse
1276 1417 1380 1480 videri
1401 1419 1432 1478 iu
1452 1417 1504 1478 Lo·

326 1524 378 1599 tio,
406 1521 446 1584 de
468 1531 531 1584 toto
553 1531 660 1584 autem
683 1524 823 1586 carmine
846 1522 985 1587 eundem
1007 1533 1127 1585 temere
1151 1521 1319 1586 indicasse.

413 1625 616 1707 Epigramma
646 1624 886 1706 duodecimum,
926 1625 1012 1708 quod
1040 1624 1082 1688 ad
1109 1623 1321 1688 Mithridatem
1356 1626 1503 1706 pertinere

327 1727 522 1810 probabilior
550 1729 683 1791 aliorum
705 1728 909 1811 opinionibus
925 1747 1044 1810 ¹neque
1073 1739 1179 1792 tamen
1208 1729 1294 1790 omni
1323 1727 1505 1791 dubitatione

316 1851 425 1896 ,vacua
448 1833 607 1895 sententia
631 1843 679 1895 est
701 1833 896 1912 Ruhnkenii‚
929 1833 1001 1896 novi
1024 1833 1105 1896 nibil
1128 1853 1168 1895 ex
1190 1833 1390 1896 bruxellensi
1411 1830 1505 1894 codice

326 1937 459 2018 aceepit.
507 1934 564 1998 sed
587 1935 792 2000 confirmatur
813 1936 854 1999 ab
877 1956 914 1998 eo
930 1936 1016 2018 quod
1038 1938 1106 1998 ul
1131 1937 1264 1998 axeliis
1286 1935 1379 1998 libris
1397 1933 1504 1998 dudum

326 2038 560 2102 adsumendum
588 2050 657 2102 erat
683 2040 732 2103 bie
753 2059 839 2124 repes
862 2037 954 2102 Asine
977 2039 1125 2123 fregerat,
1157 2039 1205 2102 ln'c
1229 2040 1376 2122 populos:
1406 2038 1506 2100 melius

328 2154 377 2206 est
399 2144 485 2205 enim
515 2161 610 2222 quam
633 2143 719 2223 quod
741 2143 836 2224 vulgo
858 2143 975 2224 legitur
997 2151 1024 2205 et
1043 2143 1183 2224 populos.
1230 2142 1348 2206 deinde
1378 2141 1506 2223 proximo

326 2265 424 2309 versu
445 2246 631 2327 scripsimus
653 2245 701 2308 bie
721 2265 818 2330 prove
840 2247 999 2310 cernelium
1021 2245 1076 2308 tibi
1096 2249 1169 2326 iem,
1194 2246 1366 2326 edilberto,
1389 2243 1505 2328 serebat.

326 2350 544 2412 Bruxellensis
567 2348 650 2411 liber
671 2350 806 2412 alterum
829 2349 883 2412 tibi
904 2368 966 2412 non
990 2349 1102 2412 habet:
1138 2349 1256 2414 babent
1278 2360 1385 2413 autem
1411 2366 1507 2411 exem-

327 2453 429 2534 plaria
457 2450 572 2514 Aldina
601 2451 656 2516 tibi
681 2454 742 2514 iem
772 2451 827 2514 tibi
863 2453 1093 2534 conpleturque
1122 2471 1234 2516 versus
1268 2455 1310 2517 ita
1346 2452 1509 2534 elegantius

327 2557 473 2637 quamsi
497 2558 559 2618 iam
582 2556 643 2617 iem
666 2555 720 2618 tibi
744 2574 784 2618 ex
807 2556 957 2618 Vossiano
986 2555 1093 2618 codiee
1117 2557 1300 2638 recipimus,
1332 2557 1419 2638 quod
1439 2557 1508 2616 Bur-

327 2679 442 2722 manno
466 2658 647 2722 laciendum
671 2677 740 2722 esse
756 2657 938 2721 videbatur.
987 2659 1089 2724 ultimi
1113 2660 1176 2724 duo
1198 2662 1349 2724 carminis
1372 2657 1507 2722 versiculi

327 2762 494 2846 depravati
517 2772 602 2844 sunt,

456 2867 517 2930 tole
539 2866 613 2928 deoc
634 2883 755 2945 namen,
786 2867 843 2929 teli
863 2867 1007 2930 morolio
1028 2875 1105 2930 nutu

531 2969 640 3052 follem
661 2983 805 3032 momento
827 2973 970 3052 temporis
992 2971 1069 3034 doro
1091 2971 1191 3034 dedit:

328 3075 434 3156 inepte
464 3073 549 3136 anim
579 3072 660 3136 dedit
685 3073 882 3136 detenditur.
933 3075 1143 3138 Ruhnkenius
1170 3075 1283 3156 premit
1315 3069 1508 3136 scribendum

328 3197 398 3241 esse
421 3177 566 3256 coniecit,
592 3176 691 3238 verbo
720 3195 797 3240 sane
820 3192 915 3258 quam
938 3189 1022 3259 apto.
1069 3177 1127 3240 sed
1156 3197 1192 3240 aa
1220 3196 1303 3258 quae
1325 3174 1509 3259 praecedunt

329 3301 401 3343 eum
424 3279 609 3362 probavisse
633 3281 749 3343 mirum
773 3290 831 3343 est.
879 3299 952 3343 nam
975 3282 1035 3344 etsi
1050 3280 1205 3362 Apuleius
1223 3283 1377 3344 Fortunae
1399 3281 1510 3360 aliquo·

329 3385 412 3448 tiens
435 3393 547 3447 nutum
570 3383 694 3464 tribuit,
731 3384 827 3447 borae
849 3395 956 3447 autem
980 3384 1167 3448 vocabulum
1191 3383 1231 3447 de
1255 3385 1353 3446 celeri
1378 3384 1509 3447 lortnnae

329 3487 549 3550 vicissitudine
573 3498 605 3549 et
628 3489 835 3552 conversione
857 3488 921 3551 diei
943 3499 1058 3570 potest,
1089 3499 1196 3552 tamen
1225 3487 1302 3550 inde
1327 3508 1390 3551 non
1413 3485 1510 3566 sequi-

328 3603 381 3654 tur
403 3593 455 3654 hie
477 3599 554 3654 nutu
584 3589 665 3653 illud
687 3591 851 3654 tolerabile
875 3611 955 3655 esse.
1002 3593 1189 3674 scripsimus
1217 3593 1375 3654 tetartaeo
1398 3607 1507 3664 noemi,

328 3696 386 3758 toli
406 3694 550 3758 mortalia
572 3712 639 3755 eurr
662 3694 777 3757 Folium
798 3704 944 3760 momento
974 3697 1116 3776 temporis
1145 3694 1223 3757 loro
1245 3713 1330 3757 uvir:
1364 3715 1436 3758 nam
1457 3693 1511 3754 mit

329 3809 499 3881 propterea
521 3797 591 3860 veri
614 3797 750 3860 similius
773 3817 844 3861 esse
867 3798 1039 3861 videbatur
1062 3816 1158 3878 quam
1176 3800 1291 3880 prernit
1312 3799 1399 3880 quod
1423 3797 1510 3860 rarior

328 3902 516 3983 significatio
538 3920 556 3964 a
578 3901 720 3964 librariis
745 3903 884 3982 ignorari
907 3903 1019 3984 potuit.

415 4006 558 4068 Tertium
588 4004 746 4068 decimum
775 4007 987 4087 epigramma,
1025 4026 1089 4086 quo
1114 4008 1216 4084 illusa,
1248 4015 1362 4087 poetae
1392 4006 1507 4078 amicus,

328 4109 493 4190 laudatur,
534 4128 573 4170 ex
610 4109 719 4172 codiee
756 4119 862 4172 nostro
900 4109 1057 4190 insignem
1094 4108 1351 4173 emendationem
1390 4107 1507 4188 accepit.

329 4214 480 4294 leguntur
503 4215 535 4274 in
558 4232 595 4276 eo
617 4214 845 4294 epigrammate
868 4213 961 4294 vulgo
985 4213 1062 4276 baec
1083 4214 1161 4276 satis
1182 4203 1345 4294 absurda,¹

458 4317 509 4378 eui
535 4319 632 4379 Venus
654 4325 724 4379 onte
746 4318 835 4394 elios,
861 4317 927 4378 diei
948 4316 1109 4398 dimmque
1131 4335 1252 4380 sorores

535 4427 645 4482 moero
666 4438 761 4502 oeque
782 4420 916 4503 indigno,
941 4421 1043 4496 Musa,
1069 4419 1179 4482 dedere
1201 4420 1290 4498 boon,

458 4531 567 4586 erecto
589 4521 698 4604 menbris
719 4523 831 4606 qoedet
849 4521 1107 4586 Phoebaea-olores
1131 4527 1251 4607 ipseque
1269 4523 1395 4588 Phoebi:
