3240 5094
269 343 342 412 5tl2
567 353 653 413 luam
677 367 844 413 aecrrouru
865 367 1042 412 lassamur!
1070 349 1159 410 l8'll.

268 544 322 607 ubi
347 546 375 606 ei
397 544 559 624 posuimus
582 541 665 604 liber
688 539 854 603 Fuldeusis
876 547 905 602 et
927 537 1038 614 habal,
1065 538 1149 619 quod
1173 549 1206 602 ul
1231 540 1373 620 ineptum
1397 541 1456 602 Ge-

269 648 374 710 lenius
396 647 511 707 omisit.

356 747 504 812 Eiusdem
529 748 641 828 rapitis
664 748 897 828 paragrapho8
920 745 1124 809 scribendum
1149 755 1198 809 eal
1220 755 1287 809 erut
1310 749 1459 809 inexora-

268 853 336 915 bilis
367 860 394 915 et
422 851 556 914 amedeus
585 859 612 912 et
643 869 798 913 turmaroo
827 850 916 912 corde
943 867 1141 911 curassemus.
1188 849 1355 913 Fuldensis
1377 849 1459 913 liber

270 955 402 1038 praebat
425 957 456 1016 iu
480 953 588 1035 rapula
611 955 701 1017 corde
724 955 919 1031 tardissimus,
945 970 1033 1015 erasa
1056 963 1127 1033 post
1149 954 1181 1014 iu
1204 953 1319 1030 littera,
1346 962 1462 1034 quaet

269 1060 366 1123 luisse
390 1059 455 1120 visa
480 1067 537 1120 est.
578 1057 662 1138 quod
686 1060 884 1138 scripseram
906 1060 937 1117 iu
962 1055 1067 1117 rabido
1090 1056 1179 1118 corde
1203 1057 1389 1120 indusimus
1411 1060 1459 1120 vel

268 1163 454 1226 durissimis
477 1179 539 1223 non
564 1163 706 1224 Latinum
732 1171 790 1222 ast.
838 1158 928 1222 erudi
954 1157 1104 1221 vocabulo
1127 1157 1312 1223 Ammianus
1333 1163 1460 1243 saepius

269 1267 417 1329 similiter
440 1283 517 1328 usus
539 1275 598 1326 est.

356 1369 552 1448 Paragrapho
577 1369 614 1428 lo
639 1355 809 1429 scribimus
831 1365 1004 1428 subsidebat
1026 1373 1058 1426 ut
1076 1366 1266 1446 praedotrim
1283 1366 1380 1430 bestia
1397 1372 1460 1430 viso

270 1471 348 1554 quoti
370 1473 440 1553 copi
455 1491 577 1534 roseam
595 1473 736 1552 proliuus
752 1477 922 1550 eruptura:
947 1487 1019 1532 nam
1032 1477 1153 1550 poterut
1167 1479 1368 1551 nequaquam
1386 1472 1461 1534 lerri

273 1585 383 1657 potest.
431 1575 626 1636 intellexisse
649 1575 743 1636 etiam
767 1574 825 1634 hoc
848 1571 994 1634 videmus
1015 1572 1213 1634 Muellerum.

358 1678 554 1759 paragrapho
572 1676 610 1738 ⁴8
633 1675 838 1738 scribendum
855 1685 903 1738 est
917 1695 985 1738 cum
999 1677 1100 1758 itaque
1114 1675 1251 1738 tribunal
1265 1677 1345 1739 idem
1359 1697 1460 1740 esces-

271 1781 365 1844 rlisset
381 1782 541 1862 meropius
564 1789 592 1843 et
606 1781 722 1843 cunctis
737 1787 860 1860 stupore
875 1779 985 1860 definis
1007 1795 1173 1842 ascensiva
1195 1781 1348 1842 simlerus
1364 1784 1459 1853 triste,

269 1885 482 1966 procliviorem
511 1885 592 1945 vium
614 1883 656 1946 od
678 1890 819 1958 urortem,
852 1889 886 1943 ut
906 1881 1066 1963 sperabat,
1098 1882 1280 1945 anmantuus
1302 1884 1462 1947 ademisse

269 2007 327 2070 per
349 1995 437 2049 ortus
460 1995 589 2048 treuwre
609 1985 720 2068 diffuso
736 1986 908 2066 implicatior
922 1985 964 2046 ud
980 1985 1160 2067 loquendum
1174 1985 1229 2047 (lm
1244 1989 1355 2050 tacitus
1370 1989 1456 2064 sum,

270 2111 372 2174 postca
401 2097 502 2152 tamea
531 2091 704 2171 internupta
733 2097 761 2152 et
789 2087 971 2150 moribunda
999 2107 1070 2151 uoce
1099 2087 1199 2150 dicere
1228 2090 1288 2150 rom
1312 2107 1457 2168 emortus,

272 2193 379 2278 pamas
402 2193 508 2274 stirpis
527 2195 782 2276 propinquitatem
806 2192 1019 2273 iutpmutoruae
1038 2191 1274 2273 praetendebat,
1300 2195 1364 2256 leui
1380 2215 1460 2276 puu-

273 2315 378 2360 corum
399 2315 531 2360 susurro
550 2297 648 2378 pretio
671 2296 866 2374 inlectorum,
891 2295 998 2356 deiude
1020 2295 1230 2358 murmuria
1252 2297 1463 2360 ιιιοοὶαιιιαιιῗο-

274 2399 363 2463 m'lms
388 2397 486 2481 plebis
516 2401 682 2481 imperator
710 2399 882 2480 appellatus
910 2397 1059 2460 inerudite
1084 2399 1158 2479 petit
1186 2400 1308 2460 curiam
1336 2401 1458 2482 ruptim.

274 2507 428 2585 seriptum
451 2513 520 2566 erat
542 2504 709 2578 timeretur,
735 2499 820 2583 quod
843 2499 960 2564 trustra
983 2489 1181 2583 explicetur.¹

234 2633 264 2680 tt
362 2607 470 2688 Capite
493 2606 547 2665 85
571 2603 779 2668 scribendum
808 2623 878 2666 esee
908 2621 1076 2667 oensamus
1105 2605 1159 2688 qui
1178 2605 1232 2668 ubi
1251 2606 1462 2668 Dadastanam

274 2711 378 2793 tetipit
404 2712 436 2772 io
458 2729 520 2792 pira
541 2709 669 2772 statione
688 2710 808 2790 perime
830 2707 968 2772 emimus
984 2710 1155 2786 louiauum,
1173 2708 1394 2791 apparetur·
1408 2709 1465 2772 sili

274 2813 441 2894 oppositum
463 2819 585 2894 repente
607 2812 683 2874 vidit
704 2829 772 2872 mim
793 2811 904 2892 copiis,
929 2811 1057 2874 anetae
1078 2831 1124 2874 aar
1146 2814 1314 2876 castrensis
1336 2814 1464 2896 appari-

275 2923 380 2990 torem,
406 2915 438 2977 id
459 2922 503 2977 est
525 2916 640 2978 velitris
663 2915 838 2977 ministrum
860 2916 1052 2998 elpenoris,
1077 2917 1128 2977 cui
1140 2923 1174 2978 ut
1188 2916 1285 2978 amico
1303 2918 1464 2998 Proeupms

276 3019 402 3080 auoeilriu
427 3017 582 3080 ductanda
602 3019 760 3080 commisit.
806 3017 890 3099 quod
913 3017 1066 3098 scriptum
1090 3029 1160 3080 erat
1180 3025 1261 3081 recte
1282 3021 1465 3100 pariterque

278 3120 363 3202 quod
386 3123 532 3202 sequitur
555 3120 587 3182 iri
609 3128 653 3182 est
674 3123 790 3185 ceutria
811 3123 985 3184 ministrum
999 3129 1028 3183 et
1040 3123 1173 3205 parituris
1188 3119 1311 3184 delevit
1324 3121 1466 3185 Valesius

278 3235 313 3287 ut
341 3223 500 3304 adscripta
530 3224 651 3286 scilieet
678 3243 696 3286 a
726 3226 939 3305 grammatico.
986 3223 1044 3286 aad
1072 3225 1178 3288 nullae
1206 3235 1281 3288 sunt
1311 3223 1463 3289 eiusmodi

186 3373 189 3379 -
277 3325 495 3390 adnotationes
518 3327 550 3388 in
573 3327 665 3389 libris
686 3325 860 3390 Ammiani:
887 3346 960 3389 nam
976 3325 1122 3390 homines
1136 3325 1220 3390 docti
1235 3345 1335 3410 pravo
1352 3327 1466 3391 iudicio

280 3430 377 3494 multa
399 3431 600 3494 secluserunt
621 3449 703 3511 quae
726 3439 781 3494 aut
803 3429 1003 3492 emendanda
1026 3441 1118 3493 erant
1140 3439 1246 3494 autnt
1260 3433 1379 3512 scripta
1394 3441 1466 3495 sunt

279 3531 506 3594 conservanda.
554 3533 605 3594 hio
639 3552 715 3596 vero
750 3534 880 3596 minime
915 3533 1106 3597 removenda
1134 3543 1209 3596 sunt
1237 3551 1321 3616 qnae
1349 3535 1464 3616 optime

280 3634 454 3717 quadrant:
481 3656 553 3698 mox
575 3637 661 3700 euim
684 3635 870 3700 Ammianus
885 3637 1119 3719 Hypereohium
1142 3637 1290 3700 nemmem
1312 3636 1392 3700 dieu
1412 3639 1464 3700 de-

279 3738 463 3820 spicabilem.
511 3759 562 3802 res
584 3750 689 3803 autem
705 3742 876 3803 castrensis
895 3740 1091 3822 intellegitur
1106 3761 1143 3803 ea
1159 3741 1390 3822 significatione
1405 3759 1465 3822 qna

280 3840 398 3906 dieitur
419 3863 474 3906 xxx
497 3841 550 3904 73
577 3875 616 3890 «-
636 3843 775 3925 praefari
795 3846 844 3906 rei
864 3846 1017 3907 castrensi
1033 3863 1091 3925 per
1113 3841 1269 3926 Asrs'aam,
1294 3841 1376 3907 uuile
1394 3845 1466 3926 fur-

281 3953 380 4008 torum
412 3947 581 4028 mrspicioue
613 3954 768 4010 comactus
796 3955 858 4009 eto.
910 3965 977 4009 xxm
1010 3949 1021 4007 l
1050 3949 1068 4009 l
1103 3959 1257 4010 memorat
1284 3945 1468 4014 Ammianus

282 4056 439 4112 curantem
460 4051 661 4112 summitatem
683 4051 893 4114 necessitatum
915 4053 1119 4114 castressium
1136 4069 1195 4133 per
1217 4049 1385 4132 illyricum.

277 4203 283 4211 .
369 4151 444 4233 Gap.
465 4153 502 4213 l0
520 4155 540 4213 8
556 4153 761 4216 scribendum
777 4163 826 4217 eat
842 4153 1034 4236 Euphrasius
1049 4171 1120 4217 uero
1136 4157 1263 4236 mmqtte
1276 4155 1468 4218 sirmeum

284 4254 370 4316 missi
389 4255 431 4316 ud
451 4256 592 4320 ocmduos
612 4254 717 4338 portes
739 4257 868 4320 arbitrio
890 4256 995 4320 obiecti
1014 4265 1087 4320 sttui
1113 4258 1333 4338 Valentiniani,
1363 4267 1393 4321 el
1414 4257 1467 4320 ai-

283 4355 378 4420 seium
400 4357 572 4440 Implrost'o
596 4360 791 4422 Pltroruemius
808 4359 1028 4424 Cherronesum
1048 4361 1237 4443 deportatur,
1262 4362 1467 4425 meeum
1503 4410 1505 4414 ,
1601 4359 1602 4370 ’

285 4460 317 4524 iu
344 4461 444 4524 eodem
470 4464 595 4544 purus
622 4463 737 4548 ueqouo
768 4481 805 4527 eo
834 4483 868 4526 re
900 4465 979 4547 quod
1000 4464 1072 4528 diue
1093 4464 1213 4528 laium
1232 4465 1296 4547 fui
1315 4473 1463 4548 aucepm,
