3184 5108
334 353 410 429 262
630 369 719 432 lrnrx
741 387 908 432 merrom
931 386 1109 431 suerrum
1135 368 1228 429 teat.

338 548 465 642 ἤλπισα,
496 575 578 638 quae
599 556 752 620 vocabula
781 567 985 639 praepostere
1007 555 1157 620 distracta
1179 563 1264 618 sunt.
1311 556 1418 635 itaque
1438 553 1511 616 Nau-

339 661 433 724 ekius
448 679 519 724 oum
542 661 620 723 haec
634 660 815 742 adscripsit,
842 658 971 732 ιλλπλδις
992 669 1187 742 corruptum,
1212 657 1245 720 αἱ
1265 651 1357 744 τύχαι
1378 665 1513 738 expecta-

339 765 407 844 ris,’
436 762 478 826 ad
501 763 535 827 id
556 763 642 846 quod
663 766 801 828 maxime
825 762 1061 828 emendandum
1086 771 1154 826 erat
1181 781 1223 824 ne
1251 759 1426 843 adspiravit
1450 761 1513 840 qui-

341 865 414 930 dem
438 875 470 930 et
492 865 569 930 dum
592 876 735 931 removet
760 868 934 930 orationem
963 885 1039 930 sane
1069 865 1279 945 audaciorem,
1310 863 1369 927 sod
1397 865 1513 926 minimo

339 967 600 1051 vituperabilem,
629 971 775 1052 ineptum
797 970 877 1034 illud
899 964 985 1055 δόξης
1006 960 1044 1054 ἤν
1066 960 1179 1054 ἤλπισα
1200 967 1373 1050 diligenter
1401 984 1514 1029 conser-

338 1075 438 1136 vavit.
484 1072 685 1156 lprudentius
706 1075 781 1150 {rem
811 1075 876 1155 egit
904 1073 1132 1137 llirchhoilius:
1173 1073 1306 1136 coniecit
1335 1070 1420 1134 euim
1446 1071 1514 1132 scri-

341 1175 485 1242 bendum
516 1195 586 1240 esse
614 1167 734 1261 ἤπυλό
762 1199 800 1260 ps
820 1181 874 1262 τῆς
895 1170 957 1242 τότ’
989 1175 1146 1248 ἐξέπαισας
1172 1172 1301 1247 ἐλπίδος.
1356 1175 1511 1238 nimirum

340 1279 419 1344 dicit
440 1291 534 1343 antea
557 1281 681 1361 Megara
708 1269 734 1344 ὦ
757 1281 847 1366 μοῖρα
869 1273 1035 1344 δυστάλαιν’
1069 1273 1128 1363 ἐρῆ
1156 1301 1189 1341 τε
1211 1273 1263 1342 καὶ
1283 1275 1394 1342 τέκνοιν
1416 1270 1510 1352 Τῶνδ,

339 1372 392 1454 οὖς
413 1376 577 1447 πανύστατ’
603 1373 735 1468 ὄμμασιν
756 1383 995 1470 προσδέρκομαι·
1020 1373 1147 1448 ’Eratos
1174 1378 1227 1465 μὲν
1250 1374 1348 1465 ὑμᾶς,
1376 1377 1512 1462 πολεμίοις

340 1479 370 1548 δ’
398 1479 574 1572 ἐθρεψάμην
595 1477 752 1571 ’Υβριορα
772 1481 952 1573 κάπίχαρμα
979 1479 1031 1550 καὶ
1053 1479 1232 1571 διαφθοράν.
1286 1495 1354 1548 tum
1381 1492 1449 1566 post
1472 1483 1513 1544 in-

340 1589 508 1652 teriectum
531 1590 588 1674 φεῦ
610 1591 758 1670 sequitur
780 1589 859 1654 illud
881 1579 901 1673 ἧ
922 1583 999 1654 πολύ
1022 1610 1071 1671 ps.
1116 1587 1176 1651 sed
1198 1587 1272 1650 huic
1299 1604 1425 1668 quoquo
1451 1603 1513 1646 oon-

342 1693 483 1756 iecturae
512 1690 699 1756 diffidimus.
758 1711 832 1756 num
865 1701 1032 1774 postquam
1068 1693 1191 1772 Megara
1226 1689 1352 1752 duobus
1382 1686 1513 1751 versibus

342 1793 462 1858 liberos
483 1794 628 1860 adlocuta
651 1805 710 1874 est,
735 1796 841 1859 minus
863 1793 1024 1858 commode
1046 1795 1144 1858 oratio
1167 1794 1237 1856 eius
1259 1791 1300 1855 ad
1322 1791 1378 1854 lati
1401 1789 1515 1871 conpel-

342 1897 493 1961 lationem
516 1899 700 1961 revertitur.
747 1908 913 1979 praeterea
936 1897 1095 1961 nescimus
1113 1913 1209 1976 quam
1232 1905 1317 1958 recte
1333 1893 1454 1958 dicatur
1471 1893 1515 1974 τῆς

341 1993 403 2062 τότ’
431 1997 551 2070 ἐλπίδος
572 1991 610 2085 ἤν
631 1992 697 2062 ποτ’
723 1989 846 2084 ἤλπισα.
894 2001 1057 2064 enimvero
1077 2017 1141 2063 nno
1162 1997 1350 2080 pronomine
1365 1994 1516 2060 emendato

342 2101 429 2182 quod
452 2101 622 2184 Euripides
652 2104 780 2184 scripsit
808 2105 933 2167 restitui
959 2101 1051 2166 nobis
1072 2100 1212 2179 videtur,
1243 2090 1263 2185 ἤ
1286 2094 1363 2163 πολύ
1386 2121 1422 2182 ιιι
1443 2091 1516 2180 δόξης

343 2203 503 2275 ἐξέπαισαν
525 2202 642 2276 ἐλπίδος
654 2194 707 2276 ‘Aa
728 2198 840 2291 πατρός
861 2199 945 2290 ὑμῶν
966 2204 1002 2268 ἐν
1023 2197 1120 2288 λόγων
1142 2196 1209 2266 πότ’
1234 2193 1361 2287 ἤλπισα.
1407 2201 1516 2284 plurale

341 2325 458 2370 nomen
491 2307 637 2389 inprimis
665 2317 775 2390 aptum
804 2319 870 2371 ost:
909 2307 1116 2390 persequitur
1142 2306 1228 2368 enim
1261 2304 1380 2369 deinde
1409 2307 1517 2384 Megara

344 2410 528 2491 singillatim
551 2429 626 2492 spes
647 2429 727 2492 quas
747 2409 789 2474 de
810 2410 985 2474 liberorum
1008 2409 1158 2472 felicitate
1181 2419 1380 2490 conceperat.

430 2513 498 2576 Non
521 2514 620 2594 magis
642 2515 719 2576 vitio
740 2523 850 2577 carent
872 2531 953 2595 quae
976 2523 1085 2594 postea
1106 2512 1185 2576 dicit
1206 2514 1342 2592 Megara,
1369 2509 1412 2583 ale
1433 2503 1525 2580 δεξιὰν,

344 2613 380 2679 δὲ
402 2609 457 2680 oia
487 2609 679 2700 ἀλεξητήριον
702 2609 799 2681 Ξόλον
828 2614 942 2693 καθίει,
973 2609 1126 2681 Δαιδάλου
1153 2615 1248 2700 ψευδῆ
1272 2609 1366 2678 δόσιν.
1411 2615 1458 2676 his
1482 2613 1517 2673 ita

344 2729 382 2781 ut
404 2719 457 2780 hic
478 2718 611 2780 lecimus
639 2720 852 2800 interpunctis
881 2739 917 2782 eo
939 2737 1017 2782 usus
1040 2729 1089 2784 est
1109 2718 1265 2798 Bergkius
1293 2727 1329 2781 ut
1351 2715 1435 2800 apud
1455 2716 1518 2777 Pin-

345 2819 459 2884 darum
481 2821 572 2884 Nem.
589 2838 634 2882 nn
658 2821 699 2882 59
722 2820 912 2884 defenderet
940 2821 1025 2904 quod
1056 2820 1130 2884 libri
1160 2819 1290 2901 habent,
1319 2824 1358 2904 πᾷ
1380 2811 1518 2882 Δαιδάλου

346 2922 381 2988 δὲ
403 2921 542 3010 ραχαίρρ
556 2915 665 3008 polteo&
687 2922 716 2987 ol
738 2917 868 2989 θάνατον
886 2919 941 2988 Ἐκ
962 2919 1058 3011 λόχου
1076 2921 1192 2988 Πελίαο
1212 2923 1293 2995 παῖς.
1341 2922 1518 3002 intellegeu·
1576 2945 1577 2992 ι

344 3025 421 3090 dum
454 3045 524 3090 esse
557 3026 748 3090 Vulcanum:
788 3047 860 3092 eum
890 3029 976 3092 enim
1009 3026 1182 3090 Daedalum
1209 3027 1315 3089 vocari
1345 3027 1379 3087 in
1409 3027 1517 3106 pictura

343 3129 466 3199 vasculi
499 3128 586 3211 apud
613 3130 767 3194 Millinum
790 3132 906 3192 m11l8
938 3141 970 3193 et
997 3130 1038 3194 ab
1066 3128 1233 3211 Euripide,
1267 3148 1339 3192 cum
1368 3126 1518 3209 Euripidis

346 3232 453 3295 autem
476 3247 575 3295 versu
602 3230 892 3296 conferendaesso
923 3251 1005 3315 quae
1026 3231 1182 3297 Diodorus
1205 3232 1330 3295 Siculus
1351 3249 1399 3293 un
1424 3232 1459 3292 ll
1485 3228 1517 3290 do

345 3335 479 3398 Hercule
502 3344 622 3414 narrat,
647 3331 789 3418 ἐτίμησαν
806 3329 895 3400 αὐτὸν
918 3336 1046 3422 δωρεαῖς
1068 3332 1192 3406 οἰκείαις
1213 3333 1339 3406 ἕκαστος
1360 3335 1420 3398 τῶν
1438 3331 1516 3406 toas,

317 3431 453 3520 o’Atpa
475 3434 528 3520 μὲν
550 3436 666 3523 πέπλιρ,
688 3427 864 3522 ἭφαιστοςΙ
887 3435 921 3502 δὲ
943 3433 1066 3525 ροπάλιρ
1092 3432 1295 3523 callinipaza.
1350 3435 1391 3499 de
1412 3433 1516 3498 vasculi
1575 3443 1576 3518 ξ

343 3540 431 3603 illius
453 3541 589 3622 pictura,
614 3542 648 3604 in
671 3559 734 3622 qua
753 3540 883 3604 Daedali
904 3561 1020 3606 nornen
1041 3541 1161 3623 figurae
1182 3539 1314 3603 Vulcani
1336 3538 1516 3620 adscriptum
1575 3539 1576 3554 ¹

344 3653 404 3722 est,
436 3644 559 3706 cantius
586 3644 658 3706 aliis
685 3644 808 3707 locutus
830 3655 878 3707 est
899 3645 971 3707 Otto
993 3644 1122 3707 Iahnius
1152 3645 1185 3705 in
1208 3643 1443 3706 commentariis
1464 3639 1516 3702 suis

343 3745 588 3828 archaeologicis
609 3765 642 3828 p.
659 3747 732 3810 tas.
770 3746 922 3810 videntur
937 3748 1023 3810 enirn
1045 3745 1139 3810 nobis
1161 3744 1339 3808 inconsulte
1357 3763 1395 3808 ac
1412 3755 1515 3808 temere

345 3846 487 3911 iudicare
508 3851 563 3929 qui
585 3859 718 3930 propter
739 3849 834 3911 unius
849 3849 967 3912 vasculi
991 3849 1159 3930 picturam,
1184 3851 1275 3912 cuius
1290 3859 1410 3910 certam
1432 3850 1515 3912 inter-

345 3952 556 4032 pretationem
578 3970 641 4014 uon
664 3951 881 4032 adsequimur‚
910 3951 1040 4015 Daedali
1070 3971 1185 4015 nomen
1207 3951 1347 4014 Vulcano
1376 3961 1437 4014 tam
1458 3944 1515 4009 vul-
1574 3997 1575 4002 1

346 4056 413 4134 gari
443 4053 672 4118 consuetudine
700 4053 856 4118 tributum
886 4073 956 4117 esse
987 4055 1160 4136 opinantur
1192 4064 1228 4118 ut
1255 4063 1369 4136 poetae
1398 4073 1434 4116 eo
1460 4051 1514 4112 sine
1574 4079 1575 4134 ρ

345 4154 551 4237 ambiguitate
573 4158 620 4219 uti
641 4168 782 4238 possent.
830 4159 935 4238 itaque
958 4159 992 4220 iu
1016 4157 1143 4220 Pindari
1169 4158 1310 4220 carmine
1334 4158 1514 4220 llermannus
1574 4147 1575 4202 l

346 4267 380 4319 et
400 4258 579 4322 Boeclrhius
606 4259 783 4322 rectissime
811 4258 1028 4343 probaverunt
1055 4260 1181 4343 Didymi
1211 4258 1383 4338 iudicium,
1413 4253 1513 4341 quiri
1574 4307 1575 4324 ι

345 4353 483 4446 δαιδάλῳ
510 4383 543 4424 τε
577 4359 715 4448 μαχαίρᾳ
748 4361 954 4426 scribendum
990 4383 1059 4427 esse
1094 4364 1277 4428 intellexit·
1322 4365 1449 4444 antiqua
1476 4363 1511 4416 esi

343 4461 500 4526 librorum
523 4465 649 4544 menda,
674 4463 732 4528 sed
745 4477 876 4524 Διιοιλυι
895 4469 1181 4530 vetustissimorum
1197 4466 1425 4548 exemplarium
1446 4465 1511 4544 patet
