3204 5104
377 377 467 436 lnnrx
489 394 654 437 nnorronvu
677 395 856 438 snsrrvrrva
874 377 968 436 4866.
1191 359 1264 432 329

95 565 167 626 rodii
190 565 260 626 soles
288 565 497 645 offensionem
530 566 576 642 ita
604 563 761 626 ebrietates
791 566 950 626 continuae
979 565 1106 645 efferaret
1133 567 1261 626 arrietes.
1338 573 1341 582 ’

94 687 156 727 aaa
181 687 245 729 aem
276 685 366 748 saepe
387 667 478 747 'opud
506 684 538 727 se
565 687 626 727 aaa
648 669 723 742 siat,
754 666 967 729 eoasaetadire
990 669 1129 728 insamae
1151 666 1264 728 dareta

94 771 158 830 vitio
177 787 192 830 e
212 772 281 831 or'ao
303 777 444 850 concepta
467 772 557 831 etiam
579 771 645 830 siae
667 770 718 831 ilio
733 771 846 830 votem.
893 771 1029 849 optimus
1045 769 1128 831 liber
1143 771 1264 832 Thuani

96 871 168 947 (uam
190 873 377 934 Pithoeanus
407 873 496 953 prius
525 871 639 954 deficit)
671 880 767 951 atque
795 873 922 932 omnino
945 871 1103 952 quidquid
1127 882 1175 933 est
1197 891 1266 932 me-

92 973 191 1036 liomm
212 975 444 1056 exemplarium
458 993 522 1037 non
538 973 786 1056 quemadmodum
801 973 938 1055 difficiles
961 973 1073 1052 habet,
1100 973 1158 1037 sed
1179 993 1265 1056 wem

91 1075 281 1158 difficilesque.
329 1079 384 1157 qui
408 1077 488 1140 illud
511 1079 726 1157 seripserunt,
755 1074 947 1138 obtexerunt
968 1077 1102 1154 vulnus,
1129 1095 1191 1138 non
1215 1095 1266 1138 sa-

91 1189 204 1240 narunt.
251 1180 359 1260 inepta
384 1189 432 1240 est
454 1181 539 1241 enim
562 1189 625 1241 tota
648 1179 701 1240 illa
724 1180 921 1259 conparatio,
946 1179 1065 1241 nedum
1090 1189 1124 1242 ut
1146 1180 1265 1241 Seneca

91 1277 176 1359 digna
197 1280 307 1344 haberi
331 1284 445 1362 possit,
471 1283 526 1363 qui
549 1280 605 1344 ubi
628 1281 742 1343 similia
764 1283 851 1342 inter
865 1301 899 1342 se
916 1283 1078 1362 coniungit
1094 1283 1265 1362 praecipue

89 1393 188 1444 acutus
208 1394 303 1464 atque
327 1385 510 1464 ingeniosus
533 1393 592 1446 est.
639 1385 767 1445 omnino
793 1393 898 1444 autem
922 1385 1013 1464 longe
1036 1384 1096 1445 alia
1118 1385 1192 1444 olim
1215 1384 1267 1445 hie

89 1488 196 1566 scripta
218 1485 316 1549 luisse
339 1487 489 1550 meliores
510 1487 584 1548 libri
604 1486 729 1548 docent.
777 1503 850 1547 nam
865 1486 987 1548 Thuani
1010 1485 1094 1548 liber
1116 1505 1178 1548 non
1201 1490 1267 1547 oio-

90 1587 165 1648 lotar
185 1587 298 1667 habet,
325 1587 382 1651 sed
405 1589 551 1666 oillatar,
577 1588 727 1668 idemque
750 1589 784 1649 in
806 1589 878 1650 aliis
897 1600 962 1650 est:
989 1589 1021 1649 in
1044 1589 1114 1650 aliis
1136 1590 1263 1660 ellatur,

88 1691 227 1768 vellatur,
259 1692 413 1767 vallatur,
449 1692 589 1766 vellitur,
619 1690 766 1752 ballatar.
820 1700 887 1752 tum
918 1691 1002 1753 idem
1032 1690 1155 1752 Thnani
1184 1691 1267 1752 liber

87 1793 195 1874 aliique
222 1796 323 1857 oculos
353 1793 513 1856 omittunt.
569 1791 686 1855 deinde
717 1794 749 1855 in
779 1793 965 1856 melioribus
993 1812 1055 1854 non
1086 1796 1176 1855 ctiam
1205 1803 1264 1872 est,

87 1894 139 1957 sed
160 1904 202 1973 et,
232 1915 364 1978 prorsus
386 1905 492 1958 autem
516 1915 579 1958 non
602 1894 735 1976 adparet
762 1897 853 1972 sotis,
886 1914 991 1977 neque
1019 1895 1196 1975 putandum
1219 1906 1267 1958 est

88 1999 117 2057 in
139 1999 255 2062 Thuani
279 1998 362 2061 libro
385 2001 475 2060 etiam
498 2008 530 2060 et
552 1998 624 2060 solis
647 1999 765 2078 scripta
794 2018 881 2076 esse,
914 2017 1105 2079 quamquam
1127 2017 1187 2078 per
1209 2017 1268 2060 ne-

87 2101 269 2180 glegentiam
296 2100 337 2164 de
367 2120 404 2164 eo
433 2111 567 2162 tacetur.
621 2099 805 2162 addendum
836 2111 883 2162 est
911 2119 1012 2164 unum
1042 2100 1159 2162 librum
1183 2099 1268 2162 haud

87 2202 344 2266 contemnendum
377 2221 440 2264 non
469 2203 555 2264 radii
581 2201 717 2280 habere,
752 2201 812 2264 sed
844 2201 982 2277 babidos,
1018 2203 1115 2265 alium
1149 2203 1265 2279 radios,

85 2306 175 2367 alium
196 2305 323 2368 rabiosi.
371 2307 547 2386 elegantem
569 2306 742 2367 orationem
772 2307 951 2386 iustamque
978 2305 1161 2368 adfectuum
1184 2306 1269 2366 inter

85 2425 116 2468 se
144 2409 292 2471 similium
322 2409 579 2488 conparationem
608 2409 746 2469 Senecae
779 2409 820 2470 ita
847 2409 1060 2486 restituimus,
1090 2407 1157 2489 sere
1180 2409 1268 2469 oino-

85 2510 199 2573 leatiam
221 2511 388 2573 camelitas
410 2513 555 2592 sapaitar.
603 2529 738 2572 rrrrsrrr
761 2511 840 2571 enim
862 2518 1128 2591 caeasperatarqae
1149 2513 1268 2572 sanitas

85 2616 194 2688 mentis.
244 2633 394 2686 arenosos
410 2613 603 2695 difficilesque
615 2613 737 2693 faciant
757 2613 868 2675 diatiai
882 2613 980 2674 morbi
1000 2620 1029 2673 et
1049 2613 1091 2673 ad
1112 2615 1268 2674 minimam

85 2735 201 2778 mnmos
224 2718 436 2798 offensionem:
468 2719 511 2777 ita
538 2715 695 2778 ebrietates
717 2727 749 2778 et
771 2733 854 2796 quae
877 2725 1039 2778 secuntur.
1087 2715 1171 2794 quod
1195 2733 1269 2796 qae-

85 2819 164 2880 ratos
185 2820 390 2900 scripsimus,
423 2818 542 2880 dixisse
565 2820 717 2879 Senecam
747 2816 902 2879 eiusmodi
930 2815 1053 2896 aliquid
1076 2817 1269 2899 difficilesque

85 2921 165 3000 quod
185 2922 334 3002 sequitur
355 2921 463 2998 docet,
489 2939 594 3000 neque
617 2930 719 3002 potest
742 2940 782 2981 ex
804 2938 890 3001 wem
914 2919 965 2980 illo
984 2918 1156 2996 librorum,
1183 2919 1268 2998 quod

84 3035 185 3085 uatum
218 3035 267 3086 est
296 3033 463 3105 postquam
491 3023 611 3103 aliquot
640 3023 762 3084 litterae
791 3030 1008 3099 evanuerunt,
1043 3022 1148 3101 aptius
1175 3040 1269 3082 voca-

83 3124 187 3188 bulum
217 3127 300 3188 erui.
347 3127 489 3207 qaaalm
517 3125 682 3186 iracundos
711 3127 889 3186 temerarios
911 3126 1032 3186 Seneca
1062 3122 1143 3184 dixit
1166 3125 1198 3184 in
1222 3126 1269 3185 cis

83 3247 161 3307 quae
183 3249 224 3291 ex
254 3228 346 3290 libris
373 3228 413 3290 de
437 3228 635 3289 matrimonio
658 3229 867 3309 Hieronymus
894 3226 1050 3289 adversus
1072 3226 1268 3288 latinianum

84 3348 92 3390 ι
122 3333 160 3391 30
190 3331 296 3393 adlert
329 3331 516 3410 rettulitque
550 3331 634 3390 inter
665 3328 841 3410 fragmenta
874 3347 956 3408 quae
990 3329 1085 3408 vulgo
1118 3328 1269 3390 dicuntur

84 3435 211 3497 llaasius
234 3453 266 3516 p.
286 3435 359 3495 433.
406 3444 498 3494 antea
514 3443 620 3494 autem
636 3435 765 3494 vitiatur
780 3432 876 3493 mullo
900 3432 1017 3492 rectius
1038 3429 1156 3492 dicitur
1174 3449 1268 3510 quam

84 3539 234 3612 violatur,
267 3555 372 3617 noque
395 3535 482 3598 aliud
505 3536 675 3616 quicquam
699 3535 774 3596 latet
798 3536 831 3594 in
854 3534 993 3594 vitiatur.
1039 3532 1134 3594 simili
1158 3551 1269 3594 emen-

83 3639 207 3702 datione
224 3640 349 3720 lipsius
371 3640 404 3700 in
429 3639 645 3700 Consolatione
662 3637 830 3698 Marciaess
854 3638 873 3696 2
897 3638 981 3698 initia
1004 3655 1044 3696 ex
1067 3637 1098 3695 ia
1121 3636 1172 3696 illo
1195 3635 1269 3698 lecit

84 3744 275 3804 rectissime:
302 3747 403 3802 manet
417 3741 535 3821 quidem
551 3740 619 3815 rat,
645 3741 782 3814 Marcia,
809 3741 899 3800 etiam
913 3757 996 3800 nanc
1016 3740 1122 3820 iapeas
1145 3739 1269 3798 tristitia

82 3852 108 3906 et
129 3847 189 3906 mm
219 3844 341 3906 videtur
369 3842 499 3905 tremisse
528 3843 655 3921 cottam,
687 3860 747 3902 aar
777 3841 832 3902 illa
860 3843 1024 3914 concitata,
1055 3840 1156 3919 qualis
1185 3841 1269 3900 initio

79 3945 154 4027 suit,
187 3947 241 4010 sed
267 3947 419 4027 pertinace
446 3953 474 4006 et
501 3945 667 4007 obstinata:
699 3941 785 4024 quod
814 3962 898 4005 unus
928 3941 969 4004 de
993 3941 1155 4024 peioribus
1178 3940 1269 4003 libris

83 4047 176 4111 habet
199 4051 232 4110 ia
256 4048 310 4110 illa
332 4066 395 4109 non
411 4047 612 4128 probandum
629 4056 712 4125 erat,
739 4044 795 4107 sed
818 4056 853 4108 ut
876 4047 1020 4126 ineptum
1042 4043 1194 4106 audacter
1217 4063 1269 4106 re-

82 4151 291 4230 pudiandum.
883 4204 887 4213 .

165 4256 201 4316 ln
225 4252 361 4334 epistula
385 4253 419 4312 9l
451 4253 484 4312 ll
519 4253 597 4313 haec
618 4251 686 4313 lere
708 4251 802 4330 vulgo
831 4250 999 4329 leguntur,
1030 4251 1165 4310 vastavit
1192 4251 1269 4330 apres

81 4357 167 4420 rotas
195 4375 254 4439 per
281 4373 355 4438 qitos
384 4353 554 4430 relucebat,
585 4357 678 4416 erosit
706 4360 735 4414 et
763 4353 913 4434 camdem
943 4351 1106 4414 altissimos
1129 4353 1266 4424 verteres,

81 4459 195 4523 solacia
217 4458 431 4540 aoviyoatiam
453 4475 489 4518 oe
511 4457 668 4538 speculas,
700 4455 741 4517 ad
763 4455 874 4518 barrile
895 4453 1035 4516 deduxit.
1088 4465 1173 4515 reete
1197 4454 1269 4515 olim
