3184 5108
385 447 473 508 lauru
498 467 660 510 arcrmurrr
684 467 861 510 lrsrrvaavrt
887 449 981 510 l865.
1204 431 1273 506 291

105 653 134 694 se
160 635 362 696 cohaerentes
396 639 570 698 sententias
601 649 706 700 mente
736 639 956 719 conplectitur.
1012 639 1119 718 itaque
1148 640 1210 700 illis
1239 617 1279 699 de

104 737 210 816 quibus
238 737 437 819 disputamus
465 741 611 802 versibus
641 741 755 803 chorus
785 743 941 802 Electram
972 761 1009 802 eo
1042 743 1220 804 consolatur
1249 752 1280 803 et

104 842 236 920 mitigare
259 842 367 904 studet
396 853 430 904 ut
454 843 537 904 dicat
567 863 629 906 non
657 845 754 906 solam
784 863 853 906 eam
883 845 1060 907 mortalium
1089 843 1280 906 adflictatam

104 963 165 1005 esse
193 944 311 1006 dolore.
366 944 453 1006 addit
490 965 551 1006 non
582 967 780 1009 communem
815 957 937 1009 tantum
966 947 1128 1008 hominum
1163 956 1279 1009 sortem

104 1065 165 1108 esse
186 1057 219 1109 ut
241 1047 358 1110 acerha
388 1051 619 1128 perpetiantur,
653 1069 765 1112 verum
789 1051 900 1113 eadem
924 1069 985 1130 qua
1009 1051 1132 1112 Electra
1159 1050 1279 1112 laboret

102 1167 242 1212 aerumna
271 1149 411 1212 adiectas
440 1171 509 1213 esse
540 1153 633 1214 etiam
663 1173 802 1230 sorores,
836 1153 906 1214 illas
933 1163 1039 1216 autem
1070 1163 1186 1214 sortem
1215 1172 1282 1215 mo-

102 1250 231 1314 deratius
260 1253 357 1314 serre.
413 1254 469 1316 sed
499 1255 584 1334 qnod
614 1255 691 1316 dicit
719 1253 769 1316 οἵα
791 1249 982 1340 Χρυσόθεμις
1010 1253 1082 1325 ζώει
1111 1251 1163 1318 καί
1185 1249 1282 1341 Ἰφιά-

102 1377 199 1432 νασσα,
228 1376 265 1416 eo
288 1355 442 1418 admiscet
465 1358 558 1420 aliam
581 1360 841 1421 consolationem:
876 1361 996 1440 quippe
1027 1361 1060 1420 in
1091 1369 1228 1420 mentem
1252 1360 1281 1420 ei

102 1469 216 1520 revocat
246 1460 358 1520 vivere
392 1479 516 1522 sorores
556 1463 809 1542 interemptoque
843 1473 934 1542 patre
968 1463 1027 1523 hor
1056 1462 1084 1524 ei
1115 1480 1281 1523 remanere

102 1558 208 1622 doloris
237 1563 398 1640 solacium,
433 1583 586 1644 suamque
608 1567 674 1626 vim
704 1565 799 1626 habet
822 1559 893 1634 ζώει
921 1565 1012 1626 illud.
1068 1565 1142 1626 hinc
1170 1567 1283 1626 transit

101 1661 135 1722 ad
159 1665 231 1726 illud
264 1666 414 1728 solacium
438 1665 524 1746 quod
547 1669 797 1730 valentissimum
822 1687 891 1729 esse
920 1678 1028 1748 putat:
1062 1677 1282 1728 commemorat

102 1765 247 1828 Orestem.
296 1769 352 1830 sed
375 1768 415 1830 ad
439 1770 571 1832 Orestae
594 1772 920 1832 commemorationem
951 1771 1087 1850 amplius
1117 1789 1177 1831 non
1208 1788 1283 1850 per-

103 1869 173 1930 tinet
195 1873 408 1933 communium
437 1873 589 1935 malorum
619 1875 805 1953 significatio
829 1893 910 1954 quae
940 1893 1010 1935 cum
1034 1892 1175 1934 somrum
1198 1891 1284 1936 com-

103 1977 317 2036 memoratione
341 1977 506 2036 coniuncta
531 1986 609 2055 erat,
641 1976 764 2039 sedita
788 1979 955 2038 coniuncta
984 1987 1019 2038 ut
1040 1976 1079 2036 ad
1103 1977 1162 2038 alia
1190 1976 1283 2038 simul

102 2077 232 2138 animum
257 2077 449 2140 traduceret.
499 2080 602 2157 inuno,
628 2089 664 2141 ut
686 2082 799 2142 laetam
822 2081 945 2142 Electra
973 2081 1143 2160 imaginem
1166 2079 1284 2157 cogita-

101 2179 180 2240 tione
204 2181 309 2260 hngat,
336 2193 486 2242 semotam
510 2201 527 2242 a
551 2181 712 2244 doloribus
736 2185 934 2245 iuventutem
958 2201 1027 2244 esse
1050 2183 1181 2244 Orestae
1207 2181 1285 2243 dicit

101 2281 335 2364 rediturumquc
376 2305 448 2346 eum
484 2284 655 2366 aliquando
692 2287 725 2347 in
760 2287 893 2365 patriam
930 2294 1116 2365 augurat-ur.
1178 2287 1284 2366 itaque

101 2387 267 2448 rectissime
291 2389 490 2448 llermannus
513 2382 613 2472 ἀχέων
637 2407 751 2450 nomen
775 2407 845 2449 esse
875 2390 994 2468 statuit,
1026 2387 1282 2468 coniungendam

101 2487 172 2549 illud
196 2509 266 2550 cum
289 2494 416 2575 κρυπτᾷ,
443 2492 616 2552 rectissime
642 2491 693 2552 illa
716 2494 830 2575 κρυπτᾷ
853 2485 953 2576 ἀχέων
976 2492 1008 2554 ἐν
1032 2483 1094 2576 ἥβᾳ
1115 2482 1216 2574 ὄλβιος
1243 2493 1285 2552 ite

101 2592 320 2672 interpretatus
343 2602 402 2671 est,
429 2601 541 2655 seaaoto
563 2615 583 2655 a
605 2594 759 2656 doloribus
782 2597 813 2656 ia
837 2597 960 2656 iuventa
978 2595 1071 2676 selice.
1119 2592 1205 2675 quod
1227 2611 1285 2655 au-

101 2701 157 2754 tem
179 2693 378 2757 audaciorem
394 2696 471 2758 dicit
494 2699 575 2758 hanc
597 2707 800 2776 structuram,
826 2697 918 2759 nobis
933 2697 1063 2778 quidem
1088 2714 1150 2758 non
1173 2713 1284 2774 magna

100 2815 131 2856 ea
152 2796 281 2859 audacia
304 2799 433 2861 videtur
456 2819 537 2860 esse.
585 2799 709 2862 accedit
731 2803 816 2862 enim
839 2794 965 2884 κρυπτόν
995 2801 1035 2862 ad
1058 2819 1168 2861 eorum
1193 2817 1285 2860 voca-

102 2897 239 2962 bulorum
270 2901 510 2963 similitudinem
534 2921 615 2982 quae
646 2914 789 2984 separata
819 2903 859 2964 ah
889 2905 959 2965 aliis
986 2895 1174 2984 significant.
1225 2903 1285 2962 ita-

102 3019 158 3080 que
174 3002 345 3084 Euripides
369 3006 400 3065 in
424 3005 553 3066 Bacchis
576 3024 607 3066 ν.
627 3008 667 3065 96
691 3007 838 3068 similiter
860 3005 942 3068 dixit
963 3001 1040 3069 κατὰ
1063 3008 1150 3090 μηρῷ
1173 3001 1206 3066 δὲ
1228 3027 1285 3066 κα-

102 3100 189 3190 λύψας
213 3105 386 3191 χρυσέαισιν
411 3105 572 3191 συνερείδει
593 3103 733 3193 περόναις
753 3103 879 3193 κρυπτὸν
896 3103 951 3194 ἀφ’
969 3100 1086 3194 Ἥρας,
1111 3110 1284 3189 Xenophon

102 3217 199 3272 autem
223 3213 255 3270 in
273 3211 423 3272 Convivio
446 3229 514 3292 cap.
534 3213 552 3270 8
579 3211 612 3270 ll
641 3213 777 3274 similius
799 3214 894 3274 etiem
911 3212 1055 3292 Sophocli
1080 3213 1200 3273 locutus
1223 3219 1282 3287 est,

101 3311 292 3398 τεκμαίρομαι
315 3311 406 3398 δὲτῇ
436 3316 488 3376 τυῦ
514 3312 665 3396 ἐρωμένου
695 3311 906 3398 καλοκάγαθίᾳ
933 3312 984 3377 καί
1013 3307 1059 3378 ’ότι
1087 3337 1120 3377 σε
1143 3307 1205 3398 ‘epol
1233 3307 1284 3375 τὸν

99 3415 207 3502 πατέρα
222 3411 313 3480 αὐτοῦ
335 3413 610 3500 παραλαμβάνοντα
633 3417 675 3487 είς
697 3413 749 3489 τὰς
770 3413 844 3503 πρὸς
864 3422 966 3482 τοῦτον
983 3415 1151 3487 συνουσίας.
1198 3411 1284 3478 οὐδὲν

100 3513 281 3602 adpretietur
304 3515 383 3582 ἐστίν
407 3514 579 3605 ἀπόκρυφον
601 3517 712 3606 πατρὸς
733 3525 777 3606 τῷ
798 3524 884 3606 καλῷ
905 3543 937 3584 τε
960 3515 1089 3605 κάγαθῷ
1111 3507 1245 3604 ἐραστῇ.Ι

180 3623 244 3685 Sed
268 3623 352 3704 quod
375 3625 521 3703 sequitur
542 3623 627 3705 apud
651 3625 837 3706 Sophoclem
861 3618 929 3695 Διὸς
950 3614 1073 3708 εὔφρονι
1095 3615 1206 3706 βήματι
1229 3639 1309 3703 μοι

102 3719 184 3788 λόντα
203 3721 293 3790 τάνδε
316 3729 371 3810 γᾶν
390 3720 530 3810 Ὀρέσταν
553 3745 615 3788 που
638 3725 768 3790 videtur
790 3727 970 3790 excusanda
995 3727 1113 3789 dictum
1137 3743 1205 3786 esse
1228 3743 1286 3786 uu-

103 3827 194 3908 dacia,
219 3829 278 3892 sed
299 3831 377 3890 vitio
400 3829 544 3891 laborare
569 3828 772 3891 intolerabili.
820 3831 1002 3910 scholiastes
1024 3829 1064 3892 ad
1087 3821 1198 3914 βήματι
1228 3825 1287 3888 ad-

103 3933 221 4014 scripsit
251 3927 317 3996 ἆντί
338 3935 390 3996 τοῦ
414 3925 488 4017 ὁδῷ,
519 3936 633 4017 πομπῇ.
688 3950 823 4012 quorum
856 3933 931 3996 illud
960 3933 1053 3994 nihili
1084 3941 1148 4008 est,
1179 3949 1285 4010 neque

103 4037 191 4098 multo
219 4037 334 4098 melius
362 4036 508 4098 alterum.
555 4055 629 4098 nam
651 4033 736 4116 quod
767 4035 896 4098 luerunt
925 4037 980 4116 qui
1004 4034 1170 4096 transitive
1201 4031 1284 4094 dicta

101 4132 190 4220 ίβησα
210 4151 242 4202 et
266 4133 350 4224 βήσω
373 4150 592 4219 conpararent,
625 4157 688 4198 non
712 4138 874 4200 sufficiunt
897 4139 974 4199 haec
997 4147 1031 4200 ut
1054 4135 1232 4214 credamus,
1258 4138 1284 4197 si

102 4239 263 4320 Sophocles
286 4235 398 4328 βίματι
422 4244 610 4323 scripsisset,
638 4241 778 4321 aliquem
802 4239 1037 4304 intellecturum
1062 4240 1160 4302 luisse
1184 4239 1285 4319 signi-

104 4343 180 4404 ficari
202 4341 333 4430 πομπήν.
382 4347 489 4426 itaque
514 4346 560 4407 eis
582 4343 761 4406 accedimus
785 4345 839 4423 qui
868 4341 1090 4404 emendatione
1113 4361 1192 4422 opus
1215 4361 1284 4404 esse

102 4461 298 4511 censuerunt.
347 4459 379 4512 et
401 4449 554 4529 Georgius
576 4446 706 4528 quidem
723 4447 911 4526 Burgessius
933 4441 1057 4528 νεύματι
1079 4443 1285 4508 scribendum

102 4565 165 4608 esse
187 4553 331 4632 coniecit,
365 4552 461 4631 idque
491 4551 609 4612 deinde
640 4550 692 4611 alii
717 4550 927 4629 repetierunt.
975 4567 1037 4610 non
1062 4547 1286 4611 cavillabimut·

1028 4669 1079 4718 19·
