3186 5108
331 373 402 446 116
622 385 712 450 lanrx
734 404 901 450 xrcrroxrx
924 404 1109 451 nummaria
1127 385 1220 448 ⁴856.

327 576 408 638 hanc
431 577 517 638 sitim
540 576 701 656 extingue.
748 576 830 638 vale.
877 575 1054 638 consolatus
1082 595 1152 639 suna
1185 576 1216 637 ia
1239 574 1380 638 adventu
1405 577 1500 637 iocun-

327 678 458 742 dissima
487 679 619 742 istorum
648 687 807 742 oratorum
836 689 867 742 at
895 697 989 760 spero
1017 677 1103 759 quod
1133 678 1210 740 haec
1233 687 1341 741 mutua
1369 679 1502 758 legatorio

327 784 465 846 visitatio
487 783 529 844 sit
551 781 687 845 fructum
711 784 865 863 optimum
888 792 1048 863 paratura.
1089 783 1205 844 iterum
1227 781 1297 845 vale
1321 781 1408 844 felix.
1444 781 1502 842 Flo-

327 888 449 949 rentiae
472 903 524 948 rur
548 885 592 948 kl.
616 873 796 948 octobris.’'¹

301 993 316 1040 θ
414 990 536 1052 Partem
556 989 651 1052 huius
675 989 828 1070 epistulae
851 1007 921 1050 eam
937 1007 1019 1069 quae
1042 986 1083 1051 ad
1097 990 1270 1052 Varronem
1285 991 1425 1070 pertinet
1446 990 1503 1069 ipse

325 1093 536 1156 llommsenus
558 1090 659 1154 edidit
681 1093 715 1154 in
732 1093 973 1172 gromaticorum
989 1092 1180 1154 Lachmanni
1196 1091 1414 1173 lludcrffiique
1434 1101 1504 1153 tcum
1526 1143 1529 1152 .

326 1213 347 1256 ιι
370 1215 403 1277 p.
423 1195 496 1275 2l8,
522 1195 680 1276 simulque
696 1205 783 1257 recte
799 1193 988 1276 significavit
1003 1195 1153 1277 scriptam
1176 1213 1245 1257 eam
1265 1213 1334 1257 asse
1356 1213 1437 1257 anno
1450 1195 1505 1255 cir-

325 1301 406 1360 citer
428 1317 614 1361 xcccxxxxx:
641 1298 806 1362 Coluccius
828 1300 929 1378 enim,
955 1299 1010 1379 qui
1035 1299 1096 1360 iam
1118 1299 1282 1378 sexaginta
1304 1299 1398 1360 annis
1419 1297 1506 1359 libro-

327 1421 396 1464 rum
427 1422 460 1465 se
491 1401 604 1464 scribit
634 1421 703 1465 esse
734 1401 996 1483 cupidissimum,
1033 1411 1126 1466 natus
1159 1412 1228 1464 erat
1257 1419 1340 1464 anno
1369 1420 1504 1466 xcccxxx.

326 1506 501 1568 rectissime
525 1515 631 1569 autem
655 1505 813 1568 intellexit
829 1504 1004 1568 bandinius
1026 1505 1111 1586 loqui
1129 1505 1308 1570 Coluccium
1331 1503 1373 1568 de
1396 1507 1507 1588 epistu-

325 1609 365 1671 lis
381 1609 637 1690 Ciceronisquas
659 1607 700 1671 ad
724 1607 894 1671 familiares
918 1608 1010 1689 vulgo
1030 1608 1184 1672 dicimus:
1210 1627 1247 1671 eo
1269 1609 1356 1670 enim
1380 1610 1505 1690 pertinet

326 1711 411 1794 quod
434 1723 478 1776 tot
499 1730 685 1794 procerum,
711 1730 790 1792 quos
812 1711 960 1774 volumen
983 1712 1063 1776 illud
1081 1707 1216 1792 babeat,
1249 1711 1459 1792 eloquentiam
1480 1720 1506 1771 et
1583 1771 1584 1778 ,

325 1835 430 1878 mores
452 1835 485 1880 se
501 1815 621 1878 vidisse
644 1816 790 1878 laetatur.
830 1825 915 1880 recte
939 1815 1014 1878 item
1030 1815 1206 1880 Bandinius
1228 1833 1269 1877 cx
1285 1814 1422 1878 Coluccii
1442 1833 1508 1876 nar·

327 1921 447 1982 ratione
476 1920 601 2000 collegit
631 1920 790 2000 integrum
820 1918 900 1981 illud
931 1916 1134 1983 familiarium
1168 1917 1376 2001 epistularum
1405 1933 1509 1998 corpus

325 2021 411 2102 quod
428 2023 573 2084 Petrarca
591 2023 714 2084 invenit
729 2024 911 2086 Veronense
928 2021 1041 2086 fixisse:
1065 2040 1140 2084 nam
1155 2040 1195 2084 ex
1210 2021 1402 2084 Veronensis
1417 2020 1509 2082 cccle-

325 2127 390 2188 siae
413 2124 520 2188 codice
538 2125 701 2188 Coluccius
717 2136 867 2206 excerpta
883 2145 945 2189 non
969 2127 1055 2190 nulla
1077 2126 1257 2188 al’etrarca
1273 2123 1354 2187 facta
1369 2122 1508 2186 babebat.

326 2229 395 2308 sed,
421 2229 507 2311 quod
523 2228 699 2292 Baudinius
721 2229 874 2310 neglexit,
899 2228 1032 2310 adparet
1049 2229 1229 2292 Goluccium
1251 2247 1269 2292 a
1289 2228 1442 2310 Pasquino
1464 2245 1510 2288 ac-

326 2333 449 2414 cepisse
478 2333 560 2396 olius
582 2332 717 2410 codicis,
750 2351 812 2394 nou
844 2334 960 2413 integri
991 2331 1077 2395 illius
1098 2330 1247 2413 quidem,
1288 2332 1508 2414 apographum,

326 2455 421 2517 quem
437 2433 578 2498 codicem
586 2435 797 2498 fercellensis
812 2436 965 2498 ecclesiae
982 2454 1053 2498 esse
1068 2435 1258 2518 suspicatur.
1288 2435 1351 2498 iam
1366 2436 1393 2498 si
1408 2431 1510 2496 Blandi

327 2539 412 2600 illam
434 2540 649 2602 narrationem
671 2558 899 2621 coeperamus,
933 2539 1146 2602 coniecturam
1168 2539 1273 2601 facere
1296 2557 1463 2621 possumus
1483 2537 1512 2598 in

327 2643 492 2706 Petrarcae
521 2660 633 2706 manas
661 2653 791 2726 praeter
812 2646 994 2706 Veronense
1024 2661 1139 2724 corpus
1167 2645 1295 2706 venisse
1323 2645 1419 2706 etiam
1440 2642 1512 2704 Ver-

327 2746 466 2809 cellense
489 2746 698 2828 epistularum
728 2765 792 2810 non
816 2747 957 2810 cranium
981 2747 1155 2829 exemplar.
1202 2758 1234 2809 at
1263 2756 1367 2828 potest
1388 2746 1512 2808 fortasse

327 2851 406 2912 haec
428 2850 608 2914 coniectura
623 2849 761 2931 quodam
782 2847 876 2912 modo
898 2849 1029 2912 aliunde
1045 2849 1236 2912 confirmari.
1274 2849 1418 2913 eiusdem
1434 2849 1512 2911 enim

327 2955 402 3016 anai
427 2971 609 3030 xcccxxxurr
631 2972 695 3034 quo
718 2955 862 3016 Petrarca
889 2963 1033 3017 mortuus
1062 2963 1111 3016 est
1139 2972 1248 3016 mense
1271 2952 1437 3016 novembri
1462 2952 1514 3014 Co-

328 3057 448 3120 laccius
470 3056 510 3119 ad
534 3056 703 3139 Casparem
725 3055 766 3120 do
787 3056 969 3138 Bmaspinis
983 3059 1212 3137 Veronensem,
1237 3058 1375 3120 amicum
1397 3057 1515 3120 Petrar-
1582 3133 1583 3138 ἵ

329 3179 399 3240 cae,
431 3160 599 3242 epistulam
629 3161 757 3242 scripsit
779 3178 862 3240 quae
884 3158 969 3222 edita
998 3170 1046 3223 est
1076 3161 1108 3222 iu
1133 3159 1342 3223 relationibus
1364 3160 1515 3223 societatis
1582 3223 1583 3232 ,

329 3263 502 3326 litterariae
529 3265 700 3326 Saxonicae
723 3282 806 3326 anno
832 3282 1074 3326 xncccxxxxrrrrr
1101 3284 1134 3346 p.
1158 3262 1221 3326 259
1248 3260 1370 3346 [cupra
1391 3257 1513 3345 12⁷9].
1582 3283 1583 3328 ὲ

328 3369 409 3449 petit
425 3366 456 3430 in
480 3386 517 3429 ea
533 3367 668 3448 epistula
685 3366 848 3430 Coluccius
870 3367 1041 3448 aGaspare
1057 3377 1089 3430 ut
1115 3387 1132 3429 e
1151 3365 1343 3429 bibliotheca
1360 3367 1516 3430 Petrarcae
1582 3341 1583 3368 ¹

329 3469 390 3532 sibi
415 3470 569 3551 Propertii
594 3469 772 3552 Catullique
796 3471 936 3531 carmina
959 3471 1073 3532 mittat.
1113 3479 1179 3533 tum
1203 3471 1245 3532 ita
1268 3471 1386 3553 pergit,
1412 3469 1516 3532 “Cice-

330 3575 416 3636 ronis
438 3573 599 3655 epistolas,
625 3582 660 3636 ut
682 3574 759 3636 alias
781 3571 860 3653 dixi,
885 3591 995 3635 omncs
1012 3573 1141 3652 vellem,
1160 3583 1199 3636 ct
1220 3571 1296 3634 libri
1312 3575 1515 3656 quantitatem

330 3695 403 3758 rogo
425 3686 531 3740 notam
555 3675 661 3739 facias.
709 3676 778 3738 illas
801 3677 930 3739 circiter
952 3695 989 3739 ax
1011 3694 1090 3757 quas
1117 3675 1237 3740 habere
1260 3685 1291 3740 te
1313 3675 1395 3740 dicis
1417 3677 1516 3740 nescio

328 3799 368 3841 an
393 3782 424 3843 in
448 3781 629 3843 continuato
651 3799 748 3862 opere
777 3799 818 3842 an
842 3791 1009 3861 excerptas
1038 3777 1155 3842 habeas
1176 3790 1272 3862 atque
1301 3777 1459 3860 delectas,
1488 3786 1515 3838 et

330 3882 401 3946 ideo
422 3882 556 3946 arbitrio
578 3893 632 3946 tuo
654 3883 830 3946 dimiserim
853 3882 1012 3965 numquid
1034 3883 1159 3946 illarum
1182 3903 1233 3946 me
1253 3883 1332 3948 velis
1355 3901 1425 3946 esse
1447 3899 1515 3964 par·

329 3987 490 4068 ticipem.‘’
542 3987 707 4068 sexaginta
735 4005 816 4068 quas
845 3986 963 4068 Caspar
995 4006 1030 4049 se
1059 3986 1178 4050 babere
1212 3985 1338 4050 dixerat
1366 3985 1514 4068 epistulae

329 4109 391 4153 non
425 4101 558 4172 possunt
588 4088 684 4154 fnisse
713 4092 896 4154 Veronense
927 4089 1006 4154 illud
1035 4088 1175 4152 sedecim
1204 4089 1360 4153 librorum
1393 4105 1514 4171 corpus,

330 4203 462 4275 possunt
486 4203 655 4274 excerptae
682 4191 758 4256 inde
788 4192 904 4270 fuisse,
936 4192 994 4256 sed
1023 4203 1156 4274 possunt
1178 4194 1274 4256 etiam
1301 4192 1402 4256 fuisse
1424 4191 1515 4256 codex

329 4297 551 4360 Vercellensis.
597 4305 669 4360 utut
692 4307 741 4361 est
766 4296 883 4378 (neque
906 4297 992 4360 enim
1015 4295 1137 4378 liquido
1159 4295 1218 4360 hoc
1240 4295 1429 4360 confirmare
1451 4311 1516 4378 pos·

329 4401 471 4484 sumus),
504 4399 582 4464 illud
605 4401 682 4463 satis
705 4399 908 4464 manifestum
931 4419 1002 4463 esse
1025 4399 1170 4480 videtur,
1200 4419 1240 4463 ex
1267 4397 1413 4464 tenebris
1434 4407 1516 4464 emto

329 4523 399 4568 esse
417 4504 579 4566 Petrarcae
594 4513 697 4566 aetate
713 4501 777 4566 duo
792 4504 1000 4585 epistularum
1016 4503 1179 4566 Ciceronis
1195 4503 1396 4567 familiarium
1414 4521 1515 4568 exom-
