3186 5108
289 293 360 364 104
587 307 675 366 lsoer
698 322 864 367 ιιοιιοιιιι
888 323 1067 366 reservarer
1085 303 1179 365 ⁴856.

285 499 390 561 littera
414 497 500 558 cuim
523 515 604 576 quac
628 503 677 556 est
699 495 711 556 i
737 495 799 555 iam
824 495 856 554 iu
880 513 916 556 ea
939 495 1097 576 scriptura
1119 513 1214 576 quam
1237 492 1469 573 lderovingicam

285 601 441 665 cursivam
466 599 602 661 technici
625 596 799 678 adpellant,
825 594 942 658 deinde
965 596 1120 678 proximis
1142 597 1277 659 saeculis
1299 615 1396 678 saepe
1416 616 1471 659 nu-

285 723 371 766 mero
394 721 520 765 sursum
544 699 731 783 producitur
759 701 801 762 ita
829 707 866 761 ut
894 697 970 762 abl
998 699 1102 763 littera
1133 719 1235 782 paene
1265 699 1346 763 nihil
1369 698 1468 762 distet.

284 827 346 889 quo
361 806 478 869 iactum
501 815 550 867 cst
572 812 607 867 ut
623 802 741 866 deiude
766 803 777 866 l
798 803 984 884 saepissime
1007 803 1204 867 scriberetur
1226 802 1281 868 ubi
1305 801 1472 866 iscribeu-

284 911 361 974 dum
384 919 463 972 erat.
511 908 610 971 veluti
640 907 673 970 in
703 907 761 968 hoc
784 907 852 989 ipsc
875 908 1031 989 Propertii
1057 909 1197 970 carmine
1220 927 1249 969 ι.
1270 907 1309 967 ιιι
1334 907 1473 989 Neapoli·

283 1025 377 1077 tanus
398 1012 482 1075 liber
503 1022 635 1094 propter
658 1009 795 1076 eundern
825 1029 966 1073 errorem
989 1011 1106 1074 iniectis
1129 1009 1240 1090 habet,
1273 1012 1414 1073 carmine
1438 1011 1472 1071 tt

284 1137 314 1178 v.
336 1118 375 1178 tt
398 1116 536 1180 delectis.
562 1115 644 1178 libro
666 1135 688 1178 ιι
712 1116 852 1178 carmine
877 1117 895 1176 9
920 1117 988 1178 ι.2
1012 1115 1113 1178 electo.
1160 1115 1266 1195 itaque
1290 1115 1347 1196 qui
1371 1117 1402 1177 in
1425 1116 1474 1177 illo

284 1220 441 1283 versiculo
463 1220 513 1282 elo
542 1219 649 1299 legere
679 1217 741 1280 sibi
765 1218 930 1282 videretur
959 1237 1065 1299 neque
1094 1218 1297 1298 intellegeret
1325 1219 1473 1300 scriptum

284 1323 389 1405 potius
411 1341 482 1384 esso
505 1323 554 1384 oio
569 1321 730 1402 velletque
753 1323 886 1384 orationi
909 1321 1098 1386 sententiam
1122 1321 1261 1402 aliquam
1280 1320 1474 1402 earminique

284 1445 433 1490 numeros
456 1444 530 1488 suos
554 1422 709 1505 reddere,
739 1442 804 1488 uon
818 1426 943 1488 mirum
967 1434 1015 1488 est
1038 1425 1064 1486 si
1088 1443 1212 1486 rumore
1235 1424 1315 1486 molo
1337 1425 1471 1506 scripsit,

284 1538 319 1592 ut
348 1537 458 1610 captus
489 1539 556 1592 erat
585 1526 800 1591 librariorum.
841 1527 882 1592 dc
905 1528 1017 1592 eadem
1039 1537 1145 1591 autem
1169 1527 1268 1607 elegia
1291 1528 1383 1590 cuius
1404 1546 1474 1590 ver-

283 1633 420 1695 siculum
442 1633 640 1695 correximus
662 1630 811 1695 videmur
832 1631 954 1714 aliquid
976 1651 1069 1713 posse
1093 1631 1215 1694 utiliter
1236 1629 1370 1694 addere.
1407 1651 1474 1693 uam

285 1745 450 1817 postquam
475 1736 658 1818 Propertius
673 1735 797 1797 Gallum
819 1737 955 1798 maximo
970 1735 1096 1818 puellae
1117 1754 1223 1798 amore
1246 1733 1361 1798 ardere
1387 1734 1475 1810 dixit,

285 1841 326 1902 ita
350 1841 466 1921 pergit,
492 1840 518 1901 si
542 1837 634 1901 libris
655 1838 855 1918 confidimus,

412 1961 467 2006 nec
488 1944 612 2016 mirum,
637 1961 705 2004 cum
727 1942 768 2006 eit
788 1944 859 2004 Iove
880 1941 975 2026 diprto
996 1949 1023 2005 ct
1042 1943 1192 2024 premiere
1212 1940 1321 2018 Ledae,

490 2053 518 2108 ct
540 2045 638 2108 Ledoe
657 2052 754 2127 parte
774 2047 906 2129 gratior,
930 2065 995 2107 ιιιιιι
1017 2045 1126 2127 tribus,

413 2149 469 2212 ilia
491 2151 531 2212 sit
553 2149 687 2211 lnocltiis
710 2155 737 2211 et
759 2148 900 2212 blandior
922 2147 1066 2226 ltcroiois,
1110 2195 1112 2202 ,

492 2253 547 2314 illo
568 2253 634 2315 suis
657 2251 758 2314 verbis
780 2259 865 2337 copel
888 2270 995 2315 omorc
1017 2255 1129 2315 Iovem.

283 2357 340 2419 sed
369 2357 421 2418 hic
444 2359 513 2417 love
542 2354 652 2439 dignae
676 2357 825 2437 proximo
847 2357 945 2418 Ledae
968 2355 1112 2418 Nicolaus
1136 2356 1283 2418 lleinsins
1313 2357 1478 2417 verissime
1589 2393 1590 2402 2

283 2461 421 2541 scripsit,
447 2478 543 2540 quem
559 2467 686 2522 secutus
708 2477 792 2521 auno
808 2478 923 2522 ιοοοιιι
938 2460 1156 2523 Lachmauuus
1173 2469 1259 2522 recte
1281 2459 1326 2521 ait
1344 2459 1479 2543 ‘dipoom

283 2565 353 2625 love
375 2563 515 2645 puellam
538 2561 655 2624 irustra
679 2571 804 2642 narrat,
830 2583 900 2625 oum
925 2573 1078 2645 sequatur
1100 2565 1161 2626 Illo
1182 2563 1248 2627 suis
1271 2561 1373 2624 uerbis
1396 2569 1481 2646 ceput

283 2685 390 2728 emere
413 2665 535 2728 lovem)
579 2683 641 2728 non
672 2663 732 2728 luit
761 2665 846 2728 enim
877 2676 940 2729 tam
970 2666 1122 2748 pauperis
1144 2661 1272 2746 'ingenii
1296 2666 1480 2747 Propertius

283 2780 318 2833 ut
347 2769 443 2831 nimis
471 2768 586 2831 similia
615 2770 657 2831 ita
687 2769 905 2850 coniungeret.
953 2789 1033 2852 quas
1061 2788 1162 2850 nugas
1192 2768 1420 2850 llertzbergius
1447 2770 1479 2830 iu

282 2875 341 2936 hoc
357 2872 492 2935 disticho
515 2875 709 2935 coacervarit
725 2891 886 2955 exponere
900 2893 1016 2955 operae
1031 2863 1174 2955 pretium
1193 2881 1332 2937 nonest.
1367 2892 1480 2936 verum

182 2973 185 2994 ¹
283 2976 501 3040 Lachmauuus
522 2995 650 3057 quoque
673 2996 745 3039 cum
775 2985 842 3038 tres
870 2975 933 3038 dici
963 2977 1078 3040 Ledam
1108 2995 1179 3040 cum
1204 2975 1321 3038 llelcna
1350 2985 1384 3039 et
1407 2976 1481 3058 Gly-

283 3091 475 3144 taomncstra
497 3081 639 3162 putavit,
673 3080 779 3161 lapsus
808 3090 857 3142 est
881 3099 941 3162 per
963 3099 1116 3144 errorem.
1164 3099 1237 3142 nam
1260 3080 1315 3160 qui
1341 3081 1480 3162 puellam

282 3184 374 3247 modo
396 3183 498 3248 Ledae
526 3183 702 3265 proximam
725 3182 853 3246 dixerat
881 3202 944 3247 uon
973 3185 1075 3266 potuit
1104 3185 1150 3247 sic
1173 3183 1321 3245 continuo
1344 3182 1481 3246 eandem

283 3287 394 3350 eadem
412 3285 494 3349 Leda
511 3288 681 3368 gratiorem
697 3285 818 3350 dicere.
858 3306 935 3349 vera
952 3289 1102 3350 carminis
1119 3285 1351 3368 interpretatio,
1370 3306 1479 3368 quam,

283 3391 344 3452 uisi
362 3389 512 3469 fallimur,
538 3391 633 3452 otiam
650 3390 868 3454 Lachmauuus
883 3401 991 3472 postea
1008 3392 1143 3470 invenit,
1169 3391 1247 3452 haec
1262 3399 1362 3452 estut
1378 3389 1483 3454 Ledae

256 3502 408 3574 spartum
438 3503 505 3556 tres
535 3496 604 3556 eius
634 3494 715 3556 filias
744 3513 814 3557 esse
847 3495 1078 3576 intellegamus.
1132 3481 1258 3557 οιιιιιίιιι1
1286 3491 1483 3574 Agamemno

281 3595 470 3678 Euripidius
493 3598 525 3659 iu
549 3597 712 3678 iphigenia
736 3599 769 3660 in
784 3597 899 3662 Aulide
923 3618 954 3660 v.
974 3600 1013 3660 tu
1031 3598 1214 3676 haecdicit,
1239 3594 1377 3681 ἰγένοντο
1394 3591 1485 3681 Λήδᾳ

280 3693 422 3764 Θεστιάδι
450 3699 529 3787 τρεῖς
557 3699 723 3787 παρθένοι,
756 3699 874 3787 Φοίβη,
888 3783 894 3795 ⁸
907 3696 1160 3787 Κλυταιμνήστρα
1181 3695 1211 3764 τ’
1242 3695 1301 3785 ὲμή
1325 3693 1482 3785 ξυνάορος,

274 3797 383 3888 Ἑλένη
406 3825 450 3867 τε.
498 3803 684 3885 Euripidem
708 3807 829 3887 pariter
851 3825 888 3870 ao
911 3807 1094 3887 Propertius
1117 3815 1246 3868 secutus
1269 3813 1319 3866 est
1341 3803 1483 3868 imitator

280 3906 386 3969 Ovidii
418 3908 449 3968 in
479 3908 615 3989 epistula
645 3910 834 3971 llcrmionae
864 3927 895 3970 v.
922 3907 962 3970 75
986 3929 1029 3970 ss.
1062 3918 1167 3990 rapta,
1200 3908 1323 3990 inquit,
1360 3909 1483 3971 lleleua

280 4013 382 4073 omnio
409 4012 525 4088 luctus,
560 4012 670 4074 Omnia
700 4013 821 4075 solliciti
845 4013 940 4094 pleno
969 4013 1086 4075 timoris
1115 4019 1214 4074 ονοιιι.
1267 4010 1371 4074 Flebat
1402 4031 1484 4076 ouras

282 4113 449 4195 Phoebeque
471 4133 561 4176 soror
578 4114 756 4197 fratresque
777 4116 912 4199 pemelli,
940 4115 1057 4179 Orabat
1078 4133 1205 4198 superos
1228 4115 1311 4178 Ledo
1332 4134 1484 4199 erumpite

281 4221 391 4279 lovem.
432 4215 557 4280 codices
574 4216 617 4278 ibi
638 4217 802 4302 phoebique
825 4217 954 4298 habent,
981 4219 1066 4302 quod
1081 4218 1237 4302 quomodo
1253 4219 1484 4300 corrigendum

281 4330 365 4384 esset
387 4321 570 4384 lieziriacus
594 4330 625 4382 et
648 4321 798 4385 lleiusius
822 4323 1061 4386 intellexerunt.
1194 4408 1196 4411 Ι

369 4423 447 4485 llinc
474 4422 514 4486 ad
544 4422 631 4487 eliud
663 4426 815 4507 Propertii
845 4444 972 4490 carmen
1002 4446 1060 4490 uos
1089 4427 1321 4506 convertimus,
1354 4427 1388 4488 iu
1420 4449 1485 4510 quo
