3240 5094
349 313 421 384 422
644 327 730 386 laona
754 345 915 388 ιιιοτιοννιι
939 345 1114 388 ιιετινιιινιι
1139 327 1232 386 tuto.

348 525 454 578 contra
483 515 556 577 lihri
587 515 627 576 ab
652 515 792 577 llelladio
822 517 997 578 litterarum
1027 514 1138 576 ordine
1168 517 1279 596 scripti
1302 517 1411 578 mentio
1432 515 1460 576 fit
1480 516 1505 575 in

325 620 408 681 talio
431 620 546 681 scholio
568 606 780 699 Oriba'siano‚
806 629 829 680 t.
848 638 881 680 ιιι
906 640 937 701 p.
963 620 1024 679 688
1050 618 1106 696 tt,
1136 611 1212 703 κόαρ
1235 611 1254 703 ἢ
1278 613 1311 681 τό
1332 621 1383 702 τῆς
1403 611 1509 703 βελόνης

347 715 504 806 τρόπημα,
537 716 578 794 ὡς
594 716 759 794 (Ελλάδιος
788 715 804 785 ό
830 717 884 806 τὴν
914 716 1028 805 πολλὴν
1057 723 1164 807 χρῆσιν
1187 717 1362 806 συναγαγὼν
1384 720 1511 786 δείκνυσιν

347 825 379 888 ἐν
405 829 448 912 τῷ
471 838 489 889 κ
512 823 662 912 στοιχείῳ,
708 825 856 911 κέχρηται
884 823 917 888 δὲ
945 821 997 889 καὶ
1012 819 1208 910 Ἱπποκράτης
1237 850 1273 911 τη
1304 826 1388 897 λέξει.
1431 828 1511 887 etiam

348 929 400 991 hio
423 929 643 1010 adgnoscimus
666 928 881 1001 111οιιιΛέξεως
903 928 1045 1000 παντοίας
1066 931 1174 1014 χρῆσιν
1197 949 1301 1010 neque
1317 928 1513 992 dubitabimus

349 1033 535 1114 intellegere
557 1027 818 1120 πολυστιχιότατον
847 1033 926 1096 111υι1
956 1026 1068 1103 λεξικὸν
1096 1027 1174 1096 κατὰ
1201 1031 1348 1116 στοιχεῖον
1364 1027 1514 1098 Ἓλλαδίου

348 1136 388 1199 de
412 1156 474 1217 quo
498 1137 625 1199 Photius
647 1137 728 1199 dixit
750 1136 831 1198 Bibl.
856 1157 888 1218 p.
915 1132 977 1197 98¹²
1002 1138 1040 1198 to
1065 1145 1149 1217 etp.
1178 1137 1258 1198 l00⁸
1279 1137 1333 1196 38.

432 1237 481 1301 Ad
497 1239 631 1302 eandem
645 1240 776 1303 llelladii
793 1237 910 1326 Χρῆσιν
927 1240 1095 1303 referimus
1110 1239 1194 1320 quod
1209 1239 1353 1302 adfertur
1369 1241 1399 1300 in
1415 1241 1514 1302 scholio
1585 1249 1586 1252 ’

349 1343 380 1406 in
404 1340 584 1406 Oribasium
608 1352 630 1405 1.
656 1363 678 1404 ιι
701 1363 733 1423 p.
760 1343 821 1406 716
845 1346 876 1422 6,
902 1343 1058 1428 δρυπεπεῖς
1080 1339 1183 1414 ἐλαίας
1204 1339 1308 1427 ἔλεγον
1330 1337 1382 1414 τάς
1403 1339 1512 1406 ἐπὶτῶν

349 1445 477 1531 δένδρων
500 1447 737 1530 πεπαινομένας·
762 1450 1010 1534 καταχρηστικῶς
1025 1442 1083 1531 γάρ
1098 1440 1194 1510 πάντα
1208 1441 1245 1510 τά
1262 1445 1370 1531 δένδρα
1391 1443 1438 1510 καλ
1454 1440 1513 1516 ξόλα

349 1544 440 1634 δρόας
462 1544 599 1618 ἐκάλουν.
644 1550 781 1614 ἐντεῦθεν
804 1546 854 1616 καί
878 1545 1061 1638 δρυφάκτους
1090 1546 1143 1622 τάς
1164 1547 1318 1634 κιγκλίδας
1340 1547 1390 1614 καὶ
1410 1545 1444 1614 τά
1463 1573 1512 1612 σα-

349 1646 504 1736 νιδιόματα
526 1650 577 1718 καλ
599 1649 652 1728 τάς
673 1651 821 1738 κλίμακας
847 1649 1085 1740 προσηγόρευον,
1117 1647 1158 1726 ὡς
1185 1649 1237 1717 καί
1258 1658 1353 1718 ταῦτα
1368 1647 1513 1724 ‘Euthia

349 1779 451 1842 φησιν.

434 1861 615 1942 Stephanus
637 1864 806 1943 Byzantius
829 1865 861 1925 in
880 1857 1047 1946 Ἀγβάτανα
1069 1883 1101 1942 ρ.
1130 1861 1167 1922 11
1192 1861 1210 1920 5
1234 1862 1313 1924 haee
1337 1861 1443 1936 habet,
1470 1857 1511 1924 καί

343 1958 509 2036 (Ελλάδιος
531 1963 563 2026 ἐν
585 1968 629 2050 τῷ
650 1969 671 2028 ei
692 1963 831 2051 στοιχείῳ
852 1964 999 2050 παρέθετο
1020 1959 1054 2028 τὸ
1077 1959 1194 2030 ἐδνικόν
1208 1958 1432 2050 Ἀγβατανηνός.
1472 1966 1513 2025 in·

350 2067 565 2148 tellegendum
588 2087 658 2132 esse
681 2069 814 2150 adparet
836 2069 867 2132 ἐν
890 2073 934 2154 τῷ
955 2071 976 2133 oi
998 2067 1138 2154 στοιχείῳ
1156 2062 1316 2153 Χρήσεως.
1362 2089 1400 2130 ex
1420 2067 1512 2132 σιάοιο

351 2172 447 2252 igitur
469 2181 629 2253 sumptum
652 2191 722 2236 esse
744 2173 927 2254 putabimus
950 2171 1036 2254 quod
1052 2171 1137 2236 idem
1153 2173 1335 2253 Stephanus
1349 2174 1383 2252 in
1398 2165 1513 2256 Βήρυτοτ

331 2279 383 2356 ’ρ.
411 2275 471 2336 167
496 2276 533 2336 to
557 2273 680 2355 adfert,
704 2269 847 2348 Ἱστιαῖος
876 2271 904 2339 δ’
930 2275 962 2339 ἐν
990 2269 1094 2361 προότη
1124 2269 1177 2359 τὴν
1209 2269 1295 2360 ἰσχδν
1324 2273 1441 2360 βηρουτί
1469 2274 1513 2354 [ita

350 2376 425 2438 libri
455 2387 486 2440 et
515 2379 696 2442 Eustathius
726 2381 759 2440 in
789 2381 929 2462 Dionysii
953 2380 1074 2460 Perieg.
1107 2400 1139 2460 p.
1164 2378 1226 2441 277
1251 2381 1309 2442 33:
1342 2373 1447 2464 βηροότ
1466 2381 1512 2440 llo

351 2481 487 2566 chartus)
516 2479 657 2554 Φοίνικας
679 2477 856 2566 ὀνομάζειν,
883 2477 941 2568 ἀφ’
968 2474 1004 2546 οὖ
1026 2479 1078 2546 καί
1100 2475 1153 2568 τήν
1175 2476 1295 2562 πόλιν,·
1312 2477 1353 2554 ὧς
1368 2475 1513 2550 Ἑλλάδιός

350 2607 453 2668 φησιν.
499 2585 609 2648 eodem
637 2589 801 2668 pertinent
829 2606 911 2667 quae
939 2588 1090 2668 leguntur
1119 2587 1152 2648 in
1179 2586 1306 2648 scholiis
1335 2587 1368 2648 in
1394 2585 1513 2665 Dionysii
1585 2597 1586 2646 t

352 2690 472 2770 Perieg.
498 2690 553 2750 911
582 2710 615 2771 p.
641 2692 721 2772 362,
753 2682 847 2764 οὕτως
876 2684 1089 2762 όἝλλάδιος·
1121 2683 1178 2776 βὴρ
1206 2683 1263 2774 γάρ
1284 2683 1318 2754 τό
1340 2688 1434 2774 φρέαρ
1452 2681 1510 2770 παρ’
1585 2709 1586 2732 ¹

348 2786 521 2877 Ἀσσυρίοις.
568 2789 598 2857 οἳ
619 2790 653 2856 δὲ
674 2786 720 2858 ότι
742 2788 871 2880 βηρότου
893 2789 946 2878 τήν
970 2788 1055 2878 ἶσχόν
1078 2816 1179 2878 φασιν.

438 2895 614 2960 Helladium
636 2895 887 2961 Alexandrinum
910 2897 1025 2961 Suides
1055 2891 1132 2962 κατόι
1154 2890 1314 2962 Θεοδόσιον
1336 2889 1515 2981 τὸνβασιλέα

351 2993 401 3062 τόν
416 2997 482 3063 νέον
498 3001 616 3064 vixisse
632 3000 756 3062 seribit:
783 3019 918 3081 quocum
940 3002 1083 3082 eongmit
1106 2999 1190 3081 quod
1206 2999 1247 3062 ah
1263 2999 1375 3063 eodem
1392 3001 1423 3062 in
1439 3017 1514 3080 prae

352 3101 468 3164 latione
484 3104 590 3166 Lexioi
606 3097 738 3167 dieitur‘
748 3099 914 3182 Ελλάδοος,
928 3091 987 3168 Ιἐπὶ
1002 3101 1165 3174 Θεοδοσίου
1179 3106 1232 3168 τοῦ
1253 3100 1334 3166 νέου.
1375 3105 1513 3185 pertinent

352 3207 414 3268 huo
436 3206 567 3270 fortasse
597 3227 679 3288 quae
702 3210 845 3271 Socrates
868 3210 945 3271 llist.
972 3208 1047 3272 eool.
1072 3227 1090 3270 ν
1116 3209 1153 3268 lh
1178 3228 1209 3288 ρ.
1236 3206 1297 3270 275
1321 3207 1388 3270 Val.
1413 3215 1511 3279 narrat,

352 3320 517 3392 postquam
540 3313 685 3393 exposuit
707 3311 746 3376 de
770 3311 865 3374 eaede
888 3309 1097 3376 Alexandriae
1125 3314 1209 3374 inter
1230 3311 1368 3392 gentiles
1390 3319 1419 3374 et
1440 3309 1513 3371 Chri-

352 3414 469 3476 stianos
492 3413 572 3477 faeta
593 3426 724 3497 propter
738 3417 855 3497 templa
872 3415 1037 3496 gentilium
1053 3414 1217 3478 Theodosii
1233 3415 1431 3496 imperatoris
1445 3416 1513 3476 iussu

351 3517 557 3598 aTheophilo
580 3520 725 3600 episeopo
743 3519 865 3600 diruta,
891 3539 972 3600 quae
995 3518 1109 3582 eaedes
1131 3528 1225 3599 atque
1248 3519 1402 3582 tumultus
1422 3513 1513 3580 accidit

352 3640 433 3682 anno
456 3631 527 3701 post
549 3621 709 3686 Christum
733 3643 908 3704 υυοιιιιιιιιι,
941 3616 1033 3708 φόβος
1055 3622 1170 3686 ἐκτῶν
1192 3614 1358 3706 γεγονότων
1380 3618 1442 3706 εἶχε
1462 3613 1513 3686 τοὺς

353 3721 581 3807 ἑλληνίζοντες,
612 3720 784 3798 δεδοικότας
812 3721 865 3812 την
894 3729 947 3790 τοῦ
974 3725 1121 3812 βασιλέως
1152 3719 1262 3811 ὀργήν·
1294 3719 1453 3810 πράξαντες
1471 3716 1513 3806 γάρ

354 3817 374 3890 ά
395 3821 494 3891 ἐδόκει
517 3823 616 3901 αὐτοῖς
638 3825 690 3893 καί
717 3829 782 3902 ταῖς
812 3829 995 3914 μιαιφονίαις
1017 3825 1066 3894 τόν
1089 3823 1184 3913 Θυμόν
1207 3822 1424 3914 ἀποσβέσαντες
1443 3819 1513 3892 ἄλλα

354 3925 475 4017 ἀλλαχῆ
498 3926 748 4018 κατεκρόπτοντο·
780 3929 886 3998 πολλοὶ
918 3931 950 3998 δὲ
979 3929 1030 3996 καί
1058 3933 1093 3996 ἐκ
1114 3935 1166 4015 τῆς
1184 3926 1406 4017 Ἀλεξανδρείας
1426 3927 1514 4014 ἔφυγον

353 4029 430 4098 κατά
450 4029 503 4110 τάς
524 4029 626 4108 πόλεις
650 4031 847 4122 μεριζόμενοι.
895 4029 936 4100 ὧν
958 4027 1036 4121 ἦσαν
1059 4037 1087 4100 ol
1117 4030 1170 4100 δόο
1195 4032 1399 4120 γραμματικοὶ
1415 4023 1514 4098 Ἑλλά-

355 4138 417 4210 διος
438 4135 490 4200 καί
508 4133 705 4223 Ἀμμώνιος,
728 4136 799 4225 παρ’
827 4137 872 4212 οἷς
894 4136 955 4228 ἐγυλ
977 4140 1086 4224 κομιδῆ
1108 4139 1175 4211 νέος
1198 4131 1239 4203 ὢν
1262 4139 1294 4203 ἐν
1316 4141 1354 4223 τῇ
1375 4140 1426 4202 τοῦ
1439 4131 1512 4200 llut-
1585 4145 1586 4174 ί

353 4239 505 4306 σταντίνου
527 4236 613 4306 πόλει
635 4242 790 4329 ἐφοίτησα.
832 4238 996 4316 Ἑλλάδιος
1023 4240 1076 4327 μὲν
1099 4233 1151 4307 σόν
1176 4237 1271 4327 ispali<
1287 4245 1345 4314 ,τοῦ
1367 4235 1433 4313 Διὸς
1453 4235 1512 4302 εἶναι

353 4342 490 4428 ἐλέγετο,
518 4341 684 4430 Ἀμμώνιος
707 4345 740 4410 δὲ
761 4341 902 4431 πιθήκου.
950 4339 1028 4412 odrae
1051 4340 1088 4430 δὴ
1110 4347 1163 4410 τοῦ
1184 4347 1280 4409 κακοῖν
1302 4339 1510 4410 κατασταλέντντ

354 4443 609 4534 συνελαμβάνοντο
631 4453 673 4537 τῷ
695 4447 833 4536 Θεοφίλῳ
854 4446 927 4536 πρός
949 4446 1002 4535 την
1025 4443 1184 4514 κατάλυσιν
1207 4451 1266 4512 τῶν
1289 4453 1370 4512 ναῶν
1392 4439 1407 4512 ό
1427 4469 1455 4508 τε
1472 4443 1509 4523 τῇς
