3204 5104
418 362 506 422 lunnx
528 358 696 422 nacrto'uvn
719 379 897 422 tnsrrvsnvu
922 360 1015 420 lssbb.
1239 345 1309 414 327

131 547 301 624 lassarunt,
334 559 366 608 et
393 547 511 610 babent
539 547 613 610 libri
643 567 706 609 non
729 548 809 610 nulli
833 548 1003 623 laxarunt,
1036 549 1185 610 Erasmus
1207 558 1313 609 autem

130 651 295 730 scripserat
325 651 536 712 lassaveruut:
567 651 652 730 quod
681 652 734 711 alii
766 650 884 713 habent
913 650 1067 712 lamabant
1094 661 1157 711 tam
1180 650 1312 711 stultum

130 761 175 812 est
197 763 230 814 ut
251 752 292 813 ab
314 754 421 832 aliquo
448 752 578 833 probari
608 755 748 834 potuisse
777 754 953 834 permirum
983 755 1034 814 sit.
1081 764 1148 816 tum
1172 751 1255 832 quod
1280 753 1312 812 in

128 855 285 934 plerisque
315 853 407 916 libris
437 858 591 936 scriptum
620 866 669 917 est
696 857 815 917 invenio
837 875 938 935 paene
962 875 1024 918 non
1048 854 1216 917 minusad
1239 873 1314 916 sen-

129 958 253 1026 tentiam
277 958 421 1037 ineptum
444 967 491 1020 est
514 977 608 1038 qnam
626 957 706 1021 illud
720 960 863 1039 aponius
878 960 1026 1020 vitiosum
1043 957 1208 1020 inveniebo.
1255 956 1313 1019 sed

128 1071 198 1120 ante
227 1061 355 1122 alterius
385 1062 418 1120 in
447 1061 568 1139 aliquot
596 1060 688 1122 libris
711 1072 796 1124 recte
819 1060 963 1123 additum
991 1070 1039 1122 est
1061 1063 1156 1136 alter,
1188 1061 1256 1120 sive
1280 1059 1313 1120 id

129 1163 276 1224 remansit
309 1181 351 1224 ex
382 1163 511 1224 meliore
546 1163 721 1244 exemplari
754 1164 823 1226 sive
853 1165 1018 1225 inventum
1047 1172 1096 1224 est
1124 1160 1208 1223 facili
1238 1181 1314 1223 oon-

127 1266 254 1327 ieotura.
306 1276 455 1344 putamus
481 1274 586 1327 autom
617 1266 695 1328 haec
723 1266 852 1328 Annaeo
884 1285 954 1328 esse
987 1263 1203 1343 restituenda,
1236 1271 1314 1345 puta

125 1368 203 1428 enim
218 1367 277 1428 dno
291 1387 368 1428 nvos
390 1347 528 1447 αὲιιὴιεια
549 1387 712 1446 enarrasse,
737 1368 823 1430 ambo
842 1369 948 1449 paria,
973 1387 1066 1449 aeque
1081 1373 1205 1433 eneelsa
1226 1378 1314 1450 utpote

126 1471 294 1552 mapnifioa.
341 1489 435 1531 innan
454 1487 569 1551 puram
584 1489 690 1532 aream
705 1473 837 1551 accepit:
862 1471 925 1533 illio
943 1473 1085 1552 protinus
1108 1491 1182 1553 opus
1205 1475 1310 1535 crevit.

125 1571 254 1634 alterurn
272 1571 477 1653 fundamenta
499 1573 658 1635 lassarunt
682 1575 713 1634 in
735 1574 853 1636 mollem
875 1582 903 1635 et
921 1574 1050 1654 fluidam
1072 1574 1195 1635 ltumum
1218 1578 1314 1637 missa

125 1675 307 1755 multumque
330 1674 444 1736 laboris
467 1673 652 1736 eabaustum
673 1683 719 1736 est
739 1675 812 1736 dum
830 1677 1010 1756 pervenimr
1032 1677 1074 1738 ad
1096 1677 1233 1740 solidum.
1283 1697 1313 1740 m

125 1794 215 1838 nunno
237 1776 383 1858 quidquid
402 1775 476 1858 fecit
496 1778 591 1852 alar,
620 1779 749 1840 alterins
772 1797 885 1860 maana
903 1797 982 1859 pars
1005 1787 1033 1840 et
1054 1779 1206 1862 difficilior
1228 1782 1309 1843 latet.

124 1877 265 1940 breviter
296 1877 416 1941 dictum
445 1889 493 1940 est
522 1879 650 1942 alterins
678 1900 771 1961 pars,
805 1880 863 1942 sed
891 1881 966 1942 satis
992 1893 1097 1943 tamen
1129 1885 1309 1963 perspicue.

124 1981 155 2042 in
180 1981 283 2043 medio
307 1999 376 2042 esse
400 1975 492 2042 nemo
515 1983 615 2044 nescit
638 2001 674 2043 ca
697 1982 761 2043 dici
784 2001 866 2063 quae
889 1985 921 2044 in
945 1985 1110 2064 propatulo
1133 1996 1218 2047 sunt.

207 2083 451 2164 Apertissimum
479 2083 630 2146 mendum
661 2105 724 2146 non
747 2085 1041 2147 animadverterunt
1064 2087 1208 2150 homines
1230 2087 1313 2151 docti

122 2188 155 2246 in
180 2186 314 2265 epistula
338 2187 377 2245 bl
404 2185 435 2245 8.
485 2193 563 2266 puta
591 2187 698 2248 relicta
727 2187 811 2250 nobis
841 2189 1056 2251 medicamenta
1078 2190 1186 2270 quibus
1216 2210 1313 2252 sana-

122 2289 230 2348 rentur
259 2289 339 2350 oculi
350 2337 353 2344 .
388 2307 448 2348 noa
478 2307 552 2368 opus
579 2296 624 2350 est
651 2288 725 2350 milri
746 2291 811 2351 alia
832 2309 996 2371 quaerere,
1029 2292 1083 2354 sal
1111 2292 1184 2356 ltaec
1212 2301 1312 2355 mnan

122 2390 234 2452 morbis
265 2399 293 2452 et
314 2389 496 2470 temporibus
519 2391 656 2472 aptanda
677 2399 759 2453 sunt.
806 2392 860 2454 lzoe
881 2396 1033 2474 asperitas
1064 2395 1218 2458 oculorum
1241 2417 1313 2458 con-

121 2493 259 2567 teratur,
291 2493 344 2554 boe
370 2491 592 2572 palpebrarum
619 2494 791 2556 crassitudo
821 2503 979 2572 tenuatur,
1010 2496 1064 2559 lroo
1086 2501 1134 2560 uis
1163 2499 1263 2561 subita
1286 2509 1314 2562 et

120 2593 229 2655 liumor
257 2597 426 2671 avertitur,
459 2594 512 2655 boc
540 2597 663 2656 acuitur
692 2599 796 2658 uisus:
826 2605 908 2659 teras
939 2603 999 2660 ista
1027 2608 1140 2680 oportet
1168 2610 1195 2663 et
1217 2603 1312 2685 elipas

120 2706 253 2778 tempus,
279 2697 422 2758 adhibeas
438 2697 568 2779 sinpulis
584 2698 714 2758 modum.
761 2688 868 2760 animi¹
885 2701 1020 2761 remedia
1036 2705 1158 2764 inventa
1181 2712 1251 2765 sunt
1273 2705 1311 2766 ab
1323 2721 1354 2768 st

120 2803 274 2881 antiquis.-
298 2799 441 2880 quamodo
457 2807 557 2861 autem
572 2800 793 2862 admoveantur
815 2809 869 2863 ant
891 2803 1010 2882 quando
1032 2808 1132 2866 nostri
1152 2809 1252 2885 operis
1269 2815 1313 2868 est

119 2921 280 2983 quaerere.
334 2901 490 2964 vellemus
517 2903 598 2962 sciro
627 2922 708 2983 quae
739 2905 798 2965 ista
828 2907 874 2966 uis
897 2905 998 2967 subita
1026 2907 1066 2968 sit
1096 2917 1126 2968 et
1156 2910 1311 2988 quomodo

119 3025 190 3066 cum
222 3022 333 3067 umore
364 3005 512 3083 coniungi
536 3007 647 3084 possit,
681 3015 747 3067 tum
771 3007 856 3085 quali
884 3007 1111 3072 medicamento
1135 3011 1183 3072 vis
1206 3011 1311 3092 aliqua

118 3108 224 3170 subita
249 3107 348 3186 possit
369 3107 488 3167 averti:
522 3106 604 3168 docti
629 3109 713 3168 enim
736 3117 841 3170 tacent
864 3111 954 3189 quasi
977 3111 1054 3173 haec
1077 3111 1225 3174 facillima
1248 3117 1312 3176 sint

119 3211 296 3272 intellectu.
350 3209 444 3272 nobis
472 3229 535 3270 non
564 3209 704 3271 difficilia
732 3221 854 3271 tantum
879 3211 1029 3275 videntur
1056 3233 1141 3293 csse,
1173 3215 1230 3278 sed
1253 3217 1312 3277 ab·

117 3312 229 3376 surda.
277 3331 351 3373 nam
379 3313 534 3392 impetum
564 3313 628 3374 diei
658 3313 936 3375 inflammationem
965 3316 1126 3378 oculorum
1152 3320 1309 3397 novimus,

117 3417 181 3476 vim
219 3413 283 3476 dici
316 3434 379 3476 non
413 3408 570 3477 n'ovimus.
625 3423 730 3495 neq'uo
765 3414 851 3496 quod
884 3416 936 3478 bic
963 3421 1118 3499 scriptum
1149 3431 1197 3482 est
1225 3432 1310 3484 reete

117 3530 231 3580 tueare
263 3518 309 3578 eis
338 3536 419 3597 quae
443 3518 476 3579 in
500 3517 622 3598 dialogo
645 3537 662 3578 v
685 3520 752 3579 sive
776 3518 816 3579 de
840 3519 887 3580 ira
909 3539 944 3580 ιιι
968 3521 1007 3582 39
1033 3524 1051 3584 2
1075 3523 1226 3603 legimus,
1261 3543 1311 3586 re-

117 3621 219 3682 media
243 3622 275 3680 in
298 3619 525 3682 remissionibus
545 3628 693 3701 prosunt:
722 3639 775 3682 nec
797 3622 896 3683 oculos
920 3630 1065 3686 tumentes
1088 3627 1306 3706 temptabimus,

118 3727 178 3784 uim
210 3725 357 3804 ripentem
379 3723 523 3784 movenda
552 3725 725 3800 incitaturi,
755 3741 810 3785 neo
837 3732 937 3785 cetera
965 3727 1041 3788 uitia
1070 3728 1142 3789 dum
1167 3728 1309 3809 fervent:

116 3845 189 3886 nam
227 3843 308 3904 qnae
343 3825 407 3885 illic
439 3824 635 3905 significatur
665 3825 766 3906 rigida
796 3826 845 3888 vis
875 3827 976 3888 morbi
1007 3829 1093 3891 nulla
1124 3832 1310 3893 remissione

116 3927 265 4005 emolliti,
296 3945 332 3988 ea
362 3927 414 3988 hio
442 3927 535 4007 plane
564 3928 666 4002 aliena
697 3937 755 3990 est.
806 3939 971 4009 praeterea
1000 3931 1098 3993 subiti
1120 3933 1310 3996 vocabulum

116 4030 232 4092 inutile
256 4039 316 4089 est.
363 4030 444 4089 nihil
467 4030 576 4092 auxilii
599 4028 733 4109 praebet
754 4033 892 4110 optimus
914 4031 997 4094 liber
1020 4035 1157 4114 Pithoei‚
1191 4039 1223 4097 in
1247 4055 1310 4117 quo

115 4133 274 4212 scriptum
298 4141 344 4192 est
366 4131 462 4194 subite
485 4136 583 4194 timor.
633 4141 753 4193 certum
778 4143 824 4194 est
847 4145 952 4196 autem
969 4135 1060 4197 nobis
1077 4139 1227 4200 Senecam
1252 4140 1310 4202 de-

115 4235 202 4296 disse
232 4234 286 4294 boc
308 4252 422 4295 rrrvms
451 4242 478 4297 et
508 4254 595 4296 umor
618 4237 779 4296 auertitur.
827 4236 867 4298 de
889 4238 1002 4317 pituita
1024 4241 1188 4302 oculorum
1211 4243 1309 4303 multa

115 4337 215 4399 babet
239 4336 350 4398 Celsus
374 4355 402 4397 u
427 4339 457 4397 6.
506 4337 590 4398 idem
613 4356 654 4398 vu
679 4337 697 4397 7
719 4337 756 4396 lb
781 4340 926 4419 pituitam
949 4341 990 4401 ab
1014 4361 1123 4404 umore
1148 4347 1234 4406 tenui
1258 4343 1309 4406 di-

114 4440 262 4519 stinguit.
311 4437 496 4500 Scribonius
518 4441 636 4520 Largus
660 4458 668 4500 t
693 4442 732 4500 23
761 4440 851 4503 docet
874 4442 952 4520 quid
976 4443 1154 4508 laciendum
1178 4447 1219 4508 sit
1241 4465 1308 4508 cum
