3240 5094
444 404 534 466 Ιιιιιεκ
556 421 719 466 nomm
743 421 926 466 ιιιειιιιιιινιι
948 389 1053 464 1873.Ι
1266 389 1340 464 487

284 589 335 656 καί
357 593 388 656 ἐν
401 589 471 664 τοῖς
493 587 579 656 ποσίν
602 590 759 676 εἱλουμόνη
776 589 870 677 θηρία
886 586 990 656 δισίκει
1003 589 1055 654 καὶ
1071 591 1223 676 δαίμονας.
1266 591 1343 678 αἱμα

283 693 317 759 δὲ
338 690 413 760 ἐπὰν
434 690 561 781 περὶτὰ
584 687 683 782 ἄρθρα
705 695 881 782 σκιμριοθῆ,
905 692 1017 758 κλωνία
1039 691 1140 780 λαβὼν
1164 697 1244 780 μῖζον
1268 692 1343 782 μετὰ

282 797 417 883 ῥοδίνου,
447 794 498 863 καί
519 793 648 885 ποιήσας
672 799 757 870 ζόσαι
778 799 822 871 είς
842 793 956 886 χύτραν
978 792 1102 885 σύγχριε
1123 795 1173 864 τὸν
1195 805 1343 866 πονοῦντα

282 895 352 966 όλον
374 897 413 975 ὡς
436 897 545 989 ύπάγει
565 903 743 988 κοιμᾶσθαι.
779 899 831 968 καί
853 898 1020 988 ύστεμικαῖς
1041 900 1154 988 γυναιξί
1168 902 1247 968 πάνυ
1263 905 1342 990 βοη-

239 1005 258 1066 θ
282 1005 342 1084 θεῖ,
366 1005 581 1093 στραγγουρίαν
603 1001 695 1072 παύει
716 1002 768 1072 καί
789 1001 986 1072 όπισθοτόνου
1009 1008 1121 1092 ρῆγμα.
1143 1063 1146 1070 .

233 1129 262 1172 ιι
285 1103 404 1193 Ταύτην
427 1105 456 1174 εἴ
475 1133 519 1182 τις
534 1111 622 1197 φορεῖ
635 1105 703 1197 περί
716 1105 750 1175 τὸ
765 1113 866 1194 σῶμα,
892 1101 1000 1182 άπονος
1016 1109 1109 1195 μένει.
1150 1108 1202 1175 καί
1218 1106 1342 1198 ὀφθαλ-

283 1206 355 1296 μούς
385 1207 496 1299 ὠφελεῖ
502 1261 513 1291 ,
548 1208 695 1300 χοιράδας
718 1205 860 1286 άντιάδας
883 1212 1055 1300 στραφυλήν
1078 1209 1187 1278 καὶτὰ
1210 1209 1267 1280 ύπὸ
1288 1210 1342 1300 τῆν

281 1319 441 1400 γλῶσσαν,
471 1307 572 1403 ἄρθρα
593 1341 626 1381 τε
648 1314 699 1382 καί
721 1311 833 1403 νεύρων
861 1311 970 1390 ὀδύνας
992 1315 1044 1382 καί
1066 1312 1208 1395 ὀδόντας,
1239 1313 1341 1404 ψώραν

281 1419 315 1483 ἐκ
338 1418 538 1503 λιμοκτονίας,
563 1419 675 1507 λοχίαν
698 1419 819 1505 ἔμμηνα
841 1421 1102 1486 κατασπασθέντα.
1149 1421 1181 1486 ἐν
1195 1413 1293 1488 ’όδατι
1308 1420 1342 1486 δὲ

219 1522 257 1585 ίθ
280 1525 400 1610 χλιαρῷ
413 1525 658 1609 προσκλυζομένη
674 1524 717 1596 είς
731 1521 785 1597 τὰς
796 1525 901 1610 χεῖρας
911 1520 985 1612 πρός
997 1520 1108 1611 φόβους
1119 1522 1171 1589 καὶ
1187 1520 1341 1611 βασκοσύ-

280 1649 334 1699 νας
356 1623 406 1692 καί
429 1621 573 1711 δαίμονάς
592 1628 655 1692 ἐστι
674 1622 753 1692 πάνυ
775 1622 866 1711 καλή.
912 1624 959 1692 διὸ
981 1623 1116 1715 λάμβανε
1137 1623 1190 1715 τήν
1214 1623 1341 1715 βοτάνην

280 1721 330 1794 διε
352 1720 436 1802 αύξιι
456 1725 477 1814 ἡ
500 1725 611 1816 σελήνη
634 1727 684 1796 καί
706 1725 795 1815 ἡλίου
817 1725 1041 1804 ἀνατέλλοντος.

241 1827 365 1918 τΑύτη
395 1829 414 1919 ἡ
445 1829 555 1920 βοτάνη
585 1829 600 1899 ‘o
625 1833 677 1919 μὲν
709 1829 799 1922 όρθός
828 1833 917 1900 τείνει
943 1832 978 1900 τδ
1001 1835 1116 1900 αίδοῐον
1145 1831 1219 1900 ύδὲ
1241 1827 1349 1909 ύπτιος.

282 1933 452 2022 ἱημαντικός
474 1939 564 2002 ἐστιν.
612 1933 725 2026 ὠφελεῖ
747 1937 781 2002 δὲ
803 1933 820 2004 δ
842 1933 933 2024 ὀρθός
952 1936 1132 2026 περιαφθείς
1146 1931 1219 2025 πρὸς
1233 1934 1341 2012 πόνους

216 2042 255 2102 ίθ
278 2036 458 2128 ὀφθαλμῶν.
503 2043 584 2108 ποιεῖ
610 2037 682 2129 πρὸς
710 2038 905 2129 άμβλυυιπίαν
936 2037 988 2107 καὶ
1014 2044 1149 2129 κεφαλῆς
1171 2038 1261 2108 πόνον
1284 2032 1340 2108 καὶΙ

279 2138 412 2228 κάματον
427 2141 529 2210 παύει.
559 2143 720 2232 τριφθεῖσα
733 2138 902 2231 μετ’,όζους
916 2141 1064 2233 χοιράδας
1080 2141 1222 2220 δντιάδας
1235 2169 1341 2233 παρα·
1352 2161 1379 2208 ιι

280 2253 385 2334 χρῆμα
406 2244 507 2314 παύει.
548 2241 598 2314 ὅτε
621 2249 655 2314 δέ
676 2273 720 2322 τις
742 2254 866 2337 φρικιῆ,
891 2243 949 2315 ἀπὸ
971 2245 1081 2334 ταύτης
1103 2247 1217 2314 κλωνία
1239 2245 1341 2336 λαβὼν

280 2351 437 2416 κατέναντι
458 2352 548 2438 στῆθι
568 2357 621 2418 τοῦ
635 2356 813 2440 φρικιῶντος
829 2348 931 2438 μόνον,
954 2350 1007 2418 καί
1022 2348 1112 2426 εύθδς
1127 2347 1338 2438 θεραπεύεται.

192 2461 193 2464 ’
225 2475 253 2519 ιι
277 2450 396 2541 Ταύτην
424 2451 478 2541 τῆν
502 2455 660 2540 δίκταμνον
684 2451 813 2543 ξηράνας
839 2455 940 2544 τρίβον
964 2457 996 2521 ίν
1017 2458 1083 2529 ταῖς
1104 2455 1193 2543 χερσί
1214 2481 1268 2521 σου
1290 2454 1342 2521 καὶ

212 2561 253 2622 20
278 2551 319 2632 ιός
349 2551 473 2645 ἄλφιτον
507 2553 637 2644 ποιήσας
665 2556 718 2624 καί
750 2555 852 2647 βαλόν
882 2557 1053 2644 σταλαγμὸν
1082 2556 1164 2626 οἴνου
1193 2557 1261 2645 θίγε
1288 2561 1341 2624 τοῖι

278 2657 427 2748 στόματος.
451 2659 524 2750 πρός
552 2657 651 2729 πάντα
678 2660 736 2750 γὰρ
765 2659 802 2728 τὰ
824 2659 933 2749 ἑρπετά
960 2658 1104 2749 όιρμόζει,
1135 2664 1208 2749 ἕλκη
1233 2661 1340 2728 δὲκαὶ

278 2762 331 2839 τὰς
353 2761 470 2852 σαπράς
491 2761 584 2851 νομάς
606 2767 717 2854 πληροῖ
737 2767 956 2853 προκαθαῖρον.
995 2759 1051 2830 κᾶν
1074 2767 1259 2853 σκολοπισθῆ
1282 2791 1350 2846 τις,.

278 2865 561 2956 προσκατάπλασσε,
584 2866 636 2936 καί
654 2865 779 2942 ἐύθίιος
808 2865 932 2956 σἰφελεῖ.
978 2865 1051 2956 πρὸς
1080 2872 1199 2954 σπλῆνα
1227 2869 1261 2934 δό
1290 2867 1340 2934 καί

278 2968 316 3037 τά
337 2973 369 3037 ὲν
393 2973 584 3060 κροφιμαίοις
609 2969 711 3046 τύποις
731 2969 816 3058 πάθη
840 2972 1063 3060 φλεγμαίνοντα
1083 2968 1276 3038 κατάπλασσε
1299 2969 1340 3048 ὡς

215 3078 257 3140 25
281 3067 405 3163 άλφιτσν
433 3072 574 3162 ποιήσας.
621 3074 689 3162 αἶρε
718 3074 751 3140 δὲ
779 3072 833 3162 τῆν
858 3070 986 3164 βοτάνην
1008 3077 1040 3140 ἐν
1063 3075 1132 3163 ἔαρι
1152 3073 1204 3142 καί
1224 3078 1256 3142 ίν
1278 3077 1340 3150 τοῖς

278 3175 413 3264 καύμασι
434 3178 486 3244 καί
508 3181 540 3244 ἐν
561 3182 605 3266 τῷ
627 3173 822 3267 φθινοπώρῳ.
942 3219 943 3224 1

221 3303 261 3346 ιιι
283 3276 370 3368 Αὕτη
382 3279 402 3369 ῆ
415 3279 526 3370 βοτάνη
537 3278 630 3348 παύει
640 3279 755 3370 ψυγμύν
767 3285 863 3370 βῆχα.
887 3278 961 3369 πρὸς
971 3279 1070 3348 πάντα
1082 3281 1115 3348 δὲ
1126 3278 1164 3348 τὰ
1174 3281 1254 3348 κακοὶ
1265 3283 1338 3369 ἕλκη

280 3381 334 3452 σύν
349 3386 459 3474 ῥοδίνῳ
473 3384 525 3452 καὶ
540 3391 624 3474 κηρῷ
639 3385 760 3453 λυθόντι
774 3382 900 3474 ὠφελεῖ,
913 3382 1042 3471 σπληνὸς
1055 3381 1146 3452 πόνον
1160 3383 1213 3454 καὶ
1229 3387 1340 3452 δυσεν-

278 3489 378 3576 τερίαν
393 3485 557 3576 θεραπεύει
570 3486 728 3576 πινόμενον
744 3486 819 3574 μετὰ
834 3486 916 3556 οἴνου
931 3493 1040 3556 λευκοῦ
1053 3489 1085 3562 ἐζ
1098 3486 1175 3555 ἴσου.
1205 3487 1273 3564 τούς
1285 3491 1340 3556 αἱ-

215 3595 256 3655 30
282 3591 460 3679 μοπτοίκούς
480 3588 731 3680 πρσπστιζόμενον
745 3588 917 3681 θεραπεύει.
956 3587 1030 3688 πρὸς
1043 3588 1141 3658 πάντα
1154 3595 1235 3658 ποιεῖ
1249 3592 1340 3681 λόχια

221 3857 244 3904 ι.
265 3855 320 3911 τοῖς
333 3865 376 3903 om
390 3851 418 3903 Β.
432 3852 442 3919 1}
453 3849 591 3924 είλσυμίνη
603 3854 637 3904 B:
653 3849 667 3905 ό
680 3859 766 3925 φορῶν
779 3853 807 3905 C.
821 3851 831 3918 Η
842 3855 867 3904 A.
884 3851 955 3921 μίξιν
968 3854 997 3913 Β,
1013 3849 1093 3920 μείζω
1105 3853 1134 3905 C.
1148 3851 1158 3920 β
1171 3857 1195 3905 λ.
1210 3851 1296 3925 δπάγη
1309 3857 1339 3916 C,

146 3933 235 3992 ου’·
247 3936 277 3992 A.
292 3937 302 4004 β
319 3941 342 3991 δ.
357 3937 402 3991 καὶ
419 3941 480 4005 post
497 3937 574 3992 παύει
585 3951 630 3990 om
643 3941 673 3992 A.
687 3939 697 4008 β
709 3943 733 3990 δ.
746 3935 801 4008 Τὴν
813 3935 1018 3991 πενταδάκτυλον
1031 3935 1093 3996 είτις
1105 3939 1135 3990 C.
1149 3937 1158 4005 β
1170 3945 1194 3992 9.
1210 3937 1340 4010 έγ*υμοιι-

145 4041 233 4083 τονιας
252 4026 286 4077 A:
307 4019 486 4092 κλιμοκτονίας
505 4027 533 4078 B.
553 4023 563 4092 β
581 4027 621 4076 λδ.
642 4023 705 4096 πρός
724 4026 780 4078 BC:
801 4040 931 4095 ποιειπρος
949 4027 979 4076 A.
1000 4022 1010 4092 Ιγ
1029 4029 1068 4075 ιδ.
1090 4020 1261 4095 Περιστερεὼν
1279 4025 1293 4080 ό
1308 4029 1337 4088 C,

139 4105 175 4167 '0
193 4109 359 4180 περιστιρειδν
377 4107 391 4162 ό
409 4113 438 4163 Β.
462 4109 472 4176 ΙΙ
494 4107 569 4164 τείνει
590 4111 619 4163 τδ
637 4109 734 4164 αίδοϊον
753 4111 805 4162 BC:
827 4109 1006 4163 *αειτονπονον
1019 4113 1046 4162 A.
1071 4109 1082 4176 ΙΙ
1101 4113 1141 4162 n.
1164 4109 1313 4180 διορθασλ
1331 4114 1341 4181 β

149 4201 192 4250 48.
214 4194 289 4266 στῆθι
306 4193 340 4247 B:
362 4209 436 4248 οτατο
455 4197 484 4260 Α,
506 4195 590 4266 στήτω
609 4197 637 4249 C.
656 4195 666 4264 ΙΙ
683 4195 761 4266 μόνον
780 4197 836 4248 Ac:
864 4195 942 4265 μόνος
960 4197 988 4248 Β.
1008 4193 1019 4262 ΙΙ
1037 4199 1077 4248 ιδ.
1098 4191 1201 4266 Ταύτην
1219 4211 1264 4248 om
1283 4199 1312 4252 C.
1332 4199 1342 4266 ίΙ

147 4287 192 4335 Ao.
209 4279 381 4352 σταλαγμίνον
393 4281 442 4334 AB.
457 4280 468 4349 Η
484 4287 528 4334 2⁴.
542 4283 605 4352 πρὸς
617 4287 679 4335 ante
692 4279 757 4352 ἕλκη
769 4283 823 4334 add
836 4285 866 4335 A.
880 4282 891 4351 ΙΙ
907 4269 948 4334 ⁷2³.
963 4279 1192 4354 προσκατιίπλασσε
1205 4284 1233 4335 C.
1251 4281 1260 4351 Ιί
1271 4283 1342 4355 ιδφτ-

146 4369 235 4440 λήσεις
247 4371 276 4422 G.
296 4367 306 4437 ίΙ
323 4371 366 4421 n.
386 4367 503 4440 κρυφίοις
519 4367 569 4420 BC.
589 4367 599 4434 ΙΙ
617 4373 658 4420 ¹5.
681 4365 708 4420 ἐν
727 4372 789 4423 unte
807 4365 862 4438 ίαρι
879 4381 923 4420 om
937 4369 965 4420 G.
986 4371 1047 4420 υιιίο
1064 4367 1103 4439 τῷ
1114 4362 1271 4440 φδινοπιίιριο
1289 4374 1318 4424 A.
1331 4369 1341 4438 ίΙ

147 4461 190 4509 2⁷.
207 4449 396 4524 Ἤλιλίσφακον
413 4451 469 4506 λόει
487 4453 535 4506 BC.
555 4451 565 4522 β
587 4459 629 4506 28.
649 4457 739 4527 κηρῶν
755 4457 785 4507 Β.
804 4453 814 4523 ΙΙ
831 4451 933 4526 λυθῆλλ
949 4456 988 4518 A,
1015 4451 1092 4509 λυθὲν
1111 4455 1141 4518 θ,
1160 4451 1261 4526 ληφθὲν
1279 4455 1309 4508 C.
1330 4455 1341 4524 ΙΙ

147 4539 334 4613 σπληνονπονόι
344 4543 374 4594 A.
393 4537 405 4608 ΙΙ
420 4541 463 4594 19.
484 4553 665 4612 αιμσιττοικους
676 4539 748 4596 λθίλ
768 4539 779 4610 β
795 4543 837 4596 λθ.
857 4544 926 4596 ποιεῖ
937 4553 982 4594 om
994 4541 1025 4595 A.
1044 4538 1055 4610 β
1070 4537 1161 4614 λόχτια
1172 4541 1201 4594 Β.
1214 4539 1226 4611 ΙΙ
