3184 5108
401 383 489 441 laam
513 397 675 440 cnorrouvu
700 361 877 441 lasciviam
907 381 995 439 1863.
1217 364 1290 434 ‘235

195 571 250 646 las,
276 573 337 634 nisi
360 571 446 652 quod
468 570 638 632 draconum
662 569 778 632 caudas
800 569 992 648 habuerunt,
1018 567 1104 631 unde
1126 578 1158 629 et
1174 568 1292 628 Graece

193 673 441 756 dracontopodes
462 673 663 736 dicebantur.

259 795 311 856 50.
352 797 559 856 Minotaurum
589 803 694 856 autem
719 793 793 856 illud
818 793 960 854 deforme
990 799 1162 854 monstrum
1193 793 1225 852 in
1250 791 1293 852 is-

195 897 266 959 dem
291 897 443 960 iabulosis
465 897 656 960 Graecorum
687 896 866 959 fictionibus
889 896 1074 976 depingam,
1106 895 1160 975 qui
1192 894 1293 956 tauri-

133 1002 150 1061 5
193 1021 268 1063 nmn
285 1011 379 1083 caput
403 1000 512 1064 hahuit
535 1011 566 1062 et
589 1001 729 1063 inclusus
752 1000 931 1081 labyrintho
954 1010 1017 1060 tam
1040 999 1174 1060 elamore
1197 1017 1291 1078 quam

193 1105 316 1185 mugitu
348 1105 539 1184 ingemuisse
569 1104 773 1180 describitur,
805 1105 878 1184 quia
908 1102 1036 1164 domum
1066 1102 1150 1163 illam
1181 1102 1292 1162 Cretae

193 1207 302 1288 egredi
328 1227 390 1270 non
415 1209 529 1290 potuit,
559 1227 640 1288 quae
663 1209 748 1270 mille
772 1206 948 1288 parietibus
972 1207 1126 1267 intextum
1151 1223 1291 1266 errorem

192 1312 315 1374 habuit.

256 1433 309 1492 5⁴.
351 1433 460 1516 Erycis
490 1451 616 1514 quoque
647 1431 801 1494 bellorum
833 1432 1040 1492 instrumenta
1071 1449 1194 1490 omnem
1226 1449 1293 1490 mo-

116 1537 147 1596 to
190 1535 268 1598 dum
293 1537 464 1598 humanum
482 1535 665 1598 excedentia
691 1536 850 1615 leguntur.
891 1552 953 1595 non
976 1543 1080 1596 tamen
1103 1543 1289 1611 arausicum,

190 1650 240 1700 set
260 1641 351 1700 homo
371 1649 542 1701 monstrosa
565 1637 782 1719 magnitudine
802 1638 871 1699 luit.
908 1638 997 1700 euius
1013 1638 1149 1718 clipeum
1171 1645 1291 1716 septem

190 1745 277 1804 coria
299 1743 393 1806 boum
418 1743 501 1804 lerro
524 1763 559 1804 ac
582 1741 710 1823 plumbo
733 1751 862 1803 consuta
885 1739 1046 1821 tegebant.

256 1863 309 1924 52.
352 1865 390 1924 Fa
419 1863 577 1923 Tritonem
605 1864 706 1942 eapite
736 1863 887 1938 humano,
921 1873 1048 1942 pectore
1071 1859 1229 1938 semifero,
1262 1871 1293 1920 et

190 1967 341 2029 deorsum
376 1963 416 2026 ah
450 1965 598 2026 ruubilico
633 1965 773 2046 piscihus
806 1965 957 2026 dixerunt
990 1965 1144 2042 similem,
1180 1965 1291 2044 quiin

114 2071 147 2129 t5
190 2069 419 2152 Aegyptiorum
442 2071 520 2130 mari
539 2069 705 2149 Carpathio
728 2079 757 2131 et
773 2069 855 2130 circa
878 2087 948 2130 oras
964 2068 1069 2129 italiae
1086 2069 1172 2130 visus
1196 2068 1291 2129 luisse

190 2173 397 2236 describitur.
445 2182 475 2234 et
497 2183 604 2235 utrum
626 2173 785 2234 aTritone
802 2171 917 2252 bilmae
941 2169 1055 2252 palude
1077 2192 1117 2233 an
1140 2171 1230 2252 palus
1251 2169 1292 2232 ah

189 2279 242 2339 illo
267 2279 326 2338 hoo
347 2297 461 2339 nomen
486 2276 620 2338 inditum
643 2276 803 2359 possideat
826 2277 998 2356 ignoratur.

147 2433 150 2442 .
257 2399 310 2458 53.
351 2400 468 2460 Ferunt
490 2408 520 2460 et
543 2399 703 2460 hominum
727 2417 827 2479 genus
842 2417 910 2459 esse
934 2395 994 2460 sub
1009 2396 1085 2458 orbe
1108 2417 1186 2477 quos
1208 2397 1292 2458 anti-

190 2501 290 2584 podas
313 2512 436 2582 vorant,
467 2512 498 2562 et
520 2500 696 2564 seeundum
727 2502 809 2562 illam
834 2501 942 2562 Graeci
974 2501 1110 2562 nominis
1133 2502 1293 2580 interpre-

108 2607 144 2672 20
190 2607 343 2668 tationem
382 2606 479 2668 imum
509 2604 595 2666 orbis
630 2604 762 2668 lundam
795 2604 835 2667 ad
865 2615 970 2668 nostra
1000 2604 1132 2685 vestigia
1166 2623 1291 2666 sursum

191 2709 323 2772 directis
346 2708 483 2789 pedibus
505 2695 646 2770 calcant*

194 2974 216 3018 t.
236 2969 498 3020 eoudesdreoonum
513 2969 541 3018 ii.
630 2975 656 3019 s.
676 2967 890 3032 dracontopedes
904 2967 956 3018 Ali.
1012 2969 1075 3017 hooc
1092 2972 1195 3028 sumpto
1213 2961 1291 3016 eliuss

103 3057 148 3118 Ani
166 3057 384 3120 recognitionibus
404 3054 569 3106 clementinis
588 3070 594 3104 ι
614 3059 657 3117 29,
677 3055 739 3104 erlo
757 3067 826 3104 nona
846 3055 1016 3117 generatione
1036 3055 1182 3103 nascuntur
1200 3054 1315 3116 gigan--

106 3146 144 3190 tes
162 3142 201 3192 illi
221 3143 267 3207 qui
286 3157 301 3192 a
320 3141 429 3192 saeculo
448 3142 628 3199 nominantur,
651 3154 703 3190 non
722 3137 935 3208 hpoeomdneiee‚
956 3142 986 3189 ut
1003 3141 1167 3190 Graecorum
1187 3137 1291 3188 inbutae

106 3227 201 3288 ierom,
229 3229 278 3280 sed
297 3228 438 3278 immensis
456 3226 614 3292 corporibus
633 3227 712 3286 editi;
741 3238 857 3292 quonam
875 3225 962 3276 adhue
986 3225 1018 3276 ad
1039 3225 1168 3276 indicium
1193 3226 1219 3274 in
1239 3237 1291 3274 non

105 3314 185 3364 nullis
205 3315 272 3364 locis
291 3327 352 3364 ossa
375 3315 521 3364 immensae
548 3313 738 3377 magnitudinis
763 3311 949 3363 ostenduntur.
1040 3317 1063 3363 a.
1085 3324 1108 3360 m
1130 3319 1184 3374 tmu
1204 3311 1233 3371 ii)
1255 3311 1292 3360 De

105 3401 259 3452 minotauro
278 3401 330 3450 Ali.
402 3399 581 3450 Minotaurum
608 3383 643 3449 li.¹
709 3399 814 3449 hisdem
836 3399 889 3448 AB.
979 3401 1002 3448 t.
1031 3398 1126 3448 tabulis
1150 3411 1291 3462 grecorum

105 3485 171 3536 fictis
191 3489 221 3538 A.
295 3486 464 3551 depingunt?
551 3489 575 3535 ⁵.
596 3484 671 3535 abuit
688 3487 717 3535 A.
791 3482 950 3535 inclusisti.
1009 3485 1076 3535 labis
1095 3485 1150 3533 into
1169 3485 1198 3542 A,
1219 3483 1294 3534 labor

105 3574 227 3624 inteoli.
336 3577 360 3623 6.
381 3572 537 3624 discribitur
555 3573 584 3622 A.
667 3573 739 3622 creta
760 3571 898 3628 increata
916 3572 945 3621 A.
1052 3574 1077 3620 t.
1097 3583 1178 3634 quern
1197 3570 1241 3620 ille
1261 3571 1290 3620 A.

103 3661 170 3723 eoas.
192 3658 637 3724 l'erp.Aen.r12⁵etv588as.
728 3663 752 3708 9.
774 3671 807 3706 cu
827 3657 864 3708 De
883 3659 954 3706 erice
973 3659 1002 3716 A,
1029 3671 1069 3705 mr
1089 3656 1127 3706 De
1145 3655 1233 3720 Eryoe
1253 3657 1293 3707 A?

106 3745 265 3796 ErioisAli.
356 3748 396 3796 to.
419 3743 535 3794 humana
555 3746 583 3794 A.
657 3745 755 3808 tamen]
777 3747 879 3793 tanturn
900 3745 928 3802 A,
954 3744 1042 3793 omli.
1128 3745 1168 3790 tt.
1189 3747 1291 3807 septem

103 3833 136 3882 A:
163 3845 211 3882 vur
232 3833 261 3882 li.
299 3831 367 3892 coos.
392 3831 464 3894 l'erq.
484 3830 548 3880 Aea.
568 3845 584 3879 r
603 3831 660 3880 tot.
752 3833 791 3880 tt.
813 3829 913 3879 hovum
935 3831 963 3880 li.
1035 3829 1213 3880 consueuit.

104 3923 142 3968 ⁴³.
166 3931 212 3967 cm
235 3921 276 3980 tur
295 3919 324 3978 A)
352 3917 388 3965 De
408 3918 505 3966 tritone
525 3917 576 3967 AB.
684 3919 725 3966 tt.
751 3917 777 3964 in
801 3929 842 3966 om
861 3915 888 3965 A.
980 3919 1019 3964 tt.
1046 3917 1235 3980 egyptiuorum
1261 3914 1291 3972 A,

102 4005 248 4068 egitiorum
268 4005 297 4053 li.
369 4004 487 4066 carpello
506 4003 536 4061 A,
561 4003 705 4066 carpaticio
722 4003 752 4052 B.
831 4007 871 4052 to.
893 4001 1046 4052 discribitur
1064 4003 1094 4052 A.
1168 4005 1207 4050 tr.
1231 4014 1291 4065 poe-

103 4090 196 4140 sedeet
216 4091 246 4148 A,
277 4089 432 4153 possidebat
451 4090 478 4140 li.
538 4088 697 4138 Claudianus
716 4089 746 4138 de
763 4093 836 4151 nupt.
858 4089 922 4138 uon.
943 4093 967 4138 et
986 4090 1054 4140 Mor.
1071 4092 1118 4138 itti
1139 4087 1224 4152 pelagi
1244 4087 1293 4138 sub

103 4175 233 4228 duotthus
254 4173 308 4225 ibat
326 4175 463 4239 Carpathii
482 4175 581 4225 Triton.
673 4179 712 4224 ts.
735 4187 788 4224 mm
809 4174 846 4224 De
864 4174 1005 4239 antipodas
1023 4175 1052 4234 A,
1086 4189 1125 4224 cvr
1146 4173 1293 4240 Antipodae

104 4263 143 4312 li?
215 4275 276 4312 esse
296 4262 331 4311 li:
356 4261 390 4311 ,ia
411 4261 439 4310 A.
529 4265 571 4310 2⁰.
593 4260 695 4310 bimum
715 4260 744 4309 A.
817 4259 976 4325 profundam
996 4261 1024 4310 A.
1114 4264 1154 4310 it.
1176 4261 1293 4312 derectis

103 4349 130 4399 A.
186 4349 303 4400 isidorus
327 4351 392 4411 erip.
408 4351 463 4395 ιη
486 4349 533 4395 tae
560 4347 611 4396 iam
637 4359 701 4397 vero
725 4346 752 4395 hl
772 4347 816 4410 qui
841 4346 984 4410 antipodae
1010 4345 1137 4397 dicuntur
1161 4361 1193 4399 eo
1218 4348 1292 4412 quod

78 4501 80 4506 Ι
103 4435 232 4486 conmorit
258 4447 318 4484 esee
342 4433 441 4483 nostris
460 4433 578 4496 vestigiis
597 4434 732 4497 putantur,
764 4437 793 4481 ut
810 4433 886 4495 quasi
911 4432 961 4482 suh
980 4433 1057 4482 terrie
1082 4435 1162 4496 positi
1180 4431 1291 4484 adverso

103 4519 220 4585 mdibns
240 4522 337 4572 nostris
355 4519 459 4570 calcent
475 4517 596 4580 vestigia,
618 4519 691 4572 nulle
709 4521 811 4568 ratione
829 4518 997 4571 credendum
1016 4523 1056 4569 est
1074 4523 1121 4570 eto.
