3184 5108
369 398 458 459 lum
481 414 647 459 merrom
670 414 853 460 stannatum
875 397 968 458 1863.
1189 385 1263 456 257

205 588 262 649 lire
280 587 343 650 mir
363 587 397 648 iu
417 585 485 650 dem
506 587 620 648 winter
636 583 737 668 frtide
758 585 834 648 tter
854 585 1006 667 bmomeo,

125 691 153 754 ti
169 689 273 751 leison
295 695 369 772 wip,
395 690 426 752 si
444 689 550 752 teizen
572 707 656 766 mun,

125 793 203 856 ditm
223 799 372 856 umero
391 791 446 854 diu
467 797 556 854 mdes
578 792 611 854 io
633 790 691 854 boz
714 789 863 854 uacum.
890 867 901 884 ,

125 901 208 960 ouwd
228 895 290 960 doz
313 894 359 958 iet
381 893 704 976 autumationum!

125 997 215 1063 utta
236 997 283 1062 iclt
305 996 405 1060 eatae
426 996 492 1062 citt
512 1003 594 1060 mere

124 1121 193 1166 uon
214 1100 276 1164 doz
298 1099 368 1164 utet
389 1108 470 1164 wort
493 1099 652 1164 ‘uosclio'
695 1101 808 1162 oeno!
837 1100 899 1164 dos
922 1121 1000 1164 waer
1021 1103 1091 1165 alze
1112 1108 1189 1166 stre.

204 1206 314 1268 Zweoe
334 1203 502 1268 heraclidae
521 1203 635 1284 lideoke
656 1201 717 1266 lau
739 1203 787 1266 icit
808 1203 903 1266 mult:

124 1307 168 1374 dt'e
186 1306 336 1390 ducciam
357 1306 438 1370 auci
458 1305 526 1372 dem
547 1306 652 1368 willeri
673 1312 749 1368 uuo.
943 1385 946 1392 .

123 1411 210 1474 liure
228 1416 373 1476 ardescot
395 1409 479 1474 laide
503 1411 589 1474 ‘eset‘
611 1409 677 1472 oud
701 1408 769 1470 ‘der
788 1409 893 1492 poncii

122 1513 259 1597 pulmon
281 1519 299 1575 a
318 1514 348 1576 st'
368 1511 515 1576 missen
537 1521 597 1576 slot.

123 1624 166 1682 ut
188 1619 223 1681 itt
244 1616 354 1695 deone
377 1615 436 1678 dett
457 1616 501 1680 vil
523 1616 651 1679 armeni

123 1738 201 1786 wass
215 1719 263 1784 ἰώ
278 1719 332 1784 obe
344 1721 393 1784 siz
407 1717 483 1782 uouit
496 1721 631 1802 peuiwe,
657 1717 704 1782 tet
718 1717 817 1782 wolde
830 1719 908 1784 miclt
923 1719 986 1780 dur
998 1727 1050 1804 pot
1065 1711 1249 1784 etormet}

86 1823 158 1884 lenis
175 1822 292 1886 subest
312 1822 361 1885 his
376 1820 525 1885 versibus
546 1821 657 1884 inrisio
676 1823 923 1902 superstitionis,
948 1841 1011 1886 non
1029 1822 1194 1888 dissimilis
1216 1825 1294 1888 illar

87 1925 154 1987 iocis
181 1924 303 2007 quibus
329 1925 415 1990 idem
444 1935 538 2007 poeta
565 1923 644 1987 alias
670 1924 712 2007 (p.
732 1923 783 2008 tt)
810 1925 1003 1988 somniorum
1033 1928 1270 2007 interpretatio-

86 2047 150 2092 nem
172 2029 373 2111 perstringit.
420 2029 454 2092 in
477 2047 514 2091 eo
529 2038 635 2092 autem
649 2047 747 2090 versu
762 2047 824 2109 quo
846 2030 958 2092 eunus
978 2039 1012 2090 et
1032 2030 1163 2092 cuculus
1184 2049 1270 2094 oom-

86 2141 295 2196 memorantur
312 2131 507 2196 dissentiunt
529 2133 615 2194 inter
637 2151 671 2194 se
694 2132 812 2212 scripta
835 2132 1038 2213 exemplaria.
1086 2144 1160 2195 nam
1183 2135 1270 2196 Pari-

85 2234 166 2300 sinus
193 2245 319 2299 tantum
346 2235 430 2298 liber
458 2233 554 2298 habet
581 2235 647 2297 uod
668 2235 725 2297 der
751 2235 856 2318 pouclt,
887 2245 995 2298 contra
1021 2237 1179 2301 Palatinus
1205 2238 1271 2300 uod

84 2337 136 2400 deo
155 2339 263 2423 potati,
288 2339 568 2420 wirzeburgensis
582 2347 688 2402 autem
709 2337 790 2402 uode
811 2339 921 2422 pauci.
967 2340 1047 2402 niltil
1070 2340 1184 2403 horum
1206 2360 1270 2402 non

84 2451 180 2521 potest
204 2441 366 2524 intellegi:
399 2441 458 2504 sed
480 2440 566 2523 quod
588 2441 807 2506 Lachmannus
829 2443 1006 2505 Parisinum
1029 2441 1148 2505 librum
1178 2463 1270 2506 secu-

84 2553 133 2606 tus
153 2555 204 2610 cst
231 2543 415 2627 additisque
444 2565 518 2608 cum
545 2546 675 2608 tertium
697 2545 854 2607 Waltheri
884 2546 1024 2608 earmina
1053 2545 1152 2609 edere
1174 2547 1271 2609 vellet

82 2649 179 2728 signis
200 2649 330 2730 scripsit
353 2647 437 2711 bride
460 2648 548 2714 ‘asel'
569 2647 634 2710 uad
659 2647 726 2710 ‘der
746 2647 865 2732 poucl,’
898 2649 1065 2714 verissime
1089 2669 1162 2712 eum
1185 2649 1272 2712 iudi-

83 2769 166 2814 casse
183 2770 368 2816 censemus:
401 2769 593 2833 quamquam
614 2751 709 2814 aliter·
721 2751 826 2814 visam
845 2761 894 2814 est
915 2753 964 2814 eis
985 2755 1042 2833 qui
1064 2771 1169 2834 nuper
1190 2771 1270 2815 nova

82 2857 259 2918 carminum
285 2855 443 2920 Woltlteri
473 2855 668 2936 exemplaria
696 2855 896 2935 evulgarunt.
954 2856 1158 2936 scripserunt
1185 2859 1271 2918 enlm

83 2958 227 3022 sudden
246 2957 352 3042 pouol,
384 2959 454 3021 sive
476 2957 608 3020 Palatini
631 2957 718 3038 libri,
749 2958 858 3039 optimi
881 2977 957 3021 sane
984 2958 1043 3021 sed
1066 2977 1128 3021 non
1151 2969 1271 3022 temere

82 3079 314 3143 usquequaque
343 3060 515 3142 sequendi,
545 3061 751 3124 veneratione
778 3062 925 3142 parmoti,
957 3062 1028 3124 sive
1055 3080 1199 3125 seorsum
1221 3081 1273 3124 sa-

82 3164 192 3243 piendi
216 3162 398 3245 dulcedine,
428 3174 465 3226 ut
486 3183 582 3245 saepe
604 3164 694 3244 alias,
726 3163 845 3242 inlecti,
875 3165 942 3227 sive
972 3163 1058 3246 quod
1081 3167 1272 3228 Lachmanni

82 3269 274 3331 sententiam
296 3287 360 3330 non
383 3277 605 3349 perceperant.
652 3285 760 3348 neque
783 3268 889 3348 inepte
915 3277 1007 3349 poeta
1029 3273 1216 3350 precaretur
1237 3279 1273 3330 ut

83 3369 204 3433 inimici
233 3389 326 3434 mane
356 3369 443 3434 diras
471 3370 574 3433 cuculi
603 3371 750 3451 asinique
772 3389 866 3433 voces
887 3367 1053 3452 [audirent.
1108 3370 1166 3433 sed
1188 3369 1273 3452 quod

82 3473 245 3536 Parisinus
273 3471 357 3536 liber
384 3473 582 3536 Lachmanno
611 3472 762 3554 praebuit
790 3472 943 3536 eiusmodi
973 3484 1023 3537 est
1055 3485 1091 3537 ut
1118 3474 1209 3537 iacile
1240 3475 1272 3535 in
1337 3503 1341 3522 ·

81 3576 140 3640 alia
163 3577 282 3639 mutari
304 3577 444 3658 potuerit
471 3576 513 3638 ab
542 3577 666 3657 eisqui
697 3595 760 3638 non
786 3576 1029 3658 intellegerent,
1061 3587 1146 3640 recte
1168 3587 1273 3640 autem

82 3680 281 3743 intellectum
312 3682 431 3761 optime
459 3698 494 3741 se
524 3679 643 3742 habere
672 3678 831 3741 videatur.
885 3681 1049 3742 enimvero
1080 3700 1152 3744 cum
1180 3691 1273 3761 pocta

80 3782 158 3845 dicit
195 3783 284 3845 liure
311 3789 455 3845 mitescas
483 3780 566 3845 beide
597 3781 685 3845 ‘etei'
718 3782 784 3844 uod
814 3781 886 3844 ‘der'
905 3783 1010 3866 pouclt'
1037 3783 1177 3868 peltoeren
1204 3789 1220 3844 e
1247 3786 1276 3846 si

82 3885 232 3948 eobt'zzert
254 3891 315 3965 sio,
340 3905 403 3948 non
426 3885 566 3948 convicia
588 3894 738 3967 precatur
766 3886 886 3966 iniquis
914 3888 981 3949 suis
1008 3885 1052 3968 (id
1075 3885 1160 3966 quod
1182 3905 1275 3967 pror-

80 4007 135 4052 sus
164 3989 319 4052 abhorret
345 3988 385 4052 ab
411 3988 639 4070 elegantissimi
668 3989 817 4050 carminis
846 3989 1028 4052 urbanitate
1059 3989 1272 4072 selenitem),

81 4091 140 4154 sed
170 4093 232 4155 hoc
264 4101 367 4173 optat,
402 4103 438 4154 ut
471 4091 589 4172 ieiuni,
621 4093 643 4154 i.
669 4111 698 4154 e.
730 4093 883 4155 matutino
917 4104 1079 4174 tempore,
1115 4091 1156 4154 ad
1190 4091 1275 4174 quod

81 4206 214 4278 tempus
246 4193 399 4277 pleraque
434 4193 590 4258 eiusmodi
626 4197 730 4258 omina
766 4197 902 4258 maxime
937 4196 1100 4276 pertinere
1136 4207 1168 4258 et
1200 4196 1275 4258 olim

83 4297 263 4362 eredebant
284 4308 316 4361 et
338 4297 433 4362 hodie
456 4297 592 4362 credunt
614 4299 838 4379 superstitiosi,
864 4300 1035 4362 inominata
1058 4300 1138 4361 asini
1166 4309 1198 4362 et
1220 4319 1276 4362 cu-

82 4403 145 4464 culi
177 4403 307 4464 nomina
341 4401 383 4463 ab
412 4402 518 4484 aliquo
551 4401 689 4483 proferri
725 4400 867 4464 audiant.
920 4400 1006 4483 quod
1040 4403 1277 4484 superstitionis

83 4524 187 4586 genus
212 4523 274 4586 quo
289 4506 380 4585 quasi
402 4504 551 4568 subtilius
572 4515 630 4586 est,
658 4523 695 4568 eo
718 4505 818 4585 magis
834 4507 1086 4568 commemoratio
1110 4505 1179 4568 eius
1202 4524 1279 4567 con-

134 4621 256 4674 llsnptll
269 4621 381 4674 opuscula
396 4621 425 4664 11.
1039 4625 1069 4675 17
