3204 5104
315 356 390 430 310
611 373 699 432 lanu
722 388 888 434 ιιοτιοιννι
912 389 1094 436 uturum!
1112 371 1205 434 4865.

313 571 379 640 est,
409 555 445 624 τὸ
473 557 508 624 δὲ
529 553 582 624 τὰν
606 552 756 645 clippea
784 559 868 632 aaa.
916 559 1037 622 scilicet
1059 559 1186 622 Photius
1211 552 1365 645 ὴὸὁχροος
1388 562 1497 640 inquit,

312 657 345 727 τὸ
368 661 400 728 ἂν
422 656 551 747 γάλακτι
572 654 706 748 ὑπάρχον
737 655 838 748 ἀρνίον
866 657 918 728 ml
947 655 1037 746 μήπω
1066 659 1246 745 repropinata
1273 655 1364 733 πόας.
1409 651 1426 725 ὃ
1456 658 1501 726 rai

314 758 463 850 ἡδύπνοον
486 763 635 849 λέγουσιν.
674 766 792 830 scimus
813 765 908 830 hodie
932 767 965 828 in
981 765 1032 830 his
1053 765 1168 828 litteris
1183 765 1265 830 nihil
1287 785 1391 846 paene
1406 769 1501 847 magis

313 870 425 950 agitari
449 887 544 950 quam
566 879 603 934 ut
625 869 832 949 pervolutatis
861 870 1137 950 grammaticorum
1160 877 1305 932 veterum
1333 867 1428 932 libris
1449 888 1501 932 νο-

314 971 426 1038 cabula
448 970 583 1036 obscura
610 981 642 1036 et
665 971 832 1036 insolentia
860 981 1030 1053 captentur
1056 980 1287 1052 poetarumque
1308 971 1501 1034 carminibus

315 1075 508 1142 inserantur.
556 1093 629 1154 nos,
662 1075 717 1156 qui
740 1075 846 1138 minus
869 1074 1040 1140 didicimus
1061 1067 1213 1158 γλόοοοις
1241 1073 1363 1152 λαλαῖν,
1395 1077 1501 1138 existi-

314 1196 436 1242 mamus
459 1187 492 1240 et
515 1177 645 1242 immani
668 1179 840 1244 mutatione
864 1168 909 1242 ὄιν
939 1168 1060 1262 ὕστερον
1090 1177 1160 1240 lieri
1190 1171 1340 1263 ἃδόχροον
1361 1188 1396 1241 et
1418 1179 1501 1260 peri-

314 1281 418 1346 culosa
446 1279 578 1344 audacia
606 1280 771 1344 Theocrito
801 1280 990 1347 vocabulum
1019 1281 1118 1344 tribui
1146 1279 1232 1362 quod
1261 1299 1326 1362 qua
1356 1281 1501 1344 Graeciae

316 1384 461 1465 regione,
498 1401 560 1464 quo
593 1393 751 1465 tempore,
787 1404 850 1465 quo
883 1385 1039 1448 sermonis
1072 1401 1190 1465 genere
1223 1365 1376 1446 usitatum
1412 1383 1503 1448 irrerit

315 1505 446 1568 prorsus
469 1488 662 1568 ignoramus.
717 1497 882 1568 praeterea
904 1487 1107 1564 Theocritus,
1139 1487 1166 1550 si
1196 1481 1250 1550 τάν
1280 1479 1434 1572 ἁδόχροον
1456 1488 1501 1548 vel

314 1588 385 1656 otae
417 1580 464 1654 ’ὄιν
499 1589 549 1651 vel
582 1589 685 1654 simile
714 1589 837 1672 aliquid
865 1591 917 1652 hic
949 1591 1122 1671 posuisset,
1159 1589 1266 1652 minus
1298 1599 1386 1652 recte
1413 1599 1503 1652 soma

315 1693 495 1775 scripsisset
518 1691 550 1756 ol
573 1689 606 1754 δέ
629 1686 656 1756 κ’
675 1685 789 1778 eptae
806 1686 917 1777 Τήνονς
940 1684 1017 1778 ἔρνα
1031 1691 1152 1778 λαβαῖνε
1178 1689 1318 1756 debebat
1340 1693 1429 1756 enim
1450 1713 1503 1774 po-

315 1797 378 1864 tius
400 1805 548 1876 repetere
572 1793 708 1860 οοπίταν.
754 1796 835 1858 nihil
857 1806 962 1862 autem
981 1797 1109 1858 omnino
1131 1813 1201 1860 csse
1217 1794 1425 1874 mutandum,
1448 1795 1503 1860 sed

314 1893 367 1966 τὰν
397 1889 443 1961 ὄιν
473 1899 674 1964 verissimum
705 1917 775 1962 esee
806 1900 970 1980 intelleget
999 1901 1026 1961 si
1056 1899 1129 1979 quis
1157 1899 1336 1964 accuratius
1364 1900 1503 1962 animum

314 2001 492 2066 adverterit
514 2001 555 2066 ad
578 2003 681 2083 ipsum
705 2000 784 2064 illud
807 2000 840 2064 αἰ
863 1999 896 2064 δέ
919 1996 946 2066 ν’
969 1997 1082 2088 ἀρέσκῃ
1099 1994 1212 2084 Tricam
1233 1990 1312 2086 ἄρνα
1334 2001 1457 2087 λαβεῖν,
1478 2005 1506 2064 rt'

316 2123 387 2168 vera
412 2105 566 2186 placuerit
594 2105 657 2168 itta
685 2123 799 2188 optram
827 2107 975 2186 accipere.
1028 2103 1162 2186 adparet
1189 2105 1274 2169 euim
1303 2103 1503 2186 cogitandum

315 2227 385 2271 esse
409 2206 450 2269 de
473 2208 599 2288 optione
630 2209 714 2272 inter
743 2206 805 2270 duo
836 2208 976 2288 praemia
1002 2206 1198 2270 instituenda
1220 2207 1392 2289 peulloque
1414 2208 1504 2271 aliter

315 2312 494 2391 caprarium
511 2310 699 2392 Thyrsidem
714 2309 845 2374 laudare
869 2329 963 2392 quam
985 2309 1027 2374 ab
1042 2310 1096 2372 illo
1115 2309 1262 2376 laudatus
1276 2321 1357 2374 erat.
1404 2312 1504 2394 Thyr-

315 2416 377 2493 sis,
410 2422 446 2476 ut
473 2415 652 2494 caprarium
681 2414 714 2476 in
743 2423 812 2478 arte
842 2413 946 2478 fistula
969 2412 1104 2479 canendi
1127 2413 1192 2476 solo
1214 2413 1298 2476 Pane
1322 2413 1502 2478 interiorem

290 2535 386 2592 ,esse
410 2516 548 2595 diceret,
573 2517 708 2580 alterum
732 2536 806 2582 eum
829 2518 1005 2598 praemium
1032 2519 1063 2580 in
1081 2517 1253 2580 certamine
1270 2526 1502 2598 reportaturum
1593 2548 1594 2572 ν

317 2639 387 2689 osse
409 2617 600 2686 adfirmavit.
651 2620 693 2684 ‘si
718 2621 795 2684 Pan'
826 2621 931 2701 inquit
962 2619 1110 2702 ‘accipiet
1140 2619 1282 2698 hircum,
1313 2628 1349 2684 tn
1378 2639 1502 2702 capram

316 2724 452 2788 aiterum
475 2723 651 2804 praemium
674 2722 869 2804 reportabis:
903 2725 929 2786 si
953 2742 1031 2786 vero
1053 2741 1148 2804 capra
1170 2732 1202 2785 ct
1224 2722 1345 2802 capella
1366 2725 1503 2804 praemia

317 2825 379 2894 duo
409 2835 521 2904 erunt,
555 2825 607 2888 ille
636 2843 780 2907 capram,
814 2837 846 2890 at
875 2835 910 2891 tu
933 2826 1087 2908 capellum
1110 2823 1266 2890 habebis.¹
1312 2826 1373 2889 elia
1396 2825 1503 2890 laudo

315 2930 411 2994 tionis
433 2929 532 2992 torma
554 2938 587 2993 et
609 2931 709 3010 magis
730 2931 826 2992 etiam
849 2929 984 3010 gratiosa
1007 2929 1172 3011 caprarius
1187 2930 1300 2994 utitur.
1348 2928 1439 3010 lingit
1454 2949 1504 2992 aa·

318 3031 469 3100 nentibue
492 3033 555 3096 duc
577 3034 736 3115 proposita
759 3052 829 3096 esse
852 3035 992 3114 praemia
1015 3034 1101 3096 inter
1116 3051 1198 3114 quae
1219 3033 1381 3113 optionem
1403 3031 1503 3096 iacere

317 3137 515 3218 permittitur
544 3136 668 3200 victori.
715 3137 844 3198 vincent
871 3135 1001 3216 quidem
1024 3155 1149 3215 musae,
1181 3133 1239 3200 sed
1262 3144 1503 3216 utrumcumque

318 3239 390 3305 illae
411 3240 589 3320 praemium
613 3237 812 3320 praeferent,
838 3239 973 3304 alterum
996 3257 1123 3320 semper
1141 3238 1234 3304 cedet
1249 3237 1409 3322 Thyrsidi.
1457 3239 1503 3300 in-

316 3342 496 3422 tellegimus
518 3336 599 3406 οἴιδα
622 3351 653 3408 et
674 3333 720 3406 ὄιν
744 3360 839 3405 unam
862 3339 1062 3422 eandemque
1085 3359 1155 3406 esse
1174 3361 1277 3421 ovem,
1303 3361 1402 3406 unum
1417 3340 1503 3404 euni-

205 3487 212 3496 ·
278 3445 458 3525 rudemque
488 3463 605 3525 agnum
634 3434 712 3529 ἄρνα
742 3441 866 3510 adalrao
897 3455 929 3508 et
958 3435 1052 3529 ἄρνα,
1084 3446 1116 3508 in
1140 3445 1199 3510 hac
1220 3444 1327 3510 sutem
1350 3445 1502 3508 sententie

320 3549 449 3612 minime
472 3567 552 3628 opus
575 3545 673 3612 finisse
695 3557 731 3610 ut
752 3545 876 3612 αανίτον
893 3557 1105 3629 repeteretur.
1151 3547 1271 3612 deinde
1285 3547 1421 3629 adparet
1439 3549 1503 3610 lau·

320 3651 477 3721 dationem
500 3651 643 3732 paullum
665 3653 861 3716 immutatam
885 3651 1111 3732 elegantiorem
1141 3670 1211 3714 esse
1240 3669 1336 3731 quem
1360 3669 1441 3732 quae
1462 3652 1502 3712 si·

320 3753 406 3820 milia
436 3754 530 3835 plane
560 3753 707 3820 similiter
736 3755 840 3818 iterat.
894 3753 1035 3835 denique
1065 3754 1266 3820 manitestum
1289 3755 1352 3816 iem
1373 3761 1422 3816 est
1444 3771 1501 3814 non

320 3856 397 3920 ierri
421 3875 513 3937 posse
535 3855 622 3937 quod
637 3858 897 3922 Henrsterhusius
911 3856 1118 3922 scribendum
1134 3876 1204 3922 esse
1224 3857 1359 3920 coniecit
1373 3845 1500 3940 ὕστερον,

320 3958 378 4024 sed
401 3969 485 4022 recte
516 3979 550 4026 se
580 3959 699 4028 habere
722 3952 862 4046 ὕστερον,
890 3968 1012 4043 postea,
1044 3960 1168 4036 Made,
1199 3957 1233 4024 id
1263 3969 1312 4024 est
1340 3969 1500 4040 postqrmm

320 4080 428 4129 mutae
451 4062 606 4143 elegerint
627 4081 758 4143 agnum.
904 4138 913 4156 ό

406 4166 564 4231 Secuntur
586 4185 658 4228 mox
680 4164 757 4228 inde
778 4185 797 4227 a
818 4184 851 4227 ν.
875 4165 913 4226 tt
937 4184 1018 4246 quae
1041 4163 1241 4231 emendanda
1263 4183 1340 4230 sanc
1362 4185 1434 4230 esee
1457 4165 1499 4224 vi-

320 4267 453 4348 dentur,
478 4267 537 4334 sed
559 4269 652 4332 aliter
672 4279 768 4350 atquo
791 4267 891 4332 doctis
913 4267 1096 4334 hominibus
1119 4269 1248 4350 placuit.

474 4365 554 4436 ἀλλὰ
575 4366 610 4438 τὺ
632 4366 691 4456 γὰρ
714 4364 770 4455 δή,
795 4366 907 4456 Θύροι,
931 4366 968 4436 τὰ
991 4366 1141 4456 Δάφνιδος
1164 4361 1248 4455 ἄλγε’
1275 4363 1371 4443 ἄνοδος

476 4470 527 4538 καὶ
548 4476 601 4547 πᾶς
624 4472 801 4560 βουκολικᾶς
823 4471 872 4538 ἐπὶ
893 4468 926 4538 τὸ
948 4472 1038 4540 πλόον
1059 4469 1124 4540 iseo
1147 4471 1264 4560 μοίοος,
