3184 5108
344 350 418 423 260
637 365 728 426 lanrx
749 381 913 426 ιιιαιιοιιιιι
936 381 1115 425 aasrrrnru
1134 363 1227 424 teet.

317 552 443 614 t01.u
465 573 498 634 p.
520 553 578 614 tlt
602 560 858 631 commemorant,
887 550 946 614 sed
973 551 1112 614 lonicum
1140 545 1269 636 ἀνδρηίη
1292 539 1514 632 poetarum¹qne

339 666 428 718 certa
450 654 644 718 consuetudo
665 665 762 736 atque
784 656 865 737 ipsa,
893 665 929 718 ut
950 653 1090 735 videtur,
1122 655 1278 717 sermonis
1307 656 1385 717 ratio
1412 653 1514 716 eonlir-

341 768 417 822 met.
464 758 503 820 de
532 778 594 839 qua
625 778 660 820 re
690 777 768 821 vere
798 757 949 821 iudicavit
974 757 1151 821 Guilelmus
1178 756 1359 820 Dindorfius
1388 756 1459 820 adn.
1480 756 1513 818 ad

340 860 561 943 Aristophanis
581 861 666 924 Nub.
684 861 759 923 διδ.
805 879 869 924 ιιοιι
891 862 991 942 magis
1012 859 1226 924 dubitandum
1253 859 1352 924 luisse
1381 871 1514 942 putamus

342 964 382 1027 de
411 984 507 1028 versu
537 963 672 1028 decimo.
724 965 878 1046 seriptum
902 963 947 1026 ibi
969 973 1039 1027 arat
1061 957 1102 1037 ὡς
1124 962 1258 1036 emendis
1285 957 1335 1028 τὸν
1364 961 1513 1028 κατασπεί-

342 1061 435 1152 ραντά
457 1091 501 1131 σε.
555 1066 640 1148 quod
669 1087 740 1130 eum
771 1067 862 1130 nihili
891 1085 961 1130 esse
984 1066 1148 1148 viderent,
1179 1067 1233 1130 alii
1262 1068 1322 1130 alia
1352 1077 1515 1148 temptave-

341 1181 434 1252 runt,
466 1190 571 1252 nuper
598 1180 705 1234 autem
734 1171 909 1234 extiterunt
935 1173 991 1252 qui
1021 1181 1206 1252 repeterent
1233 1170 1319 1252 quod
1344 1172 1420 1233 olim
1445 1171 1514 1232 llea-

340 1273 427 1339 thins
456 1275 597 1358 protulit,
627 1268 677 1358 tit
699 1267 939 1376 κατααπιίηᾳιτά
961 1297 1010 1363 με.
1056 1273 1114 1347 sed
1140 1275 1196 1351 vix
1226 1274 1424 1358 intellegitur
1447 1271 1513 1368 quid

338 1395 419 1459 opus
442 1375 538 1440 luerit
559 1390 595 1441 ut
617 1378 787 1458 llereules,
819 1397 891 1440 cum
921 1378 978 1442 uni
1005 1377 1140 1442 liliorum
1170 1375 1273 1440 dotale
1302 1387 1337 1440 et
1365 1376 1514 1440 heredita-

341 1482 423 1543 rium
438 1483 580 1561 Megerae
601 1500 736 1561 regnum
751 1480 939 1560 destinaret,
964 1480 1175 1562 persuaderet
1196 1499 1265 1543 rem
1279 1491 1371 1543 antea
1387 1479 1512 1542 Creonti.

340 1584 435 1652 immo
456 1583 635 1665 parendum
658 1594 726 1652 eret
747 1603 811 1650 non
834 1584 965 1656 lisathio
987 1583 1045 1649 sed
1068 1585 1258 1664 Hermanno,
1283 1585 1339 1665 qui
1362 1584 1513 1652 verissima

340 1686 560 1750 emendatione
591 1687 730 1750 restituit
758 1681 800 1759 ὡς
825 1685 974 1760 teatin<
1002 1681 1053 1754 τδι
1081 1681 1321 1772 ιιιταοπαίραιιιί
1349 1709 1394 1755 σε.
1448 1705 1515 1768 per·

339 1792 444 1871 spexit
466 1792 536 1853 eius
558 1789 788 1860 emendationis
810 1791 1034 1872 praestantiam
1057 1791 1226 1860 Etmsteius
1254 1787 1425 1872 lepideque
1452 1807 1512 1851 ean

338 1895 502 1974 exposuit:
535 1893 582 1956 tlte
606 1893 687 1960 cltt'ld
709 1894 815 1974 inquit
837 1895 863 1961 ιι
885 1893 1034 1976 supposed
1055 1902 1084 1956 to
1105 1911 1161 1975 say
1185 1899 1287 1974 ‘paam
1315 1912 1410 1975 popo,
1438 1890 1514 1954 mole

338 2015 385 2058 me
405 1995 476 2080 lrinq
503 1996 539 2079 of
559 1995 690 2066 Tltelteass
732 1998 788 2060 vix
817 2016 897 2078 opus
925 2007 974 2060 est
1000 2007 1036 2062 ut
1063 1995 1218 2063 addamus
1239 1994 1389 2068 ιξέπιιδες
1414 1996 1512 2076 inper-

337 2099 417 2162 leeto
438 2109 581 2181 tempore
604 2101 650 2162 sie
672 2099 793 2167 dietum
815 2119 885 2164 esse
907 2101 1082 2181 aptissima.

425 2203 496 2265 Plus
522 2202 730 2282 dubitationis
758 2201 878 2268 hebent
905 2203 1001 2284 primi
1030 2201 1093 2269 dno
1115 2221 1240 2282 versus,
1271 2193 1390 2300 ἧπηιδ
1412 2225 1446 2286 pa
1465 2195 1513 2264 δι’·

337 2306 388 2389 ξης
416 2303 573 2376 ἐξέπαισαν
602 2303 739 2394 ἐλπίδες,
765 2295 827 2373 Ἧι
854 2301 965 2392 πατρὸς
994 2299 1078 2389 ὑμῶν
1107 2305 1143 2372 la
1172 2301 1269 2390 liqna
1296 2288 1373 2376 πότ’ὶ
1395 2296 1511 2390 ἤλπισα.
1578 2315 1579 2328 ’

336 2409 476 2472 offensus
497 2420 544 2472 est
568 2411 627 2474 hae
649 2411 799 2472 orationis
822 2408 921 2474 lorma
937 2411 1135 2490 llusgravius
1156 2411 1356 2491 oonieeitque
1378 2408 1513 2472 seriben-

336 2510 412 2574 dum
435 2531 505 2575 esse
527 2501 547 2596 ἤ
569 2506 646 2590 πολύ
669 2535 707 2596 ps
727 2505 847 2599 πράξαις
874 2511 1033 2586 laeetana
1062 2511 1192 2584 ileliae.
1239 2523 1348 2582 eontra
1369 2514 1512 2576 llerman-

335 2633 396 2677 nus
419 2616 612 2679 existimavit
638 2615 719 2691 nihil
742 2635 812 2684 esse
835 2616 1034 2696 mutandum,
1066 2616 1126 2684 sed
1148 2614 1229 2698 quae'
1251 2619 1369 2698 scripta
1390 2627 1461 2680 sunt
1480 2635 1512 2678 eo

335 2717 442 2782 redire
469 2737 507 2781 ae
534 2721 561 2782 si
591 2717 725 2782 dixisset
746 2719 918 2800 Euripides
946 2717 1065 2792 δλπίδις
1094 2743 1132 2804 με
1159 2717 1289 2804 ἔψπιιιιαι
1318 2714 1421 2803 δόξης,
1451 2737 1510 2800 spes

333 2839 402 2884 meo
419 2821 577 2904 [ιιιιιναια
591 2831 637 2886 est
657 2823 825 2904 opinionem
846 2841 955 2894 meent.
994 2842 1031 2886 ao
1052 2842 1128 2897 sene
1148 2833 1234 2888 reete
1258 2822 1413 2890 iudicasse
1427 2821 1510 2884 vide·

334 2935 388 2987 tur
409 2926 610 2989 Hermannus
638 2945 744 3006 neque
774 2935 922 3007 putamus
946 2925 1147 2994 audaciorem
1177 2927 1288 3008 tragini
1318 2937 1428 3008 poetae
1449 2944 1510 2988 ser-

334 3047 458 3090 monem
488 3028 723 3094 debilitandum
759 3049 846 3096 esse:
885 3027 993 3096 delu'le
1022 3040 1071 3094 est
1103 3031 1189 3096 enim
1218 3040 1250 3094 et
1279 3031 1334 3094 vix
1367 3030 1507 3110 tragicum
1576 3085 1577 3088 ,

333 3132 502 3212 llusgravii
531 3131 611 3195 illud
638 3125 769 3218 πράξεις.
821 3131 907 3214 quod
934 3143 1039 3198 eutem
1069 3132 1257 3214 Euripidae,
1292 3153 1364 3200 eum
1392 3133 1507 3215 proprie
1576 3131 1577 3158 ³

332 3233 504 3298 dicendum
534 3245 619 3298 esset
646 3232 795 3302 ttnteoea
816 3232 994 3322 ιδιπαίαδην
1021 3229 1124 3320 δόξης,
1156 3237 1287 3312 invertit
1316 3237 1375 3302 hoo
1402 3237 1507 3317 ipsam-

332 3355 394 3418 que
417 3356 507 3419 spem
529 3341 686 3419 Megaram
708 3357 748 3404 ex
770 3339 919 3420 opinione
948 3357 1005 3404 sua
1027 3337 1184 3404 deieoisse
1206 3339 1299 3419 dixit,
1330 3339 1424 3404 locuti
1444 3345 1507 3399 sunt

330 3451 442 3522 poetae
470 3441 557 3508 haud
587 3461 657 3508 raro
679 3442 827 3506 similiter
855 3451 888 3506 et
909 3461 971 3504 non
995 3461 1169 3524 numquam
1191 3461 1294 3524 paene
1319 3441 1504 3508 insolentius.
1575 3459 1576 3540 η

329 3542 416 3626 apud
439 3543 599 3610 Tibullum
621 3565 632 3608 ι
657 3547 669 3610 ι
698 3544 775 3612 les·
801 3545 880 3610 haee
902 3546 1048 3626 legimus,
1081 3547 1147 3628 ipae
1173 3564 1275 3610 mrem
1303 3553 1424 3611 noeros
1449 3561 1505 3606 ιιι·

330 3655 399 3710 turo
428 3655 560 3729 tempere
586 3649 661 3714 otta
689 3649 830 3714 antino
857 3655 886 3710 et
908 3647 999 3730 sacili
1028 3647 1166 3732 proadt‘tt
1190 3666 1283 3730 poteo
1308 3666 1421 3712 morte:
1454 3646 1505 3711 Ntt

329 3769 397 3832 spes
420 3750 574 3830 metum,
606 3751 659 3816 red
677 3749 806 3836 fmpum
827 3769 946 3832 semper
967 3769 1093 3816 ααινυοι
1121 3749 1267 3820 moueat
1291 3759 1320 3814 et
1337 3751 1426 3832 ptao
1442 3749 1504 3830 pia-
1574 3789 1575 3802 ι

327 3854 401 3936 pato
428 3861 531 3920 meato
553 3855 634 3920 leat.
681 3853 811 3922 luerunt
840 3855 896 3934 qui
926 3873 1014 3936 spem
1043 3872 1081 3918 ea
1111 3853 1182 3920 iere
1208 3853 1436 3934 signifieattona
1461 3851 1502 3912 in·

327 3956 540 4038 tellegendam
569 3976 639 4022 assa
667 3965 838 4038 censerent
866 3975 929 4038 que
958 3956 1000 4020 de
1029 3967 1136 4038 segete
1164 3967 1356 4040 sperataque
1391 3955 1502 4034 terrun

326 4059 473 4126 ubertate
497 4080 560 4126 non
578 4079 751 4142 numquam
767 4059 895 4128 dieitur.
935 4060 993 4130 sed
1013 4079 1068 4126 nee
1089 4079 1158 4144 apes
1173 4061 1317 4130 dommo
1337 4063 1381 4126 ita
1397 4057 1500 4124 deon

327 4174 375 4228 est
397 4173 433 4228 ut
454 4183 549 4227 nemo
580 4166 637 4245 qut
665 4163 725 4228 hoe
754 4163 830 4246 legit
858 4163 934 4227 illue
960 4166 1066 4228 animo
1087 4162 1209 4230 deterri
1238 4182 1345 4249 neque
1373 4155 1500 4227 venabuli
1573 4213 1574 4240 η

326 4267 514 4346 significatio
537 4277 626 4332 extra
649 4267 844 4332 certissimos
865 4266 1017 4332 formulae
1041 4267 1122 4330 fines
1141 4265 1251 4348 egredi
1274 4267 1384 4348 possit.
1427 4255 1498 4342 qutd
1573 4251 1574 4264 ¹

326 4389 398 4434 eum
421 4380 510 4435 reete
532 4371 735 4452 intellegeret
756 4370 920 4450 bissenus,
945 4380 1068 4452 poetam
1089 4371 1282 4436 existimavit
1303 4369 1344 4432 ab
1366 4373 1498 4449 expecta·
1571 4441 1572 4446 η

255 4558 269 4572 ι
324 4473 411 4536 tione
432 4491 528 4554 quam
553 4493 617 4540 non
638 4473 782 4538 sallanem
804 4471 871 4536 lora
894 4482 983 4554 putat
1004 4490 1078 4536 mox
1098 4473 1235 4542 transire
1264 4470 1305 4536 ad
1328 4472 1404 4544 deae
1425 4467 1497 4546 orgi·
1571 4541 1572 4562 η

1571 4633 1573 4710 l

1567 4875 1573 5070 l
