3204 5104
326 353 400 426 408
624 368 712 430 lanxx
734 385 901 431 exortem
923 385 1102 429 aasrrmm
1120 367 1214 430 taos.

326 556 450 619 delesse
479 557 597 618 scilicet
630 556 758 618 incubat
786 575 881 629 auro,
915 557 947 616 in
975 577 1065 636 spem
1088 555 1247 636 quandam
1272 557 1422 619 inductus
1443 575 1498 618 sum

326 661 395 721 lieri
425 679 517 741 posse
547 670 582 721 ιιι
611 660 680 721 sine
707 659 776 720 cius
807 658 922 718 iudicio
952 658 1191 739 antiquissimae
1215 659 1286 720 illac
1310 659 1498 720 membranae

326 763 538 842 reperiantur.
585 761 706 842 quippe
730 761 936 822 memineram
959 781 977 824 a
1000 761 1144 842 Philippo
1163 759 1310 823 Garbcllo
1334 761 1367 824 in
1390 762 1499 843 losephi

325 865 488 927 blanchini
513 865 732 945 Euangeliario
755 863 956 945 quadruplici
979 873 1003 926 t.
1029 883 1038 925 ι
1062 865 1133 945 ρ.7
1157 863 1387 946 praefationem
1411 883 1500 946 quan-

325 967 397 1028 dam
427 987 509 1048 quae
531 967 572 1030 ad
595 968 735 1030 Geticam
756 966 910 1030 libromm
935 985 1096 1030 sacromm
1120 968 1415 1050 interpretationem
1438 987 1500 1050 per-

301 1072 430 1132 ttincre
453 1071 620 1134 videretur
642 1070 760 1133 editam
783 1089 854 1132 esse
877 1089 917 1132 ex
939 1055 1045 1133 nobili'
1070 1070 1122 1132 illo
1145 1071 1382 1150 euangeliomm
1406 1069 1499 1132 codice

324 1174 472 1236 Brixiano
500 1173 556 1254 qui
585 1183 751 1255 argenteas
780 1173 901 1236 litteras
931 1173 963 1236 in
992 1174 1164 1254 purpureis
1188 1163 1382 1236 membranis
1405 1173 1497 1236 habet.

325 1278 357 1339 in
374 1296 437 1357 quo
452 1276 561 1340 codice
576 1276 693 1340 scheda
707 1275 832 1339 duabus
853 1277 979 1358 paginis
1003 1275 1229 1357 praefationem
1246 1277 1331 1339 illam
1347 1277 1499 1339 continens

326 1381 409 1442 inter
437 1399 573 1443 canones
602 1389 634 1442 et
663 1380 828 1460 euangelia
853 1382 970 1443 inserta
993 1389 1052 1442 est.
1100 1381 1207 1461 itaque
1230 1399 1302 1444 cum
1324 1391 1397 1442 ante
1419 1379 1500 1441 bien-

324 1485 412 1544 nium
458 1482 641 1546 Tbeodoms
677 1485 888 1546 llommsenus
931 1482 1220 1564 conquirendamm
1272 1483 1497 1564 inscriptionum

325 1588 505 1650 Latinarum
535 1607 627 1649 causa
655 1587 688 1648 in
711 1587 831 1648 ltaliam
861 1587 1114 1667 proficisceretur
1135 1597 1283 1668 essetque
1306 1587 1429 1649 Brixiae
1449 1587 1499 1648 ali-

325 1688 467 1770 quandiu
490 1699 747 1768 oonmoratums,
779 1690 885 1771 mgavi
908 1710 981 1754 enm
1003 1699 1039 1752 ut
1061 1690 1193 1770 paginas
1216 1689 1285 1752 illas
1308 1709 1379 1753 cum
1402 1710 1499 1752 exem-

325 1794 405 1874 plari
422 1793 622 1854 Garbelliano
644 1791 822 1854 conferret:
848 1811 920 1854 nam
944 1801 975 1854 et
998 1792 1085 1856 illum
1103 1811 1210 1855 noram
1227 1813 1268 1855 ne
1283 1794 1499 1874 operosissimis

325 1896 455 1977 quidem
478 1914 558 1976 qnos
581 1896 720 1958 exantlat
742 1895 903 1958 laboribus
926 1895 1027 1958 solere
1050 1895 1199 1977 impediri
1223 1915 1286 1976 quo
1309 1897 1413 1960 minus
1430 1897 1498 1958 ami-

324 2018 432 2060 cornm
455 1998 728 2061 commoditatibus
759 1999 912 2061 inserviat
942 2009 972 2060 et
1001 1987 1202 2062 membranas
1224 2000 1388 2062 Brixianas
1409 2019 1497 2081 paene

325 2121 387 2162 non
411 2101 594 2164 dubitabam
624 2121 677 2164 eas
707 2104 792 2185 ipsas
819 2123 889 2166 esse
912 2103 1030 2183 quibus
1052 2103 1142 2184 qnasi
1166 2121 1225 2183 per
1246 2103 1389 2183 aenigma
1410 2103 1498 2183 signi-

326 2205 425 2266 ficatis
453 2204 509 2267 diu
538 2203 717 2269 ludificatus
747 2225 845 2269 eram.
892 2206 1011 2269 etenim
1041 2206 1072 2267 in
1103 2205 1298 2286 praelatione
1328 2206 1497 2268 aGarbello

324 2308 409 2370 edita
440 2307 537 2370 verba
566 2308 721 2388 quaedam
752 2311 942 2391 aliquotiens
972 2310 1118 2371 similiter
1147 2311 1281 2390 repetita
1312 2329 1402 2372 ame
1422 2311 1496 2389 lege-

229 2407 232 2418 '
325 2411 443 2473 bantur
465 2429 546 2492 quae
569 2431 639 2475 oum
665 2413 805 2494 intellegi
822 2433 952 2495 prorsus
968 2413 1140 2493 nequirent
1155 2412 1257 2474 locum
1273 2411 1350 2476 darc
1367 2423 1494 2494 poterant

325 2514 496 2595 suspicioni
519 2513 698 2578 oblitterata
721 2515 765 2577 ibi
788 2535 859 2578 esse
882 2517 1001 2579 Gotica.
1048 2531 1153 2595 neque
1184 2514 1296 2578 leiellit
1320 2535 1369 2578 mc
1391 2517 1492 2597 opinio.

326 2618 431 2698 itaque
453 2627 620 2698 postquam
643 2621 866 2682 allommseno
881 2621 989 2701 accepi
1013 2638 1094 2701 quac
1115 2639 1155 2682 ex
1170 2617 1251 2680 libro
1266 2619 1412 2682 Brixiano
1432 2619 1494 2680 dili-

325 2721 508 2801 gcntissime
525 2722 737 2803 excripserat,
763 2722 860 2785 edere
876 2743 911 2784 ca
929 2724 1023 2785 statui
1039 2724 1213 2803 putaviqne
1230 2723 1383 2799 rationem
1406 2723 1495 2803 [totins

326 2823 503 2885 habendam
526 2843 597 2886 esse
619 2825 764 2905 publicae
787 2825 949 2888 doctorum
973 2827 1119 2888 utilitatis
1141 2843 1235 2906 quarn
1258 2828 1355 2888 unius
1376 2826 1495 2888 bominis

324 2929 485 3006 ceteroqui
516 2927 608 3006 boni,
641 2929 696 2991 sed
725 2946 821 3009 quem
850 2930 997 3010 pmmissi
1024 2929 1120 2992 nimis
1150 2929 1337 3010 paeniteret.
1388 2929 1493 2990 interea

325 3049 407 3092 mors
438 3031 525 3092 illum
555 3031 742 3112 absumpsit.
789 3051 889 3114 qnare
912 3052 953 3094 nc
977 3033 1134 3095 mitissimi
1158 3031 1287 3112 quidem
1312 3033 1426 3114 ingenii
1448 3034 1494 3092 he

254 3141 257 3146 '
325 3134 426 3195 mines
449 3135 594 3196 existimo
617 3155 667 3196 me
690 3153 760 3198 csse
783 3137 1017 3216 vituperaturos
1043 3136 1070 3197 si
1094 3135 1321 3216 praelationem
1344 3155 1418 3199 sano
1438 3155 1493 3196 mc-

323 3237 507 3298 morabilcm
530 3239 701 3318 protulero.
748 3239 875 3319 prolero
897 3250 1003 3302 autem
1026 3259 1096 3302 eam
1118 3247 1153 3302 ut
1177 3240 1208 3300 in
1231 3238 1348 3302 scheda
1364 3240 1492 3302 Brixiam

322 3342 439 3421 scripta
462 3351 527 3421 est,
553 3341 615 3402 nisi
638 3341 723 3422 quod
745 3343 868 3404 litteras
882 3343 1024 3405 unciales
1046 3343 1078 3404 in
1093 3343 1188 3423 vulgo
1203 3353 1369 3407 consuetas
1391 3343 1493 3406 mutati

322 3455 353 3506 et
377 3444 558 3507 arlcuratius
581 3444 838 3526 interpungendo
867 3446 994 3509 eilicere
1023 3448 1225 3528 aliquatenus
1247 3447 1356 3511 studui
1378 3457 1411 3511 nt
1431 3447 1492 3508 bar-

322 3548 418 3610 barus
441 3567 544 3610 sermo
567 3549 670 3629 paullo
694 3550 798 3612 minus
822 3548 995 3612 dilliculter
1017 3550 1268 3630 intellegeretur.

408 3653 542 3713 Sanetus
563 3653 675 3714 Petrus
696 3654 854 3733 apostolus
876 3652 1052 3734 discipulus
1074 3654 1240 3716 saluatoris
1262 3654 1382 3716 domini
1409 3653 1491 3715 nostri

407 3757 479 3817 lesu
495 3755 611 3817 Christi
631 3753 766 3818 edocens
790 3754 901 3818 fideles
924 3766 1056 3838 propter
1078 3755 1298 3821 diuersitatem
1321 3756 1493 3822 adsertionis

407 3859 586 3938 linguarum
615 3858 763 3921 admonet
792 3869 936 3939 cunctos,
969 3867 1004 3921 ut
1034 3860 1066 3921 in
1096 3869 1205 3923 octauo
1235 3860 1317 3924 libro
1340 3860 1492 3925 Clementis

407 3962 546 4024 continet
568 3961 739 4040 scribtum,
765 3962 883 4025 docens
905 3963 950 4025 sie
975 3962 1097 4026 ‘audite
1114 3981 1180 4043 me,
1207 3967 1354 4029 conserui
1370 3964 1493 4028 dileetis-

407 4065 489 4127 simi.
537 4064 655 4129 bonum
685 4075 733 4128 est
761 4076 796 4129 ut
818 4067 1038 4148 unusquisque
1061 4075 1202 4130 vestmm
1224 4067 1399 4132 secundum
1420 4064 1491 4150 quod

406 4177 509 4249 potest
535 4170 636 4248 prosit
664 4169 890 4232 accedentibus
917 4169 956 4232 od
987 4170 1082 4232 iidem
1107 4171 1271 4252 religionis
1293 4183 1425 4236 nostrae.
1465 4179 1491 4229 et

407 4271 478 4333 idco
506 4291 568 4334 nou
597 4291 654 4333 uos
681 4271 786 4354 pigeat
816 4271 992 4335 secundum
1021 4275 1209 4354 sapientiam
1232 4293 1315 4356 quae
1338 4275 1423 4340 uobis
1442 4289 1490 4352 pcr

406 4375 458 4436 dci
482 4372 715 4455 prouidentiam
740 4377 860 4438 conlata
884 4386 932 4439 est
954 4376 1149 4440 disserentes
1171 4378 1351 4459 instruere,
1381 4380 1488 4458 ignaros

406 4477 557 4556 cllocem,
590 4479 632 4540 ita
661 4487 767 4540 tamen
797 4489 832 4542 nt
860 4480 910 4541 his
938 4498 1019 4561 quae
1048 4499 1066 4542 a
1096 4497 1146 4541 me
1174 4478 1309 4544 audistis
1339 4491 1369 4544 et
1389 4477 1484 4544 tradita
