<?xml version="1.0" encoding="UTF-8"?>
<!DOCTYPE html PUBLIC "-//W3C//DTD XHTML 1.0 Transitional//EN"
    "http://www.w3.org/TR/xhtml1/DTD/xhtml1-transitional.dtd">
<html xmlns="http://www.w3.org/1999/xhtml" xml:lang="en" lang="en">
 <head>
  <title>
</title>
<meta http-equiv="Content-Type" content="text/html;charset=utf-8" />
  <meta name='ocr-system' content='tesseract 3.04.00' />
  <meta name='ocr-capabilities' content='ocr_page ocr_carea ocr_par ocr_line ocrx_word'/>
</head>
<body>
  <div class='ocr_page' id='page_1' title='image "./mavriciihavptii00haupgoog/mavriciihavptii00haupgoog_0446.png"; bbox 0 0 3240 5094; ppageno 0'>
   <div class='ocr_carea' id='block_1_1' title="bbox 397 365 1298 445">
    <p class='ocr_par' dir='ltr' id='par_1_1' title="bbox 397 365 1298 445">
     <span class='ocr_line' id='line_1_1' title="bbox 397 365 1298 445; baseline -0.003 -2"><span class='ocrx_word' id='word_1_1' title='bbox 397 383 487 445; x_wconf 83' lang='lat' dir='ltr'><strong>lrrnm</strong></span> <span class='ocrx_word' id='word_1_2' title='bbox 509 399 675 443; x_wconf 78' lang='lat' dir='ltr'><strong>nscrrorrn</strong></span> <span class='ocrx_word' id='word_1_3' title='bbox 699 399 884 444; x_wconf 77' lang='lat' dir='ltr'><strong>arenariam</strong></span> <span class='ocrx_word' id='word_1_4' title='bbox 905 378 1002 442; x_wconf 72' lang='lat'><strong>⁴870.</strong></span> <span class='ocrx_word' id='word_1_5' title='bbox 1222 365 1298 440; x_wconf 84' lang='grc'><strong>433</strong></span> 
     </span>
    </p>
   </div>
   <div class='ocr_carea' id='block_1_2' title="bbox 94 565 1337 4348">
    <p class='ocr_par' dir='ltr' id='par_1_2' title="bbox 94 565 1337 4348">
     <span class='ocr_line' id='line_1_2' title="bbox 189 565 1298 656; baseline -0.002 -20"><span class='ocrx_word' id='word_1_6' title='bbox 189 572 300 655; x_wconf 85' lang='lat' dir='ltr'><strong>Capite</strong></span> <span class='ocrx_word' id='word_1_7' title='bbox 323 589 398 633; x_wconf 78' lang='lat' dir='ltr'>xxxv</span> <span class='ocrx_word' id='word_1_8' title='bbox 427 569 459 653; x_wconf 84' lang='lat' dir='ltr'><strong>p.</strong></span> <span class='ocrx_word' id='word_1_9' title='bbox 486 571 527 631; x_wconf 81' lang='lat' dir='ltr'><strong>ts</strong></span> <span class='ocrx_word' id='word_1_10' title='bbox 558 571 637 632; x_wconf 90' lang='lat' dir='ltr'><strong>haec</strong></span> <span class='ocrx_word' id='word_1_11' title='bbox 659 568 811 632; x_wconf 92' lang='lat' dir='ltr'><strong>dicuntur</strong></span> <span class='ocrx_word' id='word_1_12' title='bbox 833 568 1016 650; x_wconf 81' lang='lat' dir='ltr'><strong>magnifiee,</strong></span> <span class='ocrx_word' id='word_1_13' title='bbox 1048 565 1135 633; x_wconf 87' lang='grc' dir='ltr'>ἔνθεν</span> <span class='ocrx_word' id='word_1_14' title='bbox 1164 575 1298 656; x_wconf 81' lang='grc' dir='ltr'>φυσικῶς</span> 
     </span>
     <span class='ocr_line' id='line_1_3' title="bbox 102 663 1296 759; baseline -0.001 -20"><span class='ocrx_word' id='word_1_15' title='bbox 102 699 165 748; x_wconf 87' lang='grc' dir='ltr'>ποις</span> <span class='ocrx_word' id='word_1_16' title='bbox 187 669 332 759; x_wconf 73' lang='grc' dir='ltr'><strong>ἀγόμενοι</strong></span> <span class='ocrx_word' id='word_1_17' title='bbox 354 666 457 758; x_wconf 72' lang='lat' dir='ltr'><strong>piat*</strong></span> <span class='ocrx_word' id='word_1_18' title='bbox 477 667 513 738; x_wconf 90' lang='grc' dir='ltr'><strong>οὐ</strong></span> <span class='ocrx_word' id='word_1_19' title='bbox 534 668 572 737; x_wconf 77' lang='grc' dir='ltr'><strong>τό</strong></span> <span class='ocrx_word' id='word_1_20' title='bbox 595 666 687 758; x_wconf 83' lang='grc' dir='ltr'>μικρὰ</span> <span class='ocrx_word' id='word_1_21' title='bbox 710 671 816 758; x_wconf 76' lang='grc' dir='ltr'>ῥεῖθρα</span> <span class='ocrx_word' id='word_1_22' title='bbox 837 663 1053 755; x_wconf 75' lang='grc' dir='ltr'>θαυμάζομεν,</span> <span class='ocrx_word' id='word_1_23' title='bbox 1079 671 1106 736; x_wconf 83' lang='grc' dir='ltr'><strong>εἰ</strong></span> <span class='ocrx_word' id='word_1_24' title='bbox 1121 666 1172 736; x_wconf 83' lang='grc' dir='ltr'>καλ</span> <span class='ocrx_word' id='word_1_25' title='bbox 1187 673 1296 758; x_wconf 78' lang='grc' dir='ltr'>διαυγῆ</span> 
     </span>
     <span class='ocr_line' id='line_1_4' title="bbox 102 765 1299 865; baseline -0.002 -23"><span class='ocrx_word' id='word_1_26' title='bbox 102 775 155 842; x_wconf 79' lang='grc' dir='ltr'>καὶ</span> <span class='ocrx_word' id='word_1_27' title='bbox 175 771 332 865; x_wconf 82' lang='grc' dir='ltr'>χρήσιμα,</span> <span class='ocrx_word' id='word_1_28' title='bbox 366 770 445 841; x_wconf 74' lang='grc' dir='ltr'>ἀλλὰ</span> <span class='ocrx_word' id='word_1_29' title='bbox 473 770 523 840; x_wconf 84' lang='grc' dir='ltr'><strong>τόν</strong></span> <span class='ocrx_word' id='word_1_30' title='bbox 546 772 657 840; x_wconf 84' lang='grc' dir='ltr'>Νεῖλον</span> <span class='ocrx_word' id='word_1_31' title='bbox 686 771 738 838; x_wconf 77' lang='grc' dir='ltr'>καὶ</span> <span class='ocrx_word' id='word_1_32' title='bbox 752 765 869 861; x_wconf 87' lang='grc' dir='ltr'>Ἴστρον</span> <span class='ocrx_word' id='word_1_33' title='bbox 898 767 1063 860; x_wconf 76' lang='grc' dir='ltr'>ἢῬῆνον,</span> <span class='ocrx_word' id='word_1_34' title='bbox 1093 771 1170 840; x_wconf 89' lang='grc' dir='ltr'><strong>πολύ</strong></span> <span class='ocrx_word' id='word_1_35' title='bbox 1200 771 1227 838; x_wconf 84' lang='grc' dir='ltr'><strong>δ’</strong></span> <span class='ocrx_word' id='word_1_36' title='bbox 1254 773 1299 840; x_wconf 87' lang='grc' dir='ltr'><strong>ἔτι</strong></span> 
     </span>
     <span class='ocr_line' id='line_1_5' title="bbox 104 871 1298 965; baseline -0.002 -20"><span class='ocrx_word' id='word_1_37' title='bbox 104 883 220 965; x_wconf 75' lang='grc' dir='ltr'>μᾶλλον</span> <span class='ocrx_word' id='word_1_38' title='bbox 241 875 291 944; x_wconf 83' lang='grc' dir='ltr'><strong>τόν</strong></span> <span class='ocrx_word' id='word_1_39' title='bbox 309 871 473 957; x_wconf 85' lang='grc' dir='ltr'>Ὠκεανόν,</span> <span class='ocrx_word' id='word_1_40' title='bbox 504 874 575 943; x_wconf 81' lang='grc' dir='ltr'>οὐδέ</span> <span class='ocrx_word' id='word_1_41' title='bbox 596 901 631 964; x_wconf 89' lang='grc' dir='ltr'>γε</span> <span class='ocrx_word' id='word_1_42' title='bbox 653 873 685 942; x_wconf 85' lang='grc' dir='ltr'><strong>τὸ</strong></span> <span class='ocrx_word' id='word_1_43' title='bbox 710 872 761 964; x_wconf 81' lang='grc' dir='ltr'><strong>ὐφ’</strong></span> <span class='ocrx_word' id='word_1_44' title='bbox 787 872 874 963; x_wconf 75' lang='grc' dir='ltr'>ἡμῶν</span> <span class='ocrx_word' id='word_1_45' title='bbox 897 874 979 943; x_wconf 74' lang='grc' dir='ltr'>τουτὶ</span> <span class='ocrx_word' id='word_1_46' title='bbox 1001 876 1123 964; x_wconf 77' lang='grc' dir='ltr'>φλογίσν</span> <span class='ocrx_word' id='word_1_47' title='bbox 1147 873 1298 943; x_wconf 80' lang='grc' dir='ltr'>ἀνακαιό-</span> 
     </span>
     <span class='ocr_line' id='line_1_6' title="bbox 104 975 1298 1070; baseline -0.003 -22"><span class='ocrx_word' id='word_1_48' title='bbox 104 1007 212 1070; x_wconf 85' lang='grc' dir='ltr'>μενον,</span> <span class='ocrx_word' id='word_1_49' title='bbox 236 979 301 1048; x_wconf 76' lang='grc' dir='ltr'>ἐπεὶ</span> <span class='ocrx_word' id='word_1_50' title='bbox 323 977 459 1067; x_wconf 86' lang='grc' dir='ltr'>καθαρόν</span> <span class='ocrx_word' id='word_1_51' title='bbox 482 977 573 1068; x_wconf 73' lang='grc' dir='ltr'>σῴζει</span> <span class='ocrx_word' id='word_1_52' title='bbox 594 976 628 1045; x_wconf 80' lang='grc' dir='ltr'><strong>τὸ</strong></span> <span class='ocrx_word' id='word_1_53' title='bbox 652 981 781 1066; x_wconf 80' lang='grc' dir='ltr'>φέγγος,</span> <span class='ocrx_word' id='word_1_54' title='bbox 813 975 1040 1066; x_wconf 79' lang='grc' dir='ltr'>ἐκπληττόμεθα</span> <span class='ocrx_word' id='word_1_55' title='bbox 1069 985 1127 1044; x_wconf 85' lang='grc' dir='ltr'><strong>τῶν</strong></span> <span class='ocrx_word' id='word_1_56' title='bbox 1152 975 1298 1068; x_wconf 73' lang='grc' dir='ltr'>οὐρανίων</span> 
     </span>
     <span class='ocr_line' id='line_1_7' title="bbox 104 1078 1299 1172; baseline -0.003 -20"><span class='ocrx_word' id='word_1_57' title='bbox 104 1089 238 1172; x_wconf 76' lang='grc' dir='ltr'>μᾶλλον,</span> <span class='ocrx_word' id='word_1_58' title='bbox 277 1084 377 1150; x_wconf 75' lang='grc' dir='ltr'>καίτοι</span> <span class='ocrx_word' id='word_1_59' title='bbox 411 1079 556 1157; x_wconf 83' lang='grc' dir='ltr'>πολλάκις</span> <span class='ocrx_word' id='word_1_60' title='bbox 593 1083 864 1168; x_wconf 78' lang='grc' dir='ltr'>ἐπισκοτουμένων,</span> <span class='ocrx_word' id='word_1_61' title='bbox 904 1078 974 1148; x_wconf 78' lang='grc' dir='ltr'>οὐδὲ</span> <span class='ocrx_word' id='word_1_62' title='bbox 1009 1089 1069 1148; x_wconf 83' lang='grc' dir='ltr'><strong>τῶν</strong></span> <span class='ocrx_word' id='word_1_63' title='bbox 1101 1088 1154 1169; x_wconf 78' lang='grc' dir='ltr'>τῆς</span> <span class='ocrx_word' id='word_1_64' title='bbox 1187 1080 1299 1170; x_wconf 81' lang='grc' dir='ltr'>Αἴτνης</span> 
     </span>
     <span class='ocr_line' id='line_1_8' title="bbox 102 1177 1337 1278; baseline -0.003 -26"><span class='ocrx_word' id='word_1_65' title='bbox 102 1185 263 1278; x_wconf 70' lang='grc' dir='ltr'>κρατήρων</span> <span class='ocrx_word' id='word_1_66' title='bbox 293 1181 602 1274; x_wconf 80' lang='grc' dir='ltr'>ἀξιοθαυμαστότερον</span> <span class='ocrx_word' id='word_1_67' title='bbox 632 1185 809 1272; x_wconf 73' lang='grc' dir='ltr'>νομίζομεν,</span> <span class='ocrx_word' id='word_1_68' title='bbox 838 1178 875 1272; x_wconf 82' lang='grc' dir='ltr'>ἧς</span> <span class='ocrx_word' id='word_1_69' title='bbox 899 1186 930 1250; x_wconf 82' lang='grc' dir='ltr'>αἱ</span> <span class='ocrx_word' id='word_1_70' title='bbox 954 1181 1085 1273; x_wconf 78' lang='grc' dir='ltr'>ἀναχοαὶ</span> <span class='ocrx_word' id='word_1_71' title='bbox 1106 1177 1243 1274; x_wconf 78' lang='grc' dir='ltr'><strong>πέτρουςΙ</strong></span> <span class='ocrx_word' id='word_1_72' title='bbox 1266 1211 1337 1255; x_wconf 74' lang='grc' dir='ltr'><strong>τετ,</strong></span> 
     </span>
     <span class='ocr_line' id='line_1_9' title="bbox 103 1281 1300 1380; baseline -0.002 -23"><span class='ocrx_word' id='word_1_73' title='bbox 103 1293 137 1358; x_wconf 78' lang='grc' dir='ltr'><strong>ἐκ</strong></span> <span class='ocrx_word' id='word_1_74' title='bbox 161 1291 259 1380; x_wconf 84' lang='grc' dir='ltr'>βυθοῦ</span> <span class='ocrx_word' id='word_1_75' title='bbox 282 1288 333 1356; x_wconf 81' lang='grc' dir='ltr'>καλ</span> <span class='ocrx_word' id='word_1_76' title='bbox 356 1284 444 1364; x_wconf 70' lang='lat' dir='ltr'><strong>iton&lt;</strong></span> <span class='ocrx_word' id='word_1_77' title='bbox 460 1282 572 1376; x_wconf 88' lang='grc' dir='ltr'>όχθους</span> <span class='ocrx_word' id='word_1_78' title='bbox 589 1281 773 1376; x_wconf 71' lang='grc' dir='ltr'>ἀναφέρουσι</span> <span class='ocrx_word' id='word_1_79' title='bbox 787 1285 839 1353; x_wconf 74' lang='grc' dir='ltr'>καὶ</span> <span class='ocrx_word' id='word_1_80' title='bbox 853 1285 1005 1374; x_wconf 86' lang='grc' dir='ltr'>ποταμσύς</span> <span class='ocrx_word' id='word_1_81' title='bbox 1021 1289 1113 1355; x_wconf 77' lang='grc' dir='ltr'>ἐνίοτε</span> <span class='ocrx_word' id='word_1_82' title='bbox 1128 1290 1300 1376; x_wconf 82' lang='grc' dir='ltr'>τοῦγένους</span> 
     </span>
     <span class='ocr_line' id='line_1_10' title="bbox 101 1386 1298 1479; baseline 0 -19"><span class='ocrx_word' id='word_1_83' title='bbox 101 1395 219 1460; x_wconf 71' lang='grc' dir='ltr'>ἐκείνου</span> <span class='ocrx_word' id='word_1_84' title='bbox 241 1390 293 1459; x_wconf 75' lang='grc' dir='ltr'>καὶ</span> <span class='ocrx_word' id='word_1_85' title='bbox 322 1390 414 1460; x_wconf 90' lang='grc' dir='ltr'>αὐτοῦ</span> <span class='ocrx_word' id='word_1_86' title='bbox 445 1389 537 1476; x_wconf 81' lang='grc' dir='ltr'>μόνου</span> <span class='ocrx_word' id='word_1_87' title='bbox 565 1393 729 1479; x_wconf 85' lang='grc' dir='ltr'>προχέουσι</span> <span class='ocrx_word' id='word_1_88' title='bbox 756 1386 858 1478; x_wconf 91' lang='grc' dir='ltr'>πυρός.</span> <span class='ocrx_word' id='word_1_89' title='bbox 907 1387 975 1457; x_wconf 78' lang='grc' dir='ltr'>ἀλλ’</span> <span class='ocrx_word' id='word_1_90' title='bbox 1002 1387 1050 1456; x_wconf 75' lang='grc' dir='ltr'><strong>ἐπὶ</strong></span> <span class='ocrx_word' id='word_1_91' title='bbox 1076 1397 1135 1456; x_wconf 86' lang='grc' dir='ltr'><strong>τῶν</strong></span> <span class='ocrx_word' id='word_1_92' title='bbox 1157 1389 1298 1460; x_wconf 78' lang='grc' dir='ltr'>τοιούτων</span> 
     </span>
     <span class='ocr_line' id='line_1_11' title="bbox 102 1490 1299 1585; baseline -0.003 -19"><span class='ocrx_word' id='word_1_93' title='bbox 102 1494 246 1566; x_wconf 77' lang='grc' dir='ltr'>ἁπάντων</span> <span class='ocrx_word' id='word_1_94' title='bbox 268 1491 361 1563; x_wconf 79' lang='grc' dir='ltr'>ἐκεῖν’</span> <span class='ocrx_word' id='word_1_95' title='bbox 380 1491 417 1562; x_wconf 73' lang='grc' dir='ltr'><strong>ἂν</strong></span> <span class='ocrx_word' id='word_1_96' title='bbox 433 1495 583 1580; x_wconf 86' lang='grc' dir='ltr'>εἴποιμεν,</span> <span class='ocrx_word' id='word_1_97' title='bbox 611 1491 652 1568; x_wconf 83' lang='grc' dir='ltr'>ὡς</span> <span class='ocrx_word' id='word_1_98' title='bbox 667 1491 841 1582; x_wconf 85' lang='grc' dir='ltr'>εὐπόριστον</span> <span class='ocrx_word' id='word_1_99' title='bbox 857 1493 910 1580; x_wconf 73' lang='grc' dir='ltr'><strong>μὲν</strong></span> <span class='ocrx_word' id='word_1_100' title='bbox 934 1490 1105 1582; x_wconf 68' lang='grc' dir='ltr'>ἀνθρώποις</span> <span class='ocrx_word' id='word_1_101' title='bbox 1126 1492 1160 1562; x_wconf 81' lang='grc' dir='ltr'><strong>τό</strong></span> <span class='ocrx_word' id='word_1_102' title='bbox 1181 1501 1299 1585; x_wconf 81' lang='grc' dir='ltr'>χρειῶ-</span> 
     </span>
     <span class='ocr_line' id='line_1_12' title="bbox 102 1591 1298 1687; baseline -0.001 -21"><span class='ocrx_word' id='word_1_103' title='bbox 102 1604 152 1676; x_wconf 77' lang='grc' dir='ltr'>δες</span> <span class='ocrx_word' id='word_1_104' title='bbox 174 1595 197 1687; x_wconf 83' lang='grc' dir='ltr'>ἢ</span> <span class='ocrx_word' id='word_1_105' title='bbox 220 1599 274 1666; x_wconf 79' lang='grc' dir='ltr'>καλ</span> <span class='ocrx_word' id='word_1_106' title='bbox 296 1596 478 1686; x_wconf 83' lang='grc' dir='ltr'>ἀναγκαῖον,</span> <span class='ocrx_word' id='word_1_107' title='bbox 503 1594 678 1684; x_wconf 85' lang='grc' dir='ltr'>θαυμαστόν</span> <span class='ocrx_word' id='word_1_108' title='bbox 702 1594 729 1662; x_wconf 85' lang='grc' dir='ltr'><strong>δ’</strong></span> <span class='ocrx_word' id='word_1_109' title='bbox 756 1591 838 1684; x_wconf 81' lang='grc' dir='ltr'>ὅμως</span> <span class='ocrx_word' id='word_1_110' title='bbox 861 1592 908 1662; x_wconf 77' lang='lat' dir='ltr'><strong>niel</strong></span> <span class='ocrx_word' id='word_1_111' title='bbox 924 1594 957 1662; x_wconf 86' lang='grc' dir='ltr'><strong>τό</strong></span> <span class='ocrx_word' id='word_1_112' title='bbox 972 1593 1152 1686; x_wconf 79' lang='grc' dir='ltr'>παράδοξον.</span> <span class='ocrx_word' id='word_1_113' title='bbox 1198 1604 1232 1665; x_wconf 91' lang='lat' dir='ltr'><strong>in</strong></span> <span class='ocrx_word' id='word_1_114' title='bbox 1248 1603 1298 1665; x_wconf 90' lang='lat' dir='ltr'><strong>his</strong></span> 
     </span>
     <span class='ocr_line' id='line_1_13' title="bbox 99 1701 1298 1791; baseline -0.003 -21"><span class='ocrx_word' id='word_1_115' title='bbox 99 1711 155 1770; x_wconf 88' lang='grc' dir='ltr'><strong>τοῦ</strong></span> <span class='ocrx_word' id='word_1_116' title='bbox 177 1705 284 1791; x_wconf 75' lang='grc' dir='ltr'>γένους</span> <span class='ocrx_word' id='word_1_117' title='bbox 305 1703 511 1768; x_wconf 85' lang='lat' dir='ltr'><strong>llarklandus</strong></span> <span class='ocrx_word' id='word_1_118' title='bbox 532 1705 565 1765; x_wconf 92' lang='lat' dir='ltr'><strong>in</strong></span> <span class='ocrx_word' id='word_1_119' title='bbox 588 1704 711 1785; x_wconf 87' lang='lat' dir='ltr'><strong>Lysiam</strong></span> <span class='ocrx_word' id='word_1_120' title='bbox 737 1723 770 1784; x_wconf 93' lang='lat' dir='ltr'><strong>p.</strong></span> <span class='ocrx_word' id='word_1_121' title='bbox 796 1701 859 1764; x_wconf 80' lang='lat'><strong>577</strong></span> <span class='ocrx_word' id='word_1_122' title='bbox 883 1705 1011 1784; x_wconf 80' lang='lat' dir='ltr'><strong>egregie</strong></span> <span class='ocrx_word' id='word_1_123' title='bbox 1034 1707 1168 1767; x_wconf 87' lang='lat' dir='ltr'><strong>mutavit</strong></span> <span class='ocrx_word' id='word_1_124' title='bbox 1189 1705 1223 1766; x_wconf 93' lang='lat' dir='ltr'><strong>in</strong></span> <span class='ocrx_word' id='word_1_125' title='bbox 1244 1707 1298 1768; x_wconf 88' lang='grc' dir='ltr'><strong>τοῦ</strong></span> 
     </span>
     <span class='ocr_line' id='line_1_14' title="bbox 99 1805 1299 1894; baseline 0 -21"><span class='ocrx_word' id='word_1_126' title='bbox 99 1810 270 1894; x_wconf 81' lang='grc' dir='ltr'>γηγενοῦς,</span> <span class='ocrx_word' id='word_1_127' title='bbox 287 1807 386 1890; x_wconf 88' lang='lat' dir='ltr'><strong>idque</strong></span> <span class='ocrx_word' id='word_1_128' title='bbox 402 1805 478 1870; x_wconf 91' lang='lat' dir='ltr'><strong>inde</strong></span> <span class='ocrx_word' id='word_1_129' title='bbox 494 1825 512 1868; x_wconf 89' lang='lat' dir='ltr'><strong>a</strong></span> <span class='ocrx_word' id='word_1_130' title='bbox 527 1806 718 1872; x_wconf 81' lang='lat' dir='ltr'><strong>Ruhnkenio</strong></span> <span class='ocrx_word' id='word_1_131' title='bbox 733 1823 844 1868; x_wconf 88' lang='lat' dir='ltr'><strong>omnes</strong></span> <span class='ocrx_word' id='word_1_132' title='bbox 858 1805 1034 1886; x_wconf 81' lang='lat' dir='ltr'><strong>probarunt</strong></span> <span class='ocrx_word' id='word_1_133' title='bbox 1049 1818 1179 1888; x_wconf 88' lang='lat' dir='ltr'><strong>praeter</strong></span> <span class='ocrx_word' id='word_1_134' title='bbox 1192 1809 1299 1872; x_wconf 85' lang='lat' dir='ltr'><strong>Weis-</strong></span> 
     </span>
     <span class='ocr_line' id='line_1_15' title="bbox 99 1907 1298 1993; baseline 0.001 -19"><span class='ocrx_word' id='word_1_135' title='bbox 99 1913 194 1974; x_wconf 79' lang='lat' dir='ltr'><strong>ltium</strong></span> <span class='ocrx_word' id='word_1_136' title='bbox 225 1913 280 1992; x_wconf 91' lang='lat' dir='ltr'><strong>qui</strong></span> <span class='ocrx_word' id='word_1_137' title='bbox 311 1913 449 1993; x_wconf 76' lang='lat' dir='ltr'><strong>ineptire</strong></span> <span class='ocrx_word' id='word_1_138' title='bbox 478 1909 600 1973; x_wconf 90' lang='lat' dir='ltr'><strong>maluit.</strong></span> <span class='ocrx_word' id='word_1_139' title='bbox 648 1907 735 1971; x_wconf 90' lang='lat' dir='ltr'><strong>idem</strong></span> <span class='ocrx_word' id='word_1_140' title='bbox 757 1909 967 1972; x_wconf 85' lang='lat' dir='ltr'><strong>Ruhnkenius</strong></span> <span class='ocrx_word' id='word_1_141' title='bbox 996 1928 1058 1972; x_wconf 91' lang='lat' dir='ltr'><strong>non</strong></span> <span class='ocrx_word' id='word_1_142' title='bbox 1084 1911 1188 1974; x_wconf 85' lang='lat' dir='ltr'><strong>minus</strong></span> <span class='ocrx_word' id='word_1_143' title='bbox 1211 1920 1298 1976; x_wconf 88' lang='lat' dir='ltr'><strong>recte</strong></span> 
     </span>
     <span class='ocr_line' id='line_1_16' title="bbox 100 2005 1298 2097; baseline 0.001 -20"><span class='ocrx_word' id='word_1_144' title='bbox 100 2015 265 2078; x_wconf 75' lang='lat' dir='ltr'>intellexit</span> <span class='ocrx_word' id='word_1_145' title='bbox 286 2015 435 2078; x_wconf 84' lang='lat' dir='ltr'><strong>vitiosum</strong></span> <span class='ocrx_word' id='word_1_146' title='bbox 459 2031 529 2076; x_wconf 88' lang='lat' dir='ltr'><strong>esse</strong></span> <span class='ocrx_word' id='word_1_147' title='bbox 552 2015 647 2076; x_wconf 85' lang='lat' dir='ltr'><strong>etiam</strong></span> <span class='ocrx_word' id='word_1_148' title='bbox 675 2006 768 2076; x_wconf 87' lang='grc' dir='ltr'>αὐτοῦ</span> <span class='ocrx_word' id='word_1_149' title='bbox 791 2005 894 2096; x_wconf 86' lang='grc' dir='ltr'>μόνου.</span> <span class='ocrx_word' id='word_1_150' title='bbox 950 2011 1067 2076; x_wconf 84' lang='lat' dir='ltr'><strong>lrustra</strong></span> <span class='ocrx_word' id='word_1_151' title='bbox 1089 2013 1220 2077; x_wconf 86' lang='lat' dir='ltr'><strong>luerunt</strong></span> <span class='ocrx_word' id='word_1_152' title='bbox 1241 2017 1298 2097; x_wconf 92' lang='lat' dir='ltr'><strong>qui</strong></span> 
     </span>
     <span class='ocr_line' id='line_1_17' title="bbox 98 2115 1298 2197; baseline -0.002 -15"><span class='ocrx_word' id='word_1_153' title='bbox 98 2117 134 2182; x_wconf 92' lang='lat' dir='ltr'><strong>id</strong></span> <span class='ocrx_word' id='word_1_154' title='bbox 157 2117 395 2182; x_wconf 80' lang='lat' dir='ltr'><strong>defensitarunt</strong></span> <span class='ocrx_word' id='word_1_155' title='bbox 416 2120 521 2180; x_wconf 87' lang='lat' dir='ltr'><strong>llorns</strong></span> <span class='ocrx_word' id='word_1_156' title='bbox 543 2117 683 2197; x_wconf 85' lang='lat' dir='ltr'><strong>Toupius</strong></span> <span class='ocrx_word' id='word_1_157' title='bbox 700 2116 882 2179; x_wconf 81' lang='lat' dir='ltr'><strong>Weisltius:</strong></span> <span class='ocrx_word' id='word_1_158' title='bbox 909 2115 988 2196; x_wconf 89' lang='lat' dir='ltr'><strong>quid</strong></span> <span class='ocrx_word' id='word_1_159' title='bbox 1010 2117 1095 2178; x_wconf 88' lang='lat' dir='ltr'><strong>enim</strong></span> <span class='ocrx_word' id='word_1_160' title='bbox 1118 2117 1226 2180; x_wconf 87' lang='lat' dir='ltr'><strong>dicere</strong></span> <span class='ocrx_word' id='word_1_161' title='bbox 1248 2127 1298 2182; x_wconf 88' lang='lat' dir='ltr'><strong>at-</strong></span> 
     </span>
     <span class='ocr_line' id='line_1_18' title="bbox 98 2218 1298 2302; baseline -0.001 -17"><span class='ocrx_word' id='word_1_162' title='bbox 98 2221 227 2285; x_wconf 88' lang='lat' dir='ltr'><strong>tinebat</strong></span> <span class='ocrx_word' id='word_1_163' title='bbox 243 2223 349 2302; x_wconf 81' lang='lat' dir='ltr'><strong>ignem</strong></span> <span class='ocrx_word' id='word_1_164' title='bbox 364 2218 541 2282; x_wconf 76' lang='lat' dir='ltr'><strong>Aetnaeum</strong></span> <span class='ocrx_word' id='word_1_165' title='bbox 559 2220 641 2281; x_wconf 85' lang='lat' dir='ltr'><strong>nihil</strong></span> <span class='ocrx_word' id='word_1_166' title='bbox 657 2239 727 2282; x_wconf 89' lang='lat' dir='ltr'><strong>esse</strong></span> <span class='ocrx_word' id='word_1_167' title='bbox 743 2220 806 2282; x_wconf 94' lang='lat' dir='ltr'><strong>nisi</strong></span> <span class='ocrx_word' id='word_1_168' title='bbox 822 2220 951 2300; x_wconf 77' lang='lat' dir='ltr'><strong>ignem‘l</strong></span> <span class='ocrx_word' id='word_1_169' title='bbox 987 2220 1178 2283; x_wconf 81' lang='lat' dir='ltr'><strong>Ruhnkenio</strong></span> <span class='ocrx_word' id='word_1_170' title='bbox 1200 2222 1298 2302; x_wconf 82' lang='lat' dir='ltr'><strong>igitur</strong></span> 
     </span>
     <span class='ocr_line' id='line_1_19' title="bbox 98 2316 1297 2407; baseline 0.001 -20"><span class='ocrx_word' id='word_1_171' title='bbox 98 2322 312 2388; x_wconf 85' lang='lat' dir='ltr'><strong>scribendum</strong></span> <span class='ocrx_word' id='word_1_172' title='bbox 328 2343 399 2387; x_wconf 85' lang='lat' dir='ltr'><strong>esse</strong></span> <span class='ocrx_word' id='word_1_173' title='bbox 413 2322 586 2386; x_wconf 85' lang='lat' dir='ltr'><strong>videbatur</strong></span> <span class='ocrx_word' id='word_1_174' title='bbox 600 2316 652 2385; x_wconf 79' lang='grc' dir='ltr'>καὶ</span> <span class='ocrx_word' id='word_1_175' title='bbox 665 2316 816 2406; x_wconf 89' lang='grc' dir='ltr'>ποταμούς</span> <span class='ocrx_word' id='word_1_176' title='bbox 837 2319 932 2386; x_wconf 76' lang='grc' dir='ltr'>ἐνίοτε</span> <span class='ocrx_word' id='word_1_177' title='bbox 953 2325 1005 2387; x_wconf 90' lang='grc' dir='ltr'><strong>τοῦ</strong></span> <span class='ocrx_word' id='word_1_178' title='bbox 1023 2327 1169 2407; x_wconf 78' lang='grc' dir='ltr'>γηγενοῦς</span> <span class='ocrx_word' id='word_1_179' title='bbox 1182 2322 1297 2388; x_wconf 71' lang='grc' dir='ltr'>ἐκείνου</span> 
     </span>
     <span class='ocr_line' id='line_1_20' title="bbox 98 2421 1298 2512; baseline 0 -22"><span class='ocrx_word' id='word_1_180' title='bbox 98 2424 152 2491; x_wconf 83' lang='grc' dir='ltr'>καὶ</span> <span class='ocrx_word' id='word_1_181' title='bbox 177 2421 364 2512; x_wconf 77' lang='grc' dir='ltr'>αὐτόχθονος</span> <span class='ocrx_word' id='word_1_182' title='bbox 386 2424 550 2511; x_wconf 79' lang='grc' dir='ltr'>προχέουσι</span> <span class='ocrx_word' id='word_1_183' title='bbox 570 2422 680 2511; x_wconf 85' lang='grc' dir='ltr'>πυρός,</span> <span class='ocrx_word' id='word_1_184' title='bbox 711 2426 879 2506; x_wconf 76' lang='lat' dir='ltr'><strong>attulitque</strong></span> <span class='ocrx_word' id='word_1_185' title='bbox 903 2426 988 2507; x_wconf 92' lang='lat' dir='ltr'><strong>quod</strong></span> <span class='ocrx_word' id='word_1_186' title='bbox 1011 2427 1198 2490; x_wconf 78' lang='lat' dir='ltr'><strong>Plutarchus</strong></span> <span class='ocrx_word' id='word_1_187' title='bbox 1220 2427 1298 2490; x_wconf 89' lang='lat' dir='ltr'><strong>dicit</strong></span> 
     </span>
     <span class='ocr_line' id='line_1_21' title="bbox 98 2522 1297 2615; baseline -0.002 -21"><span class='ocrx_word' id='word_1_188' title='bbox 98 2543 122 2594; x_wconf 88' lang='lat' dir='ltr'><strong>t.</strong></span> <span class='ocrx_word' id='word_1_189' title='bbox 148 2549 173 2594; x_wconf 87' lang='lat' dir='ltr'><strong>rr</strong></span> <span class='ocrx_word' id='word_1_190' title='bbox 199 2550 232 2612; x_wconf 88' lang='lat' dir='ltr'><strong>p.</strong></span> <span class='ocrx_word' id='word_1_191' title='bbox 258 2531 352 2610; x_wconf 73' lang='lat'><strong>500⁵,</strong></span> <span class='ocrx_word' id='word_1_192' title='bbox 381 2533 483 2594; x_wconf 86' lang='grc' dir='ltr'>κακῶν</span> <span class='ocrx_word' id='word_1_193' title='bbox 504 2563 550 2576; x_wconf 90' lang='lat'>-</span> <span class='ocrx_word' id='word_1_194' title='bbox 571 2523 626 2592; x_wconf 88' lang='grc' dir='ltr'><strong>οὐκ</strong></span> <span class='ocrx_word' id='word_1_195' title='bbox 648 2524 757 2599; x_wconf 77' lang='grc' dir='ltr'>ἔξωθεν</span> <span class='ocrx_word' id='word_1_196' title='bbox 780 2522 995 2614; x_wconf 82' lang='grc' dir='ltr'>ἐπιρρεόντων,</span> <span class='ocrx_word' id='word_1_197' title='bbox 1020 2523 1088 2594; x_wconf 75' lang='grc' dir='ltr'>ἀλλ’</span> <span class='ocrx_word' id='word_1_198' title='bbox 1116 2522 1216 2615; x_wconf 79' lang='grc' dir='ltr'>ὥσπερ</span> <span class='ocrx_word' id='word_1_199' title='bbox 1238 2529 1297 2615; x_wconf 76' lang='grc' dir='ltr'>ἐγ-</span> 
     </span>
     <span class='ocr_line' id='line_1_22' title="bbox 96 2622 1297 2719; baseline -0.002 -21"><span class='ocrx_word' id='word_1_200' title='bbox 96 2631 202 2719; x_wconf 74' lang='grc' dir='ltr'>γείους</span> <span class='ocrx_word' id='word_1_201' title='bbox 230 2628 282 2697; x_wconf 74' lang='grc' dir='ltr'>καὶ</span> <span class='ocrx_word' id='word_1_202' title='bbox 310 2627 501 2719; x_wconf 76' lang='grc' dir='ltr'>αὐτόχθονας</span> <span class='ocrx_word' id='word_1_203' title='bbox 521 2627 621 2716; x_wconf 83' lang='grc' dir='ltr'>πηγὰς</span> <span class='ocrx_word' id='word_1_204' title='bbox 642 2625 794 2718; x_wconf 69' lang='grc' dir='ltr'>ἐχόντων,</span> <span class='ocrx_word' id='word_1_205' title='bbox 826 2622 862 2704; x_wconf 75' lang='grc' dir='ltr'>ἃς</span> <span class='ocrx_word' id='word_1_206' title='bbox 884 2627 1000 2718; x_wconf 75' lang='grc' dir='ltr'>ἀνίησιν</span> <span class='ocrx_word' id='word_1_207' title='bbox 1023 2627 1169 2716; x_wconf 76' lang='grc' dir='ltr'>ἡκακία.</span> <span class='ocrx_word' id='word_1_208' title='bbox 1216 2635 1297 2696; x_wconf 93' lang='lat' dir='ltr'><strong>nihil</strong></span> 
     </span>
     <span class='ocr_line' id='line_1_23' title="bbox 98 2735 1296 2818; baseline 0 -18"><span class='ocrx_word' id='word_1_209' title='bbox 98 2749 149 2800; x_wconf 86' lang='lat' dir='ltr'><strong>est</strong></span> <span class='ocrx_word' id='word_1_210' title='bbox 174 2739 209 2800; x_wconf 91' lang='lat' dir='ltr'><strong>in</strong></span> <span class='ocrx_word' id='word_1_211' title='bbox 233 2755 270 2799; x_wconf 90' lang='lat' dir='ltr'><strong>ea</strong></span> <span class='ocrx_word' id='word_1_212' title='bbox 292 2737 516 2800; x_wconf 82' lang='lat' dir='ltr'><strong>emendatione</strong></span> <span class='ocrx_word' id='word_1_213' title='bbox 531 2735 617 2817; x_wconf 91' lang='lat' dir='ltr'><strong>qnod</strong></span> <span class='ocrx_word' id='word_1_214' title='bbox 632 2735 803 2818; x_wconf 82' lang='lat' dir='ltr'><strong>displicere</strong></span> <span class='ocrx_word' id='word_1_215' title='bbox 818 2737 935 2818; x_wconf 84' lang='lat' dir='ltr'><strong>possit,</strong></span> <span class='ocrx_word' id='word_1_216' title='bbox 960 2738 1022 2798; x_wconf 91' lang='lat' dir='ltr'><strong>nisi</strong></span> <span class='ocrx_word' id='word_1_217' title='bbox 1040 2737 1125 2817; x_wconf 91' lang='lat' dir='ltr'><strong>qnod</strong></span> <span class='ocrx_word' id='word_1_218' title='bbox 1140 2738 1296 2800; x_wconf 89' lang='lat' dir='ltr'><strong>leniorem</strong></span> 
     </span>
     <span class='ocr_line' id='line_1_24' title="bbox 97 2835 1296 2921; baseline 0.002 -19"><span class='ocrx_word' id='word_1_219' title='bbox 97 2842 194 2904; x_wconf 86' lang='lat' dir='ltr'><strong>velis.</strong></span> <span class='ocrx_word' id='word_1_220' title='bbox 242 2843 349 2921; x_wconf 86' lang='lat' dir='ltr'><strong>itaque</strong></span> <span class='ocrx_word' id='word_1_221' title='bbox 365 2841 492 2902; x_wconf 88' lang='lat' dir='ltr'><strong>lahnius</strong></span> <span class='ocrx_word' id='word_1_222' title='bbox 516 2841 637 2921; x_wconf 89' lang='lat' dir='ltr'><strong>recepit</strong></span> <span class='ocrx_word' id='word_1_223' title='bbox 659 2838 745 2920; x_wconf 92' lang='lat' dir='ltr'><strong>quod</strong></span> <span class='ocrx_word' id='word_1_224' title='bbox 758 2839 1023 2921; x_wconf 80' lang='lat' dir='ltr'><strong>wyttenbachius</strong></span> <span class='ocrx_word' id='word_1_225' title='bbox 1045 2842 1180 2902; x_wconf 89' lang='lat' dir='ltr'><strong>coniecit</strong></span> <span class='ocrx_word' id='word_1_226' title='bbox 1202 2835 1296 2904; x_wconf 87' lang='grc' dir='ltr'>αὐτο-</span> 
     </span>
     <span class='ocr_line' id='line_1_25' title="bbox 96 2939 1296 3029; baseline 0 -23"><span class='ocrx_word' id='word_1_227' title='bbox 96 2939 208 3029; x_wconf 81' lang='grc' dir='ltr'>νόμου.</span> <span class='ocrx_word' id='word_1_228' title='bbox 256 2944 336 3006; x_wconf 91' lang='lat' dir='ltr'><strong>nihil</strong></span> <span class='ocrx_word' id='word_1_229' title='bbox 365 2963 441 3006; x_wconf 90' lang='lat' dir='ltr'><strong>sane</strong></span> <span class='ocrx_word' id='word_1_230' title='bbox 472 2943 576 3007; x_wconf 90' lang='lat' dir='ltr'><strong>lenius</strong></span> <span class='ocrx_word' id='word_1_231' title='bbox 606 2943 676 3005; x_wconf 85' lang='lat' dir='ltr'><strong>fleri</strong></span> <span class='ocrx_word' id='word_1_232' title='bbox 698 2945 817 3024; x_wconf 92' lang='lat' dir='ltr'><strong>potnit,</strong></span> <span class='ocrx_word' id='word_1_233' title='bbox 850 2954 883 3006; x_wconf 89' lang='lat' dir='ltr'><strong>et</strong></span> <span class='ocrx_word' id='word_1_234' title='bbox 907 2954 1014 3007; x_wconf 89' lang='lat' dir='ltr'><strong>tamen</strong></span> <span class='ocrx_word' id='word_1_235' title='bbox 1038 2963 1190 3025; x_wconf 79' lang='lat' dir='ltr'><strong>negamus</strong></span> <span class='ocrx_word' id='word_1_236' title='bbox 1213 2946 1296 3006; x_wconf 89' lang='lat' dir='ltr'><strong>reci-</strong></span> 
     </span>
     <span class='ocr_line' id='line_1_26' title="bbox 97 3044 1296 3130; baseline 0 -20"><span class='ocrx_word' id='word_1_237' title='bbox 97 3046 257 3130; x_wconf 88' lang='lat' dir='ltr'><strong>piendum</strong></span> <span class='ocrx_word' id='word_1_238' title='bbox 285 3046 395 3110; x_wconf 83' lang='lat' dir='ltr'><strong>fuisse.</strong></span> <span class='ocrx_word' id='word_1_239' title='bbox 442 3049 561 3127; x_wconf 90' lang='lat' dir='ltr'><strong>quippe</strong></span> <span class='ocrx_word' id='word_1_240' title='bbox 590 3044 672 3108; x_wconf 83' lang='lat' dir='ltr'><strong>facta</strong></span> <span class='ocrx_word' id='word_1_241' title='bbox 698 3048 871 3109; x_wconf 88' lang='lat' dir='ltr'><strong>mutatione</strong></span> <span class='ocrx_word' id='word_1_242' title='bbox 901 3067 965 3108; x_wconf 91' lang='lat' dir='ltr'><strong>non</strong></span> <span class='ocrx_word' id='word_1_243' title='bbox 994 3047 1092 3109; x_wconf 93' lang='lat' dir='ltr'><strong>multo</strong></span> <span class='ocrx_word' id='word_1_244' title='bbox 1120 3049 1238 3110; x_wconf 86' lang='lat' dir='ltr'><strong>maiore</strong></span> <span class='ocrx_word' id='word_1_245' title='bbox 1262 3048 1296 3110; x_wconf 91' lang='lat' dir='ltr'><strong>id</strong></span> 
     </span>
     <span class='ocr_line' id='line_1_27' title="bbox 96 3145 1295 3234; baseline 0.001 -21"><span class='ocrx_word' id='word_1_246' title='bbox 96 3155 209 3234; x_wconf 91' lang='lat' dir='ltr'><strong>ipsum</strong></span> <span class='ocrx_word' id='word_1_247' title='bbox 238 3151 418 3213; x_wconf 88' lang='lat' dir='ltr'><strong>restituitur</strong></span> <span class='ocrx_word' id='word_1_248' title='bbox 446 3149 532 3231; x_wconf 90' lang='lat' dir='ltr'><strong>qnod</strong></span> <span class='ocrx_word' id='word_1_249' title='bbox 561 3151 702 3212; x_wconf 91' lang='lat' dir='ltr'><strong>omnium</strong></span> <span class='ocrx_word' id='word_1_250' title='bbox 732 3159 780 3212; x_wconf 88' lang='lat' dir='ltr'><strong>est</strong></span> <span class='ocrx_word' id='word_1_251' title='bbox 807 3151 1023 3231; x_wconf 90' lang='lat' dir='ltr'><strong>aptissimum,</strong></span> <span class='ocrx_word' id='word_1_252' title='bbox 1058 3145 1111 3213; x_wconf 79' lang='grc' dir='ltr'>καλ</span> <span class='ocrx_word' id='word_1_253' title='bbox 1143 3146 1295 3233; x_wconf 86' lang='grc' dir='ltr'>ποταμούς</span> 
     </span>
     <span class='ocr_line' id='line_1_28' title="bbox 95 3246 1296 3338; baseline -0.002 -20"><span class='ocrx_word' id='word_1_254' title='bbox 95 3253 198 3318; x_wconf 68' lang='lat' dir='ltr'><strong>dolote</strong></span> <span class='ocrx_word' id='word_1_255' title='bbox 220 3255 274 3316; x_wconf 87' lang='grc' dir='ltr'><strong>τοῦ</strong></span> <span class='ocrx_word' id='word_1_256' title='bbox 294 3255 439 3338; x_wconf 84' lang='grc' dir='ltr'>γηγενοῦς</span> <span class='ocrx_word' id='word_1_257' title='bbox 461 3250 578 3316; x_wconf 68' lang='grc' dir='ltr'>ἐκείνου</span> <span class='ocrx_word' id='word_1_258' title='bbox 599 3247 651 3314; x_wconf 78' lang='grc' dir='ltr'>καλ</span> <span class='ocrx_word' id='word_1_259' title='bbox 673 3246 843 3336; x_wconf 85' lang='grc' dir='ltr'>αὐτομάτου</span> <span class='ocrx_word' id='word_1_260' title='bbox 860 3251 1024 3338; x_wconf 83' lang='grc' dir='ltr'>προχέουσι</span> <span class='ocrx_word' id='word_1_261' title='bbox 1037 3247 1140 3338; x_wconf 87' lang='grc' dir='ltr'>πυρός.</span> <span class='ocrx_word' id='word_1_262' title='bbox 1180 3255 1296 3317; x_wconf 88' lang='lat' dir='ltr'><strong>tollunt</strong></span> 
     </span>
     <span class='ocr_line' id='line_1_29' title="bbox 96 3355 1292 3439; baseline 0 -19"><span class='ocrx_word' id='word_1_263' title='bbox 96 3357 335 3420; x_wconf 81' lang='lat' dir='ltr'><strong>dubitationem</strong></span> <span class='ocrx_word' id='word_1_264' title='bbox 358 3375 440 3437; x_wconf 85' lang='lat' dir='ltr'><strong>quae</strong></span> <span class='ocrx_word' id='word_1_265' title='bbox 463 3356 639 3419; x_wconf 89' lang='lat' dir='ltr'><strong>Heraclitus</strong></span> <span class='ocrx_word' id='word_1_266' title='bbox 662 3357 695 3416; x_wconf 94' lang='lat' dir='ltr'><strong>in</strong></span> <span class='ocrx_word' id='word_1_267' title='bbox 710 3355 880 3437; x_wconf 78' lang='lat' dir='ltr'><strong>Allegoriis</strong></span> <span class='ocrx_word' id='word_1_268' title='bbox 895 3358 1069 3420; x_wconf 86' lang='lat' dir='ltr'><strong>Homericis</strong></span> <span class='ocrx_word' id='word_1_269' title='bbox 1090 3377 1123 3439; x_wconf 92' lang='lat' dir='ltr'><strong>p.</strong></span> <span class='ocrx_word' id='word_1_270' title='bbox 1143 3357 1204 3420; x_wconf 85' lang='lat' dir='ltr'><strong>ll&#39;l</strong></span> <span class='ocrx_word' id='word_1_271' title='bbox 1224 3357 1292 3420; x_wconf 88' lang='lat' dir='ltr'><strong>Gal.</strong></span> 
     </span>
     <span class='ocr_line' id='line_1_30' title="bbox 95 3453 1296 3545; baseline -0.001 -20"><span class='ocrx_word' id='word_1_272' title='bbox 95 3463 137 3525; x_wconf 92' lang='lat' dir='ltr'><strong>de</strong></span> <span class='ocrx_word' id='word_1_273' title='bbox 163 3463 283 3523; x_wconf 92' lang='lat' dir='ltr'><strong>Lemno</strong></span> <span class='ocrx_word' id='word_1_274' title='bbox 305 3459 400 3540; x_wconf 87' lang='lat' dir='ltr'><strong>dicit,</strong></span> <span class='ocrx_word' id='word_1_275' title='bbox 431 3458 564 3522; x_wconf 70' lang='grc' dir='ltr'>ἐνταῦθα</span> <span class='ocrx_word' id='word_1_276' title='bbox 591 3453 650 3543; x_wconf 82' lang='grc' dir='ltr'>γὰρ</span> <span class='ocrx_word' id='word_1_277' title='bbox 680 3453 813 3522; x_wconf 81' lang='grc' dir='ltr'>ἀνίενται</span> <span class='ocrx_word' id='word_1_278' title='bbox 840 3463 986 3544; x_wconf 87' lang='grc' dir='ltr'>γηγενοῦς</span> <span class='ocrx_word' id='word_1_279' title='bbox 1013 3455 1105 3545; x_wconf 83' lang='grc' dir='ltr'>πυρὸς</span> <span class='ocrx_word' id='word_1_280' title='bbox 1132 3453 1296 3544; x_wconf 88' lang='grc' dir='ltr'>αὐτόματοι</span> 
     </span>
     <span class='ocr_line' id='line_1_31' title="bbox 95 3558 1295 3650; baseline 0 -22"><span class='ocrx_word' id='word_1_281' title='bbox 95 3558 224 3650; x_wconf 82' lang='grc' dir='ltr'>φλόγες.</span> <span class='ocrx_word' id='word_1_282' title='bbox 273 3561 391 3626; x_wconf 85' lang='lat' dir='ltr'><strong>habent</strong></span> <span class='ocrx_word' id='word_1_283' title='bbox 422 3562 468 3625; x_wconf 91' lang='lat' dir='ltr'><strong>ibi</strong></span> <span class='ocrx_word' id='word_1_284' title='bbox 497 3561 573 3624; x_wconf 92' lang='lat' dir='ltr'><strong>libri</strong></span> <span class='ocrx_word' id='word_1_285' title='bbox 603 3562 783 3646; x_wconf 72' lang='grc' dir='ltr'>ἐγγηγενοῦς</span> <span class='ocrx_word' id='word_1_286' title='bbox 812 3574 843 3626; x_wconf 85' lang='lat' dir='ltr'><strong>et</strong></span> <span class='ocrx_word' id='word_1_287' title='bbox 871 3563 1105 3649; x_wconf 76' lang='grc' dir='ltr'>ἑγγογηγενοῦς,</span> <span class='ocrx_word' id='word_1_288' title='bbox 1136 3565 1295 3628; x_wconf 88' lang='lat' dir='ltr'><strong>llehlerus</strong></span> 
     </span>
     <span class='ocr_line' id='line_1_32' title="bbox 95 3659 1293 3750; baseline -0.002 -19"><span class='ocrx_word' id='word_1_289' title='bbox 95 3679 210 3731; x_wconf 88' lang='lat' dir='ltr'><strong>autem</strong></span> <span class='ocrx_word' id='word_1_290' title='bbox 232 3665 318 3747; x_wconf 92' lang='lat' dir='ltr'><strong>quod</strong></span> <span class='ocrx_word' id='word_1_291' title='bbox 340 3687 373 3748; x_wconf 92' lang='lat' dir='ltr'><strong>p.</strong></span> <span class='ocrx_word' id='word_1_292' title='bbox 392 3665 434 3728; x_wconf 80' lang='lat'><strong>57</strong></span> <span class='ocrx_word' id='word_1_293' title='bbox 456 3666 584 3747; x_wconf 85' lang='lat' dir='ltr'><strong>scripsit</strong></span> <span class='ocrx_word' id='word_1_294' title='bbox 599 3659 607 3683; x_wconf 77' lang='lat'>‘</span> <span class='ocrx_word' id='word_1_295' title='bbox 620 3669 765 3750; x_wconf 82' lang='grc' dir='ltr'>γηγενοῦς</span> <span class='ocrx_word' id='word_1_296' title='bbox 785 3666 925 3729; x_wconf 84' lang='lat' dir='ltr'><strong>arbitror</strong></span> <span class='ocrx_word' id='word_1_297' title='bbox 947 3687 1016 3730; x_wconf 89' lang='lat' dir='ltr'><strong>esse</strong></span> <span class='ocrx_word' id='word_1_298' title='bbox 1036 3667 1293 3748; x_wconf 79' lang='lat' dir='ltr'><strong>restituendum,&#39;</strong></span> 
     </span>
     <span class='ocr_line' id='line_1_33' title="bbox 95 3767 1296 3852; baseline 0.002 -19"><span class='ocrx_word' id='word_1_299' title='bbox 95 3771 221 3833; x_wconf 90' lang='lat' dir='ltr'><strong>oblitus</strong></span> <span class='ocrx_word' id='word_1_300' title='bbox 247 3778 296 3832; x_wconf 91' lang='lat' dir='ltr'><strong>est</strong></span> <span class='ocrx_word' id='word_1_301' title='bbox 324 3769 444 3832; x_wconf 88' lang='lat' dir='ltr'><strong>addere</strong></span> <span class='ocrx_word' id='word_1_302' title='bbox 466 3770 560 3831; x_wconf 88' lang='lat' dir='ltr'><strong>tacite</strong></span> <span class='ocrx_word' id='word_1_303' title='bbox 588 3767 622 3830; x_wconf 93' lang='lat' dir='ltr'><strong>id</strong></span> <span class='ocrx_word' id='word_1_304' title='bbox 644 3770 822 3832; x_wconf 88' lang='lat' dir='ltr'><strong>restituisse</strong></span> <span class='ocrx_word' id='word_1_305' title='bbox 844 3771 1083 3832; x_wconf 81' lang='lat' dir='ltr'><strong>Ruhnkenium.</strong></span> <span class='ocrx_word' id='word_1_306' title='bbox 1131 3773 1186 3851; x_wconf 90' lang='lat' dir='ltr'><strong>qui</strong></span> <span class='ocrx_word' id='word_1_307' title='bbox 1210 3771 1296 3852; x_wconf 89' lang='lat' dir='ltr'><strong>quod</strong></span> 
     </span>
     <span class='ocr_line' id='line_1_34' title="bbox 95 3865 1295 3956; baseline 0 -20"><span class='ocrx_word' id='word_1_308' title='bbox 95 3872 254 3936; x_wconf 85' lang='lat' dir='ltr'><strong>lleraeliti</strong></span> <span class='ocrx_word' id='word_1_309' title='bbox 282 3871 384 3934; x_wconf 88' lang='lat' dir='ltr'><strong>verba</strong></span> <span class='ocrx_word' id='word_1_310' title='bbox 410 3872 516 3935; x_wconf 88' lang='lat' dir='ltr'><strong>attulit</strong></span> <span class='ocrx_word' id='word_1_311' title='bbox 546 3881 579 3934; x_wconf 91' lang='lat' dir='ltr'><strong>et</strong></span> <span class='ocrx_word' id='word_1_312' title='bbox 607 3880 712 3934; x_wconf 89' lang='lat' dir='ltr'><strong>tamen</strong></span> <span class='ocrx_word' id='word_1_313' title='bbox 742 3871 822 3935; x_wconf 95' lang='lat' dir='ltr'><strong>illud</strong></span> <span class='ocrx_word' id='word_1_314' title='bbox 852 3867 943 3936; x_wconf 91' lang='grc' dir='ltr'>αὐτοῦ</span> <span class='ocrx_word' id='word_1_315' title='bbox 973 3865 1065 3956; x_wconf 90' lang='grc' dir='ltr'>μόνου</span> <span class='ocrx_word' id='word_1_316' title='bbox 1094 3893 1157 3936; x_wconf 90' lang='lat' dir='ltr'><strong>non</strong></span> <span class='ocrx_word' id='word_1_317' title='bbox 1180 3875 1295 3937; x_wconf 90' lang='lat' dir='ltr'><strong>molius</strong></span> 
     </span>
     <span class='ocr_line' id='line_1_35' title="bbox 96 3973 1293 4056; baseline -0.002 -16"><span class='ocrx_word' id='word_1_318' title='bbox 96 3973 287 4041; x_wconf 85' lang='lat' dir='ltr'><strong>emendavit</strong></span> <span class='ocrx_word' id='word_1_319' title='bbox 309 3993 415 4056; x_wconf 90' lang='lat' dir='ltr'><strong>neque</strong></span> <span class='ocrx_word' id='word_1_320' title='bbox 437 3975 627 4037; x_wconf 91' lang='lat' dir='ltr'><strong>mirabimur</strong></span> <span class='ocrx_word' id='word_1_321' title='bbox 641 3974 734 4037; x_wconf 90' lang='lat' dir='ltr'><strong>valde</strong></span> <span class='ocrx_word' id='word_1_322' title='bbox 758 3984 790 4038; x_wconf 89' lang='lat' dir='ltr'><strong>et</strong></span> <span class='ocrx_word' id='word_1_323' title='bbox 812 3976 910 4038; x_wconf 90' lang='lat' dir='ltr'><strong>multo</strong></span> <span class='ocrx_word' id='word_1_324' title='bbox 933 3977 1039 4039; x_wconf 87' lang='lat' dir='ltr'><strong>minus</strong></span> <span class='ocrx_word' id='word_1_325' title='bbox 1061 3977 1293 4040; x_wconf 84' lang='lat' dir='ltr'><strong>cavillabimnr.</strong></span> 
     </span>
     <span class='ocr_line' id='line_1_36' title="bbox 94 4077 1295 4160; baseline 0.001 -19"><span class='ocrx_word' id='word_1_326' title='bbox 94 4079 256 4142; x_wconf 90' lang='lat' dir='ltr'><strong>nimirum</strong></span> <span class='ocrx_word' id='word_1_327' title='bbox 273 4077 357 4142; x_wconf 88' lang='lat' dir='ltr'><strong>idem</strong></span> <span class='ocrx_word' id='word_1_328' title='bbox 372 4098 483 4141; x_wconf 90' lang='lat' dir='ltr'><strong>omnes</strong></span> <span class='ocrx_word' id='word_1_329' title='bbox 497 4077 636 4140; x_wconf 78' lang='lat' dir='ltr'><strong>fallimur</strong></span> <span class='ocrx_word' id='word_1_330' title='bbox 651 4095 757 4157; x_wconf 90' lang='lat' dir='ltr'><strong>neque</strong></span> <span class='ocrx_word' id='word_1_331' title='bbox 780 4087 828 4140; x_wconf 90' lang='lat' dir='ltr'><strong>est</strong></span> <span class='ocrx_word' id='word_1_332' title='bbox 850 4079 1019 4158; x_wconf 84' lang='lat' dir='ltr'><strong>quisquam</strong></span> <span class='ocrx_word' id='word_1_333' title='bbox 1043 4081 1099 4160; x_wconf 84' lang='lat' dir='ltr'><strong>qui</strong></span> <span class='ocrx_word' id='word_1_334' title='bbox 1115 4100 1178 4142; x_wconf 93' lang='lat' dir='ltr'><strong>non</strong></span> <span class='ocrx_word' id='word_1_335' title='bbox 1194 4081 1295 4142; x_wconf 88' lang='lat' dir='ltr'><strong>inter-</strong></span> 
     </span>
     <span class='ocr_line' id='line_1_37' title="bbox 96 4179 1295 4264; baseline 0.001 -19"><span class='ocrx_word' id='word_1_336' title='bbox 96 4183 196 4262; x_wconf 91' lang='lat' dir='ltr'><strong>dum,</strong></span> <span class='ocrx_word' id='word_1_337' title='bbox 222 4179 332 4244; x_wconf 87' lang='lat' dir='ltr'><strong>abdita</strong></span> <span class='ocrx_word' id='word_1_338' title='bbox 354 4180 431 4244; x_wconf 92' lang='lat' dir='ltr'><strong>dum</strong></span> <span class='ocrx_word' id='word_1_339' title='bbox 453 4181 610 4244; x_wconf 87' lang='lat' dir='ltr'><strong>curiosius</strong></span> <span class='ocrx_word' id='word_1_340' title='bbox 632 4189 808 4259; x_wconf 87' lang='lat' dir='ltr'><strong>scrutatur,</strong></span> <span class='ocrx_word' id='word_1_341' title='bbox 838 4200 875 4243; x_wconf 86' lang='lat' dir='ltr'><strong>ee</strong></span> <span class='ocrx_word' id='word_1_342' title='bbox 898 4199 979 4261; x_wconf 86' lang='lat' dir='ltr'><strong>quae</strong></span> <span class='ocrx_word' id='word_1_343' title='bbox 1001 4192 1075 4245; x_wconf 90' lang='lat' dir='ltr'><strong>ante</strong></span> <span class='ocrx_word' id='word_1_344' title='bbox 1098 4181 1198 4264; x_wconf 89' lang='lat' dir='ltr'><strong>pedes</strong></span> <span class='ocrx_word' id='word_1_345' title='bbox 1220 4193 1295 4246; x_wconf 91' lang='lat' dir='ltr'><strong>sunt</strong></span> 
     </span>
     <span class='ocr_line' id='line_1_38' title="bbox 95 4283 727 4348; baseline -0.011 0"><span class='ocrx_word' id='word_1_346' title='bbox 95 4305 165 4348; x_wconf 91' lang='lat' dir='ltr'><strong>non</strong></span> <span class='ocrx_word' id='word_1_347' title='bbox 189 4283 309 4348; x_wconf 84' lang='lat' dir='ltr'><strong>videat.</strong></span> <span class='ocrx_word' id='word_1_348' title='bbox 726 4299 727 4304; x_wconf 49' lang='lat'>¹</span> 
     </span>
    </p>
   </div>
   <div class='ocr_carea' id='block_1_3' title="bbox 597 4467 802 4482">
    <p class='ocr_par' dir='ltr' id='par_1_3' title="bbox 597 4467 802 4482">
     <span class='ocr_line' id='line_1_39' title="bbox 597 4467 802 4482; baseline 0 0"><span class='ocrx_word' id='word_1_349' title='bbox 597 4467 802 4482; x_wconf 59' lang='lat' dir='ltr'><strong>mmmm</strong></span> 
     </span>
    </p>
   </div>
   <div class='ocr_carea' id='block_1_4' title="bbox 149 4607 445 4662">
    <p class='ocr_par' dir='ltr' id='par_1_4' title="bbox 149 4607 445 4662">
     <span class='ocr_line' id='line_1_40' title="bbox 149 4607 445 4662; baseline -0.01 -11"><span class='ocrx_word' id='word_1_350' title='bbox 149 4607 274 4662; x_wconf 78' lang='lat' dir='ltr'><strong>lisnptli</strong></span> <span class='ocrx_word' id='word_1_351' title='bbox 287 4607 399 4662; x_wconf 79' lang='lat' dir='ltr'><strong>Opnsculs</strong></span> <span class='ocrx_word' id='word_1_352' title='bbox 416 4607 445 4648; x_wconf 90' lang='lat' dir='ltr'><strong>ll.</strong></span> 
     </span>
    </p>
   </div>
   <div class='ocr_carea' id='block_1_5' title="bbox 0 0 1624 5094">
    <p class='ocr_par' dir='ltr' id='par_1_5' title="bbox 0 0 1624 5094">
     <span class='ocr_line' id='line_1_41' title="bbox 0 0 1624 5094; baseline 0 2"><span class='ocrx_word' id='word_1_353' title='bbox 0 0 1624 5094; x_wconf 95' lang='lat' dir='ltr'><strong> </strong></span> 
     </span>
    </p>
   </div>
  </div>
 </body>
</html>
