3186 5108
363 389 460 450 laum»
476 405 644 452 ammom
666 357 851 454 prosaicam
868 391 962 452 tata
1189 377 1260 448 lta

199 569 349 648 θάσσονας
373 571 495 663 αὖράον
517 577 742 665 κονοποορίὸας,
768 576 803 643 αἵ
823 579 862 665 ῥα
884 580 989 651 διῶξαι

198 670 323 743 ῶνισται
345 675 468 766 νεβρούς
489 705 522 745 τε
543 679 595 746 καί
617 677 653 746 od
677 677 791 766 ρίιοντα
813 680 932 768 λαγωόν

198 779 250 846 καί
272 781 375 867 κοίτην
397 782 525 870 ἐλάφοιο
547 782 599 848 καί
621 777 760 872 ῶσπριχος
782 783 858 849 ἔνθα
879 783 984 851 καλιαί

199 889 332 970 σημῆναι
354 884 407 951 καί
429 883 534 973 (opida
556 883 599 952 ἐπ’
625 884 721 974 ἶχνιον
744 883 931 974 ἡγήσασθαι.

83 988 111 1048 in
137 988 244 1050 horum
267 1009 421 1054 versuum
448 993 548 1054 altero
569 991 769 1078 παροοατίους
790 993 979 1056 vocabulum
1009 1003 1069 1056 est·
1087 1013 1149 1055 non
1173 993 1265 1056 modo

83 1089 249 1155 inauditum
271 1091 329 1156 sed
350 1093 438 1175 quod
459 1096 601 1176 intellegi
623 1105 775 1176 nequeat.
815 1095 1168 1160 Ruhnkeniumautem
1191 1117 1266 1180 spes

83 1194 219 1258 lrustrata
249 1207 297 1259 est
326 1217 401 1260 cum
429 1197 657 1262 emendaturus
684 1217 812 1261 carmen
840 1199 901 1261 sibi
931 1219 1001 1262 esse
1034 1199 1205 1264 videbatur
1238 1203 1264 1262 si

81 1298 227 1362 scriberet
248 1299 327 1386 τρεῖς
351 1298 385 1364 hi
406 1296 472 1386 πόρ’
497 1295 646 1374 οὖαπίοος.
686 1321 760 1366 nam
774 1297 881 1386 ἔπορεν
897 1313 932 1364 ut
945 1302 1120 1366 adderetur
1135 1306 1265 1367 minime

81 1421 152 1482 opus
173 1413 250 1483 erat,
277 1405 372 1465 immo
395 1423 468 1466 cum
489 1407 587 1470 celeri
611 1415 643 1468 et
657 1407 811 1468 concitata
827 1415 939 1486 poetae
963 1408 1103 1468 oratione
1121 1410 1266 1488 congruit

81 1505 158 1584 quod
178 1517 250 1588 post
273 1507 473 1568 interiectam
502 1508 632 1572 domum
660 1527 774 1574 canum
804 1508 1018 1571 laudationem
1041 1509 1183 1590 dumque
1206 1510 1266 1572 alia

81 1607 191 1672 addere
219 1609 357 1672 instituit
385 1606 482 1673 ἔδωκα
511 1611 665 1690 subiecit,
698 1611 783 1693 quod
814 1613 889 1674 illuc
918 1614 988 1674 sine
1010 1615 1095 1674 omni
1124 1614 1265 1675 molestia

83 1711 222 1774 relertur.
270 1711 388 1776 deinde
410 1709 503 1785 τίνας
525 1709 703 1786 obsideatur
726 1714 789 1777 dici
812 1734 917 1796 posse,
942 1725 977 1777 ut
999 1717 1108 1778 asinus
1130 1736 1148 1777 a
1171 1718 1267 1779 Calli-

82 1817 181 1876 macho
197 1815 302 1879 dictus
318 1826 366 1878 est
381 1811 441 1901 θὴρ
465 1810 612 1895 οὐατόεις,
637 1819 771 1880 minime·
784 1817 977 1898 dubitamus,
1002 1813 1139 1892 οόατίοος
1155 1821 1266 1882 Graeci

82 1936 136 1978 non
151 1917 304 1981 uidentur
318 1921 457 1982 novisse.
498 1920 638 2002 denique
654 1921 740 1983 inter
761 1939 856 1984 canes
871 1921 950 1984 duos
973 1943 1012 1984 ex
1029 1923 1160 1986 dimidia
1177 1935 1266 2006 parte

81 2020 161 2082 albos
182 2032 213 2084 et
236 2041 336 2086 unum
351 2025 476 2086 varium
500 2044 562 2086 non
579 2035 711 2104 possunt
732 2027 970 2088 commemorari
994 2045 1089 2089 canes
1109 2029 1170 2089 nisi
1187 2047 1268 2108 quo-

83 2143 146 2185 rum
166 2125 246 2188 alius
270 2146 363 2208 quam
394 2128 518 2190 illorum
542 2128 627 2189 color
650 2115 719 2190 est.¹
764 2147 839 2191 nam
860 2129 947 2209 quod
968 2130 1139 2210 aliquando
1160 2133 1292 2213 prola-⁵

83 2237 144 2290 tum
164 2249 232 2292 esse
255 2231 460 2293 meminimus
482 2229 561 2315 τρεῖς
584 2225 611 2292 δ’
639 2225 855 2315 ἀργοοατίοος,
885 2251 992 2313 neque
1021 2233 1102 2295 lenis
1125 2245 1173 2296 est
1195 2255 1267 2298 mu-

83 2333 277 2414 tationeque
299 2343 514 2415 conpensutuc
536 2334 595 2396 huc
616 2333 776 2414 probabili
799 2339 969 2415 sententia,
994 2337 1090 2398 immo
1105 2337 1267 2400 distinctio

83 2433 113 2494 ht
133 2454 192 2498 non
214 2438 292 2500 satis
311 2446 410 2516 recta,
434 2437 609 2501 cumidem
631 2439 719 2500 canis
741 2447 773 2519 et
787 2441 897 2502 varius
919 2459 988 2502 esse
1012 2443 1111 2520 possit
1132 2452 1164 2503 et
1178 2440 1268 2504 albus

84 2536 193 2602 hubone
226 2559 332 2602 aures.
391 2539 601 2621 gaudebimus
629 2542 731 2623 siquis
765 2553 874 2604 notum
907 2542 1095 2606 vocabulum
1128 2547 1268 2607 attulerit

82 2641 160 2720 quod
181 2653 212 2707 et
233 2654 344 2726 aptum
366 2645 408 2706 sit
430 2643 658 2724 significatione
682 2663 788 2726 noque
811 2665 829 2706 a
851 2646 977 2708 traditis
999 2647 1114 2709 litteris
1132 2649 1267 2710 nimium

82 2743 186 2810 distet:
211 2748 343 2810 iuterim
364 2747 564 2827 Callimacho,
590 2767 686 2829 quem
702 2750 822 2811 rariora
843 2749 984 2812 studiose
1001 2753 1175 2832 captavisse
1191 2771 1267 2814 con-

82 2858 148 2928 stat,
172 2851 361 2916 insolentius
383 2850 506 2931 aliquid
528 2849 673 2913 tribuere
696 2871 759 2914 non
784 2843 1037 2915 reformidamus.
1070 2857 1269 2936 suspicamur

83 2953 161 3016 enim
182 2952 392 3018 scribendum
414 2973 486 3016 esse
510 2953 589 3040 τρεῖς
613 2950 647 3017 δὲ
667 2951 858 3039 παριοσίους,
890 2955 921 3017 id
950 2965 999 3018 cst
1021 2960 1080 3019 tris
1102 2975 1174 3021 vcro
1196 2960 1269 3022 suh-

83 3055 171 3137 msos.
212 3059 332 3122 etenim
347 3055 533 3118 Aristoteles
556 3058 587 3117 in
612 3057 741 3119 historia
764 3058 948 3120 animalium
973 3079 1002 3120 rx
1027 3061 1066 3120 ib
1087 3061 1128 3124 de
1151 3060 1269 3125 bonaso

85 3159 154 3224 haec
167 3161 256 3242 dicit,
280 3155 315 3224 τὸ
339 3157 373 3222 δὲ
394 3164 507 3246 χρῶμα
527 3157 595 3246 ἔχει
616 3183 645 3222 τι
666 3160 755 3243 μέσον
778 3165 888 3247 coppos
911 3158 961 3225 καί
982 3166 1108 3249 troppau,
1133 3158 1191 3250 οὐχ
1206 3161 1269 3229 οἷον

83 3260 111 3324 αἱ
125 3267 246 3349 παρῶσι
267 3259 353 3327 ἵπποι
375 3259 572 3346 calatriam,
596 3257 659 3326 ἀλλ’
679 3259 910 3350 αὐχμηροτέραν
930 3261 985 3351 τὴν
1006 3264 1109 3352 τρίχα,
1133 3261 1269 3332 κάτωθεν

82 3358 206 3452 aptota·
239 3366 368 3451 μέλανος
390 3360 416 3428 δ’
443 3358 463 3450 ἢ
486 3362 594 3452 πυρραὶ
617 3361 734 3453 σφόδρα
757 3362 792 3432 οὐ
814 3366 956 3452 γίνονται.
1005 3379 1071 3433 tum
1097 3370 1183 3452 apud
1206 3373 1270 3434 lle-

82 3471 218 3549 sychium
248 3471 327 3534 hacc
349 3471 516 3550 leguntur,
546 3463 683 3555 παρωάς.
729 3467 852 3556 παριοαί
873 3470 1012 3557 λέγονται
1032 3469 1118 3538 ἵπποι
1138 3471 1215 3546 τινὲς
1236 3471 1270 3538 τὸ

82 3575 186 3656 χρῶμα
198 3571 307 3661 πυρροί
321 3583 355 3636 οι
368 3567 508 3658 πάρωσς·
534 3566 614 3645 εἶδός
635 3595 664 3636 τι
678 3577 793 3660 πορροῦ
814 3571 976 3660 χρώματος
996 3572 1099 3641 lacon.
1128 3577 1270 3659 denique

84 3675 203 3742 Photius
223 3681 348 3764 παρῶσι
370 3677 493 3758 inquit,
517 3672 602 3738 ἵπποι
625 3671 732 3760 μεταξὺ
754 3682 864 3764 τερροῶ
885 3675 938 3742 καί
958 3683 1074 3766 πορροῶ
1095 3673 1267 3766 χρώματος,

84 3795 161 3858 quae
183 3801 245 3844 non
267 3779 421 3844 videntur
442 3779 572 3842 aliunde
595 3799 690 3860 quam
713 3779 754 3843 ah
769 3780 939 3845 Aristotele
961 3802 1030 3845 esse
1054 3793 1190 3865 sumpta.
1229 3785 1270 3846 ab

84 3880 139 3944 hoe
160 3884 255 3965 igitur
270 3883 436 3963 vocabulo,
462 3882 548 3964 qnod
570 3883 730 3964 explicare
754 3893 786 3946 et
807 3883 847 3946 ad
864 3886 1020 3967 originem
1035 3905 1124 3949 suam
1149 3885 1270 3950 referre

84 4001 143 4051 non
166 3987 338 4067 audemus,
370 3985 563 4050 adiectivum
592 4005 708 4048 nomen
739 3985 931 4050 deduximus
959 4007 1022 4069 quo
1045 3990 1270 4052 Callimachum

84 4107 172 4154 usum
195 4109 262 4154 esse
285 4090 488 4168 coniecimus‚
514 4109 619 4170 neque
642 4090 757 4152 mirum
781 4100 829 4153 est
844 4094 870 4152 si
894 4093 1006 4155 eoloris
1028 4095 1271 4173 significationlt

85 4193 174 4272 equis
183 4192 223 4256 ad
235 4195 295 4258 alia
305 4194 455 4258 animalia
466 4193 617 4254 translata
628 4202 687 4270 est,
702 4193 763 4254 nisi
777 4193 856 4255 sorte
868 4193 910 4256 ah
922 4195 1011 4257 initio
1024 4196 1118 4260 latius
1129 4197 1268 4278 putebat.

167 4296 283 4368 Quodsi
314 4299 348 4360 in
376 4297 428 4360 his
455 4315 536 4377 quae
566 4293 658 4358 modo
693 4295 927 4377 disputavimus
955 4297 1140 4364 audaciores
1175 4300 1271 4362 luisse

87 4397 259 4479 videamur,
285 4401 409 4482 culpam
433 4399 628 4462 redimemus
650 4400 711 4461 alio
734 4399 878 4462 ciusdem
900 4401 1051 4466 carminis
1072 4404 1231 4465 versiculo
1254 4423 1270 4462 a

87 4501 163 4562 mala
180 4505 350 4566 mutatione
367 4501 580 4568 defendendo.
621 4523 683 4565 non
707 4503 820 4564 inseite
842 4512 933 4584 poeta
957 4503 1032 4566 inde
1054 4523 1071 4566 a
1096 4507 1270 4568 vassalli
