<?xml version="1.0" encoding="UTF-8"?>
<!DOCTYPE html PUBLIC "-//W3C//DTD XHTML 1.0 Transitional//EN"
    "http://www.w3.org/TR/xhtml1/DTD/xhtml1-transitional.dtd">
<html xmlns="http://www.w3.org/1999/xhtml" xml:lang="en" lang="en">
 <head>
  <title>
</title>
<meta http-equiv="Content-Type" content="text/html;charset=utf-8" />
  <meta name='ocr-system' content='tesseract 3.04.00' />
  <meta name='ocr-capabilities' content='ocr_page ocr_carea ocr_par ocr_line ocrx_word'/>
</head>
<body>
  <div class='ocr_page' id='page_1' title='image "./mavriciihavptii00haupgoog/mavriciihavptii00haupgoog_0094.png"; bbox 0 0 3268 5108; ppageno 0'>
   <div class='ocr_carea' id='block_1_1' title="bbox 393 405 1281 490">
    <p class='ocr_par' dir='ltr' id='par_1_1' title="bbox 393 405 1281 490">
     <span class='ocr_line' id='line_1_1' title="bbox 393 405 1281 490; baseline -0.009 -2"><span class='ocrx_word' id='word_1_1' title='bbox 393 423 480 488; x_wconf 83' lang='lat' dir='ltr'><strong>lanrx</strong></span> <span class='ocrx_word' id='word_1_2' title='bbox 504 441 671 489; x_wconf 81' lang='lat' dir='ltr'><strong>trorrorrrr</strong></span> <span class='ocrx_word' id='word_1_3' title='bbox 693 443 874 490; x_wconf 79' lang='lat' dir='ltr'><strong>narrrrnrrr</strong></span> <span class='ocrx_word' id='word_1_4' title='bbox 894 421 987 486; x_wconf 74' lang='lat' dir='ltr'><strong>l855.</strong></span> <span class='ocrx_word' id='word_1_5' title='bbox 1237 405 1281 481; x_wconf 86' lang='lat'><strong>81</strong></span> 
     </span>
    </p>
   </div>
   <div class='ocr_carea' id='block_1_2' title="bbox 102 605 1336 4526">
    <p class='ocr_par' dir='ltr' id='par_1_2' title="bbox 104 605 1321 2232">
     <span class='ocr_line' id='line_1_2' title="bbox 109 605 1289 701; baseline 0 -25"><span class='ocrx_word' id='word_1_6' title='bbox 109 613 258 693; x_wconf 77' lang='lat' dir='ltr'><strong>cordatus,</strong></span> <span class='ocrx_word' id='word_1_7' title='bbox 298 610 441 694; x_wconf 74' lang='grc' dir='ltr'>δέσποιν’,</span> <span class='ocrx_word' id='word_1_8' title='bbox 474 606 495 680; x_wconf 78' lang='grc' dir='ltr'>ἃ</span> <span class='ocrx_word' id='word_1_9' title='bbox 526 613 549 679; x_wconf 87' lang='grc' dir='ltr'><strong><em>Γ</em></strong></span> <span class='ocrx_word' id='word_1_10' title='bbox 549 605 646 701; x_wconf 58' lang='lat' dir='ltr'><strong>oli-fola</strong></span> <span class='ocrx_word' id='word_1_11' title='bbox 675 639 708 681; x_wconf 80' lang='grc' dir='ltr'><strong>τε</strong></span> <span class='ocrx_word' id='word_1_12' title='bbox 735 613 787 680; x_wconf 72' lang='grc' dir='ltr'><strong>καὶ</strong></span> <span class='ocrx_word' id='word_1_13' title='bbox 812 611 942 682; x_wconf 63' lang='lat' dir='ltr'><strong>’lodices</strong></span> <span class='ocrx_word' id='word_1_14' title='bbox 976 613 1135 701; x_wconf 76' lang='grc' dir='ltr'>ἑφίλασσς.</span> <span class='ocrx_word' id='word_1_15' title='bbox 1194 614 1289 677; x_wconf 92' lang='lat' dir='ltr'><strong>deni-</strong></span> 
     </span>
     <span class='ocr_line' id='line_1_3' title="bbox 109 719 1289 799; baseline 0 -19"><span class='ocrx_word' id='word_1_16' title='bbox 109 737 162 799; x_wconf 88' lang='lat' dir='ltr'><strong>que</strong></span> <span class='ocrx_word' id='word_1_17' title='bbox 191 719 430 782; x_wconf 82' lang='lat' dir='ltr'><strong>memorabilem</strong></span> <span class='ocrx_word' id='word_1_18' title='bbox 460 721 570 783; x_wconf 87' lang='lat' dir='ltr'><strong>Graeci</strong></span> <span class='ocrx_word' id='word_1_19' title='bbox 601 722 750 783; x_wconf 84' lang='lat' dir='ltr'><strong>carminis</strong></span> <span class='ocrx_word' id='word_1_20' title='bbox 779 721 984 783; x_wconf 84' lang='lat' dir='ltr'><strong>imitationem</strong></span> <span class='ocrx_word' id='word_1_21' title='bbox 1017 719 1096 782; x_wconf 88' lang='lat' dir='ltr'><strong>haec</strong></span> <span class='ocrx_word' id='word_1_22' title='bbox 1125 721 1289 781; x_wconf 79' lang='lat' dir='ltr'><strong>continent</strong></span> 
     </span>
     <span class='ocr_line' id='line_1_4' title="bbox 111 821 1290 906; baseline 0.003 -25"><span class='ocrx_word' id='word_1_23' title='bbox 111 821 146 902; x_wconf 85' lang='lat' dir='ltr'><strong>[v.</strong></span> <span class='ocrx_word' id='word_1_24' title='bbox 164 823 221 883; x_wconf 85' lang='lat' dir='ltr'><strong>tto</strong></span> <span class='ocrx_word' id='word_1_25' title='bbox 239 822 295 906; x_wconf 81' lang='lat' dir='ltr'><strong>s.],</strong></span> <span class='ocrx_word' id='word_1_26' title='bbox 320 825 365 886; x_wconf 80' lang='lat' dir='ltr'><strong>sic</strong></span> <span class='ocrx_word' id='word_1_27' title='bbox 386 825 495 887; x_wconf 83' lang='lat' dir='ltr'><strong>domito</strong></span> <span class='ocrx_word' id='word_1_28' title='bbox 525 843 652 887; x_wconf 83' lang='lat' dir='ltr'><strong>scevam</strong></span> <span class='ocrx_word' id='word_1_29' title='bbox 679 825 849 906; x_wconf 79' lang='lat' dir='ltr'><strong>prostravit</strong></span> <span class='ocrx_word' id='word_1_30' title='bbox 875 841 1000 905; x_wconf 77' lang='lat' dir='ltr'><strong>corpore</strong></span> <span class='ocrx_word' id='word_1_31' title='bbox 1026 822 1153 886; x_wconf 76' lang='lat' dir='ltr'><strong><em>Theseus</em></strong></span> <span class='ocrx_word' id='word_1_32' title='bbox 1175 823 1290 905; x_wconf 78' lang='lat' dir='ltr'><strong>Nequi-</strong></span> 
     </span>
     <span class='ocr_line' id='line_1_5' title="bbox 107 925 1321 1008; baseline -0.002 -19"><span class='ocrx_word' id='word_1_33' title='bbox 107 943 185 1005; x_wconf 78' lang='lat' dir='ltr'><strong>ptom</strong></span> <span class='ocrx_word' id='word_1_34' title='bbox 213 929 304 990; x_wconf 73' lang='lat' dir='ltr'><strong>occas</strong></span> <span class='ocrx_word' id='word_1_35' title='bbox 333 929 494 991; x_wconf 79' lang='lat' dir='ltr'><strong>iactantem</strong></span> <span class='ocrx_word' id='word_1_36' title='bbox 530 947 647 991; x_wconf 81' lang='lat' dir='ltr'><strong>cornua</strong></span> <span class='ocrx_word' id='word_1_37' title='bbox 673 929 780 991; x_wconf 82' lang='lat' dir='ltr'><strong>acatis.</strong></span> <span class='ocrx_word' id='word_1_38' title='bbox 835 947 875 990; x_wconf 90' lang='lat' dir='ltr'><strong>ne</strong></span> <span class='ocrx_word' id='word_1_39' title='bbox 904 927 955 988; x_wconf 92' lang='lat' dir='ltr'><strong>hic</strong></span> <span class='ocrx_word' id='word_1_40' title='bbox 985 925 1115 1008; x_wconf 90' lang='lat' dir='ltr'><strong>quidem</strong></span> <span class='ocrx_word' id='word_1_41' title='bbox 1150 926 1203 988; x_wconf 88' lang='lat' dir='ltr'><strong>ille</strong></span> <span class='ocrx_word' id='word_1_42' title='bbox 1234 927 1288 1007; x_wconf 90' lang='lat' dir='ltr'><strong>qui</strong></span> <span class='ocrx_word' id='word_1_43' title='bbox 1318 960 1321 973; x_wconf 48' lang='grc' dir='ltr'>ι</span> 
     </span>
     <span class='ocr_line' id='line_1_6' title="bbox 107 1028 1291 1113; baseline 0.001 -24"><span class='ocrx_word' id='word_1_44' title='bbox 107 1028 208 1092; x_wconf 87' lang='lat' dir='ltr'><strong>Catulli</strong></span> <span class='ocrx_word' id='word_1_45' title='bbox 239 1032 379 1093; x_wconf 88' lang='lat' dir='ltr'><strong>carmina</strong></span> <span class='ocrx_word' id='word_1_46' title='bbox 409 1051 514 1112; x_wconf 89' lang='lat' dir='ltr'><strong>nuper</strong></span> <span class='ocrx_word' id='word_1_47' title='bbox 542 1031 725 1113; x_wconf 77' lang='lat' dir='ltr'><strong>recognovit</strong></span> <span class='ocrx_word' id='word_1_48' title='bbox 758 1029 914 1094; x_wconf 87' lang='lat' dir='ltr'><strong>ridiculus</strong></span> <span class='ocrx_word' id='word_1_49' title='bbox 941 1050 1011 1093; x_wconf 89' lang='lat' dir='ltr'><strong>esse</strong></span> <span class='ocrx_word' id='word_1_50' title='bbox 1039 1030 1157 1092; x_wconf 91' lang='lat' dir='ltr'><strong>noluit:</strong></span> <span class='ocrx_word' id='word_1_51' title='bbox 1191 1029 1291 1091; x_wconf 91' lang='lat' dir='ltr'><strong>conli-</strong></span> 
     </span>
     <span class='ocr_line' id='line_1_7' title="bbox 105 1129 1291 1214; baseline 0.001 -22"><span class='ocrx_word' id='word_1_52' title='bbox 105 1129 211 1196; x_wconf 86' lang='lat' dir='ltr'><strong>denter</strong></span> <span class='ocrx_word' id='word_1_53' title='bbox 233 1135 319 1196; x_wconf 89' lang='lat' dir='ltr'><strong>cuim</strong></span> <span class='ocrx_word' id='word_1_54' title='bbox 342 1135 421 1198; x_wconf 91' lang='lat' dir='ltr'><strong>dicit</strong></span> <span class='ocrx_word' id='word_1_55' title='bbox 447 1154 482 1197; x_wconf 87' lang='lat' dir='ltr'><strong>se</strong></span> <span class='ocrx_word' id='word_1_56' title='bbox 506 1134 626 1198; x_wconf 86' lang='lat' dir='ltr'><strong>vidisse</strong></span> <span class='ocrx_word' id='word_1_57' title='bbox 656 1137 741 1197; x_wconf 87' lang='lat' dir='ltr'><strong>inter</strong></span> <span class='ocrx_word' id='word_1_58' title='bbox 763 1135 820 1196; x_wconf 90' lang='lat' dir='ltr'><strong>hos</strong></span> <span class='ocrx_word' id='word_1_59' title='bbox 842 1132 921 1197; x_wconf 92' lang='lat' dir='ltr'><strong>duos</strong></span> <span class='ocrx_word' id='word_1_60' title='bbox 944 1153 1058 1196; x_wconf 87' lang='lat' dir='ltr'><strong>versus</strong></span> <span class='ocrx_word' id='word_1_61' title='bbox 1086 1131 1210 1214; x_wconf 89' lang='lat' dir='ltr'><strong>aliquid</strong></span> <span class='ocrx_word' id='word_1_62' title='bbox 1234 1151 1291 1194; x_wconf 86' lang='lat' dir='ltr'><strong>ex-</strong></span> 
     </span>
     <span class='ocr_line' id='line_1_8' title="bbox 105 1235 1292 1320; baseline 0.003 -25"><span class='ocrx_word' id='word_1_63' title='bbox 105 1235 229 1315; x_wconf 88' lang='lat' dir='ltr'><strong>cidisse;</strong></span> <span class='ocrx_word' id='word_1_64' title='bbox 257 1239 378 1320; x_wconf 89' lang='lat' dir='ltr'><strong>quippe</strong></span> <span class='ocrx_word' id='word_1_65' title='bbox 401 1257 516 1302; x_wconf 87' lang='lat' dir='ltr'><strong>nomen</strong></span> <span class='ocrx_word' id='word_1_66' title='bbox 539 1237 652 1301; x_wconf 88' lang='lat' dir='ltr'><strong>deesse</strong></span> <span class='ocrx_word' id='word_1_67' title='bbox 671 1257 807 1319; x_wconf 90' lang='lat' dir='ltr'><strong>quocum</strong></span> <span class='ocrx_word' id='word_1_68' title='bbox 830 1255 956 1300; x_wconf 82' lang='lat' dir='ltr'><strong>soccum</strong></span> <span class='ocrx_word' id='word_1_69' title='bbox 978 1248 1010 1300; x_wconf 90' lang='lat' dir='ltr'><strong>et</strong></span> <span class='ocrx_word' id='word_1_70' title='bbox 1032 1238 1193 1300; x_wconf 72' lang='lat' dir='ltr'><strong>iocmatem</strong></span> <span class='ocrx_word' id='word_1_71' title='bbox 1215 1255 1292 1298; x_wconf 88' lang='lat' dir='ltr'><strong>con-</strong></span> 
     </span>
     <span class='ocr_line' id='line_1_9' title="bbox 106 1340 1290 1424; baseline 0.001 -24"><span class='ocrx_word' id='word_1_72' title='bbox 106 1340 276 1421; x_wconf 89' lang='lat' dir='ltr'><strong>iungamus.</strong></span> <span class='ocrx_word' id='word_1_73' title='bbox 324 1361 387 1405; x_wconf 91' lang='lat' dir='ltr'><strong>non</strong></span> <span class='ocrx_word' id='word_1_74' title='bbox 411 1352 579 1424; x_wconf 87' lang='lat' dir='ltr'><strong>putaverat</strong></span> <span class='ocrx_word' id='word_1_75' title='bbox 602 1342 744 1406; x_wconf 81' lang='lat' dir='ltr'><strong>Catullus</strong></span> <span class='ocrx_word' id='word_1_76' title='bbox 766 1361 800 1404; x_wconf 89' lang='lat' dir='ltr'><strong>se</strong></span> <span class='ocrx_word' id='word_1_77' title='bbox 825 1343 1029 1404; x_wconf 90' lang='lat' dir='ltr'><strong>inventurum</strong></span> <span class='ocrx_word' id='word_1_78' title='bbox 1046 1359 1116 1403; x_wconf 89' lang='lat' dir='ltr'><strong>esse</strong></span> <span class='ocrx_word' id='word_1_79' title='bbox 1140 1341 1290 1402; x_wconf 89' lang='lat' dir='ltr'><strong>lectorem</strong></span> 
     </span>
     <span class='ocr_line' id='line_1_10' title="bbox 105 1444 1290 1527; baseline 0 -23"><span class='ocrx_word' id='word_1_80' title='bbox 105 1451 160 1504; x_wconf 89' lang='lat' dir='ltr'><strong>tam</strong></span> <span class='ocrx_word' id='word_1_81' title='bbox 190 1446 421 1526; x_wconf 89' lang='lat' dir='ltr'><strong>perspicacem.</strong></span> <span class='ocrx_word' id='word_1_82' title='bbox 468 1445 525 1509; x_wconf 90' lang='lat' dir='ltr'><strong>sed</strong></span> <span class='ocrx_word' id='word_1_83' title='bbox 547 1445 683 1509; x_wconf 88' lang='lat' dir='ltr'><strong>alterum</strong></span> <span class='ocrx_word' id='word_1_84' title='bbox 707 1465 836 1508; x_wconf 88' lang='lat' dir='ltr'><strong>versum</strong></span> <span class='ocrx_word' id='word_1_85' title='bbox 860 1445 1012 1527; x_wconf 83' lang='lat' dir='ltr'><strong>Iosephus</strong></span> <span class='ocrx_word' id='word_1_86' title='bbox 1034 1444 1175 1525; x_wconf 77' lang='lat' dir='ltr'><strong>Scaliger</strong></span> <span class='ocrx_word' id='word_1_87' title='bbox 1203 1452 1290 1505; x_wconf 89' lang='lat' dir='ltr'><strong>recte</strong></span> 
     </span>
     <span class='ocr_line' id='line_1_11' title="bbox 104 1544 1292 1631; baseline 0 -24"><span class='ocrx_word' id='word_1_88' title='bbox 104 1549 281 1628; x_wconf 86' lang='lat' dir='ltr'><strong>conparavit</strong></span> <span class='ocrx_word' id='word_1_89' title='bbox 303 1569 376 1612; x_wconf 89' lang='lat' dir='ltr'><strong>cum</strong></span> <span class='ocrx_word' id='word_1_90' title='bbox 398 1549 516 1612; x_wconf 88' lang='lat' dir='ltr'><strong>Graeco</strong></span> <span class='ocrx_word' id='word_1_91' title='bbox 539 1568 636 1612; x_wconf 83' lang='lat' dir='ltr'><strong>versu</strong></span> <span class='ocrx_word' id='word_1_92' title='bbox 659 1551 714 1630; x_wconf 93' lang='lat' dir='ltr'><strong>qui</strong></span> <span class='ocrx_word' id='word_1_93' title='bbox 739 1550 770 1612; x_wconf 90' lang='lat' dir='ltr'><strong>in</strong></span> <span class='ocrx_word' id='word_1_94' title='bbox 794 1549 942 1631; x_wconf 87' lang='lat' dir='ltr'><strong>epistulis</strong></span> <span class='ocrx_word' id='word_1_95' title='bbox 962 1549 1124 1613; x_wconf 82' lang='lat' dir='ltr'><strong>Ciceronis</strong></span> <span class='ocrx_word' id='word_1_96' title='bbox 1145 1545 1186 1610; x_wconf 89' lang='lat' dir='ltr'><strong>ad</strong></span> <span class='ocrx_word' id='word_1_97' title='bbox 1208 1544 1292 1609; x_wconf 80' lang='lat' dir='ltr'><strong>Atti-</strong></span> 
     </span>
     <span class='ocr_line' id='line_1_12' title="bbox 104 1646 1291 1740; baseline -0.002 -27"><span class='ocrx_word' id='word_1_98' title='bbox 104 1669 168 1713; x_wconf 86' lang='lat' dir='ltr'><strong>cum</strong></span> <span class='ocrx_word' id='word_1_99' title='bbox 195 1652 325 1733; x_wconf 81' lang='lat' dir='ltr'><strong>legitur,</strong></span> <span class='ocrx_word' id='word_1_100' title='bbox 363 1647 461 1716; x_wconf 78' lang='grc' dir='ltr'>πολλὰ</span> <span class='ocrx_word' id='word_1_101' title='bbox 490 1646 586 1737; x_wconf 79' lang='grc' dir='ltr'>μάτην</span> <span class='ocrx_word' id='word_1_102' title='bbox 613 1646 770 1738; x_wconf 79' lang='grc' dir='ltr'>κεράεσσιν</span> <span class='ocrx_word' id='word_1_103' title='bbox 797 1653 828 1726; x_wconf 80' lang='grc' dir='ltr'><strong>ἐς</strong></span> <span class='ocrx_word' id='word_1_104' title='bbox 857 1648 935 1740; x_wconf 78' lang='grc' dir='ltr'><strong>ἠέρα</strong></span> <span class='ocrx_word' id='word_1_105' title='bbox 964 1646 1148 1738; x_wconf 62' lang='lat' dir='ltr'><strong>Captivam.</strong></span> <span class='ocrx_word' id='word_1_106' title='bbox 1196 1668 1291 1731; x_wconf 86' lang='lat' dir='ltr'><strong>quern</strong></span> 
     </span>
     <span class='ocr_line' id='line_1_13' title="bbox 104 1751 1292 1837; baseline 0.002 -23"><span class='ocrx_word' id='word_1_107' title='bbox 104 1771 225 1816; x_wconf 85' lang='lat' dir='ltr'><strong>versum</strong></span> <span class='ocrx_word' id='word_1_108' title='bbox 255 1753 464 1818; x_wconf 78' lang='lat' dir='ltr'><strong>Alexandrini</strong></span> <span class='ocrx_word' id='word_1_109' title='bbox 495 1766 606 1837; x_wconf 89' lang='lat' dir='ltr'><strong>poetae</strong></span> <span class='ocrx_word' id='word_1_110' title='bbox 637 1775 707 1819; x_wconf 89' lang='lat' dir='ltr'><strong>osse</strong></span> <span class='ocrx_word' id='word_1_111' title='bbox 736 1775 776 1819; x_wconf 89' lang='lat' dir='ltr'><strong>ex</strong></span> <span class='ocrx_word' id='word_1_112' title='bbox 805 1757 945 1820; x_wconf 89' lang='lat' dir='ltr'><strong>oratione</strong></span> <span class='ocrx_word' id='word_1_113' title='bbox 976 1767 1007 1820; x_wconf 87' lang='lat' dir='ltr'><strong>et</strong></span> <span class='ocrx_word' id='word_1_114' title='bbox 1034 1755 1178 1818; x_wconf 89' lang='lat' dir='ltr'><strong>numeris</strong></span> <span class='ocrx_word' id='word_1_115' title='bbox 1207 1751 1292 1816; x_wconf 90' lang='lat' dir='ltr'><strong>haud</strong></span> 
     </span>
     <span class='ocr_line' id='line_1_14' title="bbox 104 1855 1293 1942; baseline 0.003 -26"><span class='ocrx_word' id='word_1_116' title='bbox 104 1855 237 1920; x_wconf 84' lang='lat' dir='ltr'><strong>absurde</strong></span> <span class='ocrx_word' id='word_1_117' title='bbox 266 1859 416 1939; x_wconf 80' lang='lat' dir='ltr'><strong>colligere</strong></span> <span class='ocrx_word' id='word_1_118' title='bbox 445 1857 538 1922; x_wconf 93' lang='lat' dir='ltr'><strong>nobis</strong></span> <span class='ocrx_word' id='word_1_119' title='bbox 566 1858 726 1940; x_wconf 83' lang='lat' dir='ltr'><strong>videmur,</strong></span> <span class='ocrx_word' id='word_1_120' title='bbox 759 1860 837 1942; x_wconf 90' lang='lat' dir='ltr'><strong>quin</strong></span> <span class='ocrx_word' id='word_1_121' title='bbox 867 1879 907 1922; x_wconf 85' lang='lat' dir='ltr'><strong>ex</strong></span> <span class='ocrx_word' id='word_1_122' title='bbox 936 1860 1056 1922; x_wconf 92' lang='lat' dir='ltr'><strong>notiore</strong></span> <span class='ocrx_word' id='word_1_123' title='bbox 1086 1859 1192 1939; x_wconf 87' lang='lat' dir='ltr'><strong>aliquo</strong></span> <span class='ocrx_word' id='word_1_124' title='bbox 1222 1877 1293 1920; x_wconf 89' lang='lat' dir='ltr'><strong>car·</strong></span> 
     </span>
     <span class='ocr_line' id='line_1_15' title="bbox 104 1961 1292 2045; baseline 0.001 -24"><span class='ocrx_word' id='word_1_125' title='bbox 104 1963 182 2024; x_wconf 87' lang='lat' dir='ltr'><strong>mine</strong></span> <span class='ocrx_word' id='word_1_126' title='bbox 204 1972 354 2044; x_wconf 90' lang='lat' dir='ltr'><strong>sumptus</strong></span> <span class='ocrx_word' id='word_1_127' title='bbox 376 1965 418 2024; x_wconf 91' lang='lat' dir='ltr'><strong>sit</strong></span> <span class='ocrx_word' id='word_1_128' title='bbox 440 1961 580 2027; x_wconf 89' lang='lat' dir='ltr'><strong>dubitari</strong></span> <span class='ocrx_word' id='word_1_129' title='bbox 603 1981 666 2025; x_wconf 91' lang='lat' dir='ltr'><strong>non</strong></span> <span class='ocrx_word' id='word_1_130' title='bbox 690 1973 805 2045; x_wconf 90' lang='lat' dir='ltr'><strong>potest.</strong></span> <span class='ocrx_word' id='word_1_131' title='bbox 853 1982 953 2044; x_wconf 89' lang='lat' dir='ltr'><strong>quare</strong></span> <span class='ocrx_word' id='word_1_132' title='bbox 969 1973 1064 2026; x_wconf 86' lang='lat' dir='ltr'><strong>erunt</strong></span> <span class='ocrx_word' id='word_1_133' title='bbox 1087 1961 1219 2025; x_wconf 84' lang='lat' dir='ltr'><strong>sortasse</strong></span> <span class='ocrx_word' id='word_1_134' title='bbox 1237 1962 1292 2042; x_wconf 89' lang='lat' dir='ltr'><strong>qui</strong></span> 
     </span>
     <span class='ocr_line' id='line_1_16' title="bbox 104 2064 1293 2148; baseline 0.002 -24"><span class='ocrx_word' id='word_1_135' title='bbox 104 2083 169 2126; x_wconf 86' lang='lat' dir='ltr'><strong>cum</strong></span> <span class='ocrx_word' id='word_1_136' title='bbox 192 2065 328 2128; x_wconf 85' lang='lat' dir='ltr'><strong>llecalac</strong></span> <span class='ocrx_word' id='word_1_137' title='bbox 352 2064 574 2128; x_wconf 88' lang='lat' dir='ltr'><strong>Callimachiae</strong></span> <span class='ocrx_word' id='word_1_138' title='bbox 598 2068 627 2128; x_wconf 89' lang='lat' dir='ltr'><strong>ei</strong></span> <span class='ocrx_word' id='word_1_139' title='bbox 652 2069 734 2148; x_wconf 90' lang='lat' dir='ltr'><strong>parti</strong></span> <span class='ocrx_word' id='word_1_140' title='bbox 757 2065 934 2130; x_wconf 91' lang='lat' dir='ltr'><strong>attribuant</strong></span> <span class='ocrx_word' id='word_1_141' title='bbox 958 2068 989 2128; x_wconf 89' lang='lat' dir='ltr'><strong>in</strong></span> <span class='ocrx_word' id='word_1_142' title='bbox 1013 2085 1075 2148; x_wconf 86' lang='lat' dir='ltr'><strong>qua</strong></span> <span class='ocrx_word' id='word_1_143' title='bbox 1099 2085 1203 2128; x_wconf 89' lang='lat' dir='ltr'><strong>sermo</strong></span> <span class='ocrx_word' id='word_1_144' title='bbox 1226 2073 1293 2127; x_wconf 89' lang='lat' dir='ltr'><strong>erat</strong></span> 
     </span>
     <span class='ocr_line' id='line_1_17' title="bbox 104 2165 478 2232; baseline 0.011 -6"><span class='ocrx_word' id='word_1_145' title='bbox 104 2165 139 2228; x_wconf 88' lang='lat' dir='ltr'><strong>de</strong></span> <span class='ocrx_word' id='word_1_146' title='bbox 162 2178 252 2231; x_wconf 88' lang='lat' dir='ltr'><strong>tauro</strong></span> <span class='ocrx_word' id='word_1_147' title='bbox 275 2169 478 2232; x_wconf 88' lang='lat' dir='ltr'><strong>llaratbonio.</strong></span> 
     </span>
    </p>

    <p class='ocr_par' dir='ltr' id='par_1_3' title="bbox 102 2271 1336 4526">
     <span class='ocr_line' id='line_1_18' title="bbox 182 2271 1294 2354; baseline 0 -20"><span class='ocrx_word' id='word_1_148' title='bbox 182 2271 248 2335; x_wconf 88' lang='lat' dir='ltr'><strong>Sed</strong></span> <span class='ocrx_word' id='word_1_149' title='bbox 272 2271 412 2335; x_wconf 89' lang='lat' dir='ltr'><strong>Graecus</strong></span> <span class='ocrx_word' id='word_1_150' title='bbox 434 2273 486 2334; x_wconf 89' lang='lat' dir='ltr'><strong>hic</strong></span> <span class='ocrx_word' id='word_1_151' title='bbox 502 2271 680 2335; x_wconf 88' lang='lat' dir='ltr'><strong>versiculus</strong></span> <span class='ocrx_word' id='word_1_152' title='bbox 702 2271 742 2335; x_wconf 93' lang='lat' dir='ltr'><strong>ad</strong></span> <span class='ocrx_word' id='word_1_153' title='bbox 764 2274 857 2336; x_wconf 90' lang='lat' dir='ltr'><strong>aliam</strong></span> <span class='ocrx_word' id='word_1_154' title='bbox 878 2272 1126 2354; x_wconf 88' lang='lat' dir='ltr'><strong>disputationem</strong></span> <span class='ocrx_word' id='word_1_155' title='bbox 1148 2292 1206 2335; x_wconf 91' lang='lat' dir='ltr'><strong>nos</strong></span> <span class='ocrx_word' id='word_1_156' title='bbox 1229 2282 1294 2335; x_wconf 89' lang='lat' dir='ltr'><strong>tra-</strong></span> 
     </span>
     <span class='ocr_line' id='line_1_19' title="bbox 103 2371 1293 2458; baseline 0.003 -24"><span class='ocrx_word' id='word_1_157' title='bbox 103 2371 195 2454; x_wconf 84' lang='lat' dir='ltr'><strong>ducit,</strong></span> <span class='ocrx_word' id='word_1_158' title='bbox 228 2376 262 2437; x_wconf 92' lang='lat' dir='ltr'><strong>in</strong></span> <span class='ocrx_word' id='word_1_159' title='bbox 292 2394 355 2457; x_wconf 90' lang='lat' dir='ltr'><strong>qua</strong></span> <span class='ocrx_word' id='word_1_160' title='bbox 385 2375 480 2438; x_wconf 90' lang='lat' dir='ltr'><strong>linem</strong></span> <span class='ocrx_word' id='word_1_161' title='bbox 511 2375 672 2439; x_wconf 90' lang='lat' dir='ltr'><strong>scribendi</strong></span> <span class='ocrx_word' id='word_1_162' title='bbox 704 2395 814 2439; x_wconf 89' lang='lat' dir='ltr'><strong>sumus</strong></span> <span class='ocrx_word' id='word_1_163' title='bbox 844 2377 969 2440; x_wconf 80' lang='lat' dir='ltr'><strong>facturi.</strong></span> <span class='ocrx_word' id='word_1_164' title='bbox 1017 2395 1110 2458; x_wconf 88' lang='lat' dir='ltr'><strong>quam</strong></span> <span class='ocrx_word' id='word_1_165' title='bbox 1142 2387 1176 2440; x_wconf 92' lang='lat' dir='ltr'><strong>ut</strong></span> <span class='ocrx_word' id='word_1_166' title='bbox 1208 2386 1293 2438; x_wconf 87' lang='lat' dir='ltr'><strong>recte</strong></span> 
     </span>
     <span class='ocr_line' id='line_1_20' title="bbox 104 2478 1291 2560; baseline 0.005 -24"><span class='ocrx_word' id='word_1_167' title='bbox 104 2478 313 2557; x_wconf 88' lang='lat' dir='ltr'><strong>instituamus,</strong></span> <span class='ocrx_word' id='word_1_168' title='bbox 345 2478 386 2542; x_wconf 89' lang='lat' dir='ltr'><strong>de</strong></span> <span class='ocrx_word' id='word_1_169' title='bbox 410 2481 547 2560; x_wconf 87' lang='lat' dir='ltr'><strong>epistula</strong></span> <span class='ocrx_word' id='word_1_170' title='bbox 577 2481 628 2542; x_wconf 92' lang='lat' dir='ltr'><strong>illa</strong></span> <span class='ocrx_word' id='word_1_171' title='bbox 653 2480 813 2544; x_wconf 84' lang='lat' dir='ltr'><strong>Ciceronis</strong></span> <span class='ocrx_word' id='word_1_172' title='bbox 836 2483 1014 2544; x_wconf 84' lang='lat' dir='ltr'><strong>accuratius</strong></span> <span class='ocrx_word' id='word_1_173' title='bbox 1036 2479 1209 2544; x_wconf 89' lang='lat' dir='ltr'><strong>dicendum</strong></span> <span class='ocrx_word' id='word_1_174' title='bbox 1232 2489 1291 2542; x_wconf 88' lang='lat' dir='ltr'><strong>est.</strong></span> 
     </span>
     <span class='ocr_line' id='line_1_21' title="bbox 104 2579 1295 2662; baseline 0.005 -24"><span class='ocrx_word' id='word_1_175' title='bbox 104 2579 205 2662; x_wconf 90' lang='lat' dir='ltr'><strong>itaque</strong></span> <span class='ocrx_word' id='word_1_176' title='bbox 231 2581 340 2644; x_wconf 88' lang='lat' dir='ltr'><strong>Cicero</strong></span> <span class='ocrx_word' id='word_1_177' title='bbox 369 2601 440 2645; x_wconf 91' lang='lat' dir='ltr'><strong>curn</strong></span> <span class='ocrx_word' id='word_1_178' title='bbox 469 2601 579 2645; x_wconf 88' lang='lat' dir='ltr'><strong>manse</strong></span> <span class='ocrx_word' id='word_1_179' title='bbox 610 2581 770 2646; x_wconf 80' lang='lat' dir='ltr'><strong>februario</strong></span> <span class='ocrx_word' id='word_1_180' title='bbox 799 2586 872 2647; x_wconf 91' lang='lat' dir='ltr'><strong>anni</strong></span> <span class='ocrx_word' id='word_1_181' title='bbox 903 2584 943 2646; x_wconf 92' lang='lat' dir='ltr'><strong>ab</strong></span> <span class='ocrx_word' id='word_1_182' title='bbox 966 2583 1047 2647; x_wconf 91' lang='lat' dir='ltr'><strong>urbe</strong></span> <span class='ocrx_word' id='word_1_183' title='bbox 1071 2583 1197 2646; x_wconf 87' lang='lat' dir='ltr'><strong>condita</strong></span> <span class='ocrx_word' id='word_1_184' title='bbox 1219 2601 1295 2645; x_wconf 87' lang='lat' dir='ltr'><strong>naor</strong></span> 
     </span>
     <span class='ocr_line' id='line_1_22' title="bbox 103 2685 1295 2770; baseline 0.005 -28"><span class='ocrx_word' id='word_1_185' title='bbox 103 2685 132 2744; x_wconf 92' lang='lat' dir='ltr'><strong>in</strong></span> <span class='ocrx_word' id='word_1_186' title='bbox 160 2685 327 2748; x_wconf 86' lang='lat' dir='ltr'><strong>Formiano</strong></span> <span class='ocrx_word' id='word_1_187' title='bbox 355 2695 457 2764; x_wconf 86' lang='lat' dir='ltr'><strong>esset,</strong></span> <span class='ocrx_word' id='word_1_188' title='bbox 496 2686 620 2748; x_wconf 88' lang='lat' dir='ltr'><strong>litteras</strong></span> <span class='ocrx_word' id='word_1_189' title='bbox 655 2686 696 2750; x_wconf 91' lang='lat' dir='ltr'><strong>ad</strong></span> <span class='ocrx_word' id='word_1_190' title='bbox 724 2685 862 2750; x_wconf 79' lang='lat' dir='ltr'><strong>Atticum</strong></span> <span class='ocrx_word' id='word_1_191' title='bbox 898 2687 1032 2751; x_wconf 89' lang='lat' dir='ltr'><strong>dederat</strong></span> <span class='ocrx_word' id='word_1_192' title='bbox 1068 2687 1212 2770; x_wconf 89' lang='lat' dir='ltr'><strong>(epistula</strong></span> <span class='ocrx_word' id='word_1_193' title='bbox 1247 2695 1295 2748; x_wconf 88' lang='lat' dir='ltr'><strong>est</strong></span> 
     </span>
     <span class='ocr_line' id='line_1_23' title="bbox 103 2785 1292 2872; baseline 0.004 -26"><span class='ocrx_word' id='word_1_194' title='bbox 103 2785 172 2849; x_wconf 89' lang='lat' dir='ltr'><strong>libri</strong></span> <span class='ocrx_word' id='word_1_195' title='bbox 196 2807 251 2850; x_wconf 80' lang='lat' dir='ltr'><strong>rur</strong></span> <span class='ocrx_word' id='word_1_196' title='bbox 274 2789 396 2871; x_wconf 87' lang='lat' dir='ltr'><strong>quarta)</strong></span> <span class='ocrx_word' id='word_1_197' title='bbox 431 2791 462 2850; x_wconf 94' lang='lat' dir='ltr'><strong>in</strong></span> <span class='ocrx_word' id='word_1_198' title='bbox 494 2789 613 2870; x_wconf 89' lang='lat' dir='ltr'><strong>quibus</strong></span> <span class='ocrx_word' id='word_1_199' title='bbox 635 2791 775 2871; x_wconf 90' lang='lat' dir='ltr'><strong>graviter</strong></span> <span class='ocrx_word' id='word_1_200' title='bbox 805 2800 939 2872; x_wconf 89' lang='lat' dir='ltr'><strong>questus</strong></span> <span class='ocrx_word' id='word_1_201' title='bbox 969 2801 1038 2853; x_wconf 86' lang='lat' dir='ltr'><strong>erat</strong></span> <span class='ocrx_word' id='word_1_202' title='bbox 1067 2790 1107 2853; x_wconf 93' lang='lat' dir='ltr'><strong>de</strong></span> <span class='ocrx_word' id='word_1_203' title='bbox 1132 2792 1292 2872; x_wconf 79' lang='lat' dir='ltr'><strong>Dionysio,</strong></span> 
     </span>
     <span class='ocr_line' id='line_1_24' title="bbox 102 2889 1295 2976; baseline 0.003 -25"><span class='ocrx_word' id='word_1_204' title='bbox 102 2889 191 2953; x_wconf 78' lang='lat' dir='ltr'><strong>Attici</strong></span> <span class='ocrx_word' id='word_1_205' title='bbox 217 2891 344 2973; x_wconf 86' lang='lat' dir='ltr'><strong>liberto,</strong></span> <span class='ocrx_word' id='word_1_206' title='bbox 370 2891 460 2955; x_wconf 91' lang='lat' dir='ltr'><strong>docto</strong></span> <span class='ocrx_word' id='word_1_207' title='bbox 484 2893 622 2973; x_wconf 85' lang='lat' dir='ltr'><strong>homine,</strong></span> <span class='ocrx_word' id='word_1_208' title='bbox 649 2913 745 2976; x_wconf 90' lang='lat' dir='ltr'><strong>quern</strong></span> <span class='ocrx_word' id='word_1_209' title='bbox 768 2913 876 2957; x_wconf 89' lang='lat' dir='ltr'><strong>secum</strong></span> <span class='ocrx_word' id='word_1_210' title='bbox 900 2913 971 2956; x_wconf 91' lang='lat' dir='ltr'><strong>esse</strong></span> <span class='ocrx_word' id='word_1_211' title='bbox 995 2893 1112 2973; x_wconf 88' lang='lat' dir='ltr'><strong>voluit,</strong></span> <span class='ocrx_word' id='word_1_212' title='bbox 1144 2903 1179 2956; x_wconf 91' lang='lat' dir='ltr'><strong>ut</strong></span> <span class='ocrx_word' id='word_1_213' title='bbox 1201 2903 1295 2956; x_wconf 87' lang='lat' dir='ltr'><strong>antea</strong></span> 
     </span>
     <span class='ocr_line' id='line_1_25' title="bbox 102 2994 1295 3078; baseline 0.003 -23"><span class='ocrx_word' id='word_1_214' title='bbox 102 3013 171 3056; x_wconf 85' lang='lat' dir='ltr'><strong>cum</strong></span> <span class='ocrx_word' id='word_1_215' title='bbox 211 2995 243 3058; x_wconf 91' lang='lat' dir='ltr'><strong>in</strong></span> <span class='ocrx_word' id='word_1_216' title='bbox 273 2994 409 3058; x_wconf 85' lang='lat' dir='ltr'><strong>Asiatico</strong></span> <span class='ocrx_word' id='word_1_217' title='bbox 441 2997 557 3058; x_wconf 90' lang='lat' dir='ltr'><strong>itinere</strong></span> <span class='ocrx_word' id='word_1_218' title='bbox 589 2999 734 3060; x_wconf 89' lang='lat' dir='ltr'><strong>comitem</strong></span> <span class='ocrx_word' id='word_1_219' title='bbox 766 2995 931 3060; x_wconf 88' lang='lat' dir='ltr'><strong>habuerat.</strong></span> <span class='ocrx_word' id='word_1_220' title='bbox 986 3015 1098 3060; x_wconf 88' lang='lat' dir='ltr'><strong>verum</strong></span> <span class='ocrx_word' id='word_1_221' title='bbox 1129 2997 1295 3078; x_wconf 79' lang='lat' dir='ltr'><strong>Dionysius</strong></span> 
     </span>
     <span class='ocr_line' id='line_1_26' title="bbox 102 3097 1296 3181; baseline 0.004 -24"><span class='ocrx_word' id='word_1_222' title='bbox 102 3097 139 3157; x_wconf 88' lang='lat' dir='ltr'><strong>ll.</strong></span> <span class='ocrx_word' id='word_1_223' title='bbox 156 3097 295 3162; x_wconf 86' lang='lat' dir='ltr'><strong>Tullium</strong></span> <span class='ocrx_word' id='word_1_224' title='bbox 319 3117 426 3181; x_wconf 90' lang='lat' dir='ltr'><strong>neque</strong></span> <span class='ocrx_word' id='word_1_225' title='bbox 450 3098 669 3164; x_wconf 88' lang='lat' dir='ltr'><strong>discedentem</strong></span> <span class='ocrx_word' id='word_1_226' title='bbox 699 3099 740 3162; x_wconf 91' lang='lat' dir='ltr'><strong>ab</strong></span> <span class='ocrx_word' id='word_1_227' title='bbox 763 3100 845 3164; x_wconf 91' lang='lat' dir='ltr'><strong>urbe</strong></span> <span class='ocrx_word' id='word_1_228' title='bbox 868 3119 976 3164; x_wconf 90' lang='lat' dir='ltr'><strong>mense</strong></span> <span class='ocrx_word' id='word_1_229' title='bbox 1000 3101 1141 3163; x_wconf 88' lang='lat' dir='ltr'><strong>ianuario</strong></span> <span class='ocrx_word' id='word_1_230' title='bbox 1167 3109 1296 3163; x_wconf 90' lang='lat' dir='ltr'><strong>secutus</strong></span> 
     </span>
     <span class='ocr_line' id='line_1_27' title="bbox 102 3191 1336 3284; baseline 0.003 -24"><span class='ocrx_word' id='word_1_231' title='bbox 102 3211 169 3263; x_wconf 88' lang='lat' dir='ltr'><strong>erat</strong></span> <span class='ocrx_word' id='word_1_232' title='bbox 191 3220 297 3283; x_wconf 90' lang='lat' dir='ltr'><strong>neque</strong></span> <span class='ocrx_word' id='word_1_233' title='bbox 323 3191 443 3264; x_wconf 77' lang='lat' dir='ltr'><strong>litteris¹</strong></span> <span class='ocrx_word' id='word_1_234' title='bbox 467 3202 586 3284; x_wconf 91' lang='lat' dir='ltr'><strong>quibus</strong></span> <span class='ocrx_word' id='word_1_235' title='bbox 611 3204 663 3266; x_wconf 89' lang='lat' dir='ltr'><strong>ille</strong></span> <span class='ocrx_word' id='word_1_236' title='bbox 687 3223 760 3267; x_wconf 89' lang='lat' dir='ltr'><strong>eum</strong></span> <span class='ocrx_word' id='word_1_237' title='bbox 784 3214 819 3268; x_wconf 89' lang='lat' dir='ltr'><strong>ut</strong></span> <span class='ocrx_word' id='word_1_238' title='bbox 841 3204 882 3267; x_wconf 91' lang='lat' dir='ltr'><strong>ad</strong></span> <span class='ocrx_word' id='word_1_239' title='bbox 904 3223 942 3266; x_wconf 87' lang='lat' dir='ltr'><strong>sa</strong></span> <span class='ocrx_word' id='word_1_240' title='bbox 956 3205 1082 3267; x_wconf 83' lang='lat' dir='ltr'><strong>reniret</strong></span> <span class='ocrx_word' id='word_1_241' title='bbox 1105 3205 1336 3267; x_wconf 78' lang='lat' dir='ltr'><strong>invitaverattt</strong></span> 
     </span>
     <span class='ocr_line' id='line_1_28' title="bbox 104 3304 1296 3389; baseline 0.004 -25"><span class='ocrx_word' id='word_1_242' title='bbox 104 3305 143 3366; x_wconf 85' lang='lat' dir='ltr'><strong>ita</strong></span> <span class='ocrx_word' id='word_1_243' title='bbox 166 3315 202 3367; x_wconf 89' lang='lat' dir='ltr'><strong>ut</strong></span> <span class='ocrx_word' id='word_1_244' title='bbox 225 3304 369 3368; x_wconf 87' lang='lat' dir='ltr'><strong>Ciceroni</strong></span> <span class='ocrx_word' id='word_1_245' title='bbox 393 3324 543 3386; x_wconf 83' lang='lat' dir='ltr'><strong>parasse</strong></span> <span class='ocrx_word' id='word_1_246' title='bbox 569 3305 740 3370; x_wconf 88' lang='lat' dir='ltr'><strong>videbatur</strong></span> <span class='ocrx_word' id='word_1_247' title='bbox 767 3307 986 3389; x_wconf 90' lang='lat' dir='ltr'><strong>responderat.</strong></span> <span class='ocrx_word' id='word_1_248' title='bbox 1034 3311 1073 3370; x_wconf 87' lang='lat' dir='ltr'><strong>ll.</strong></span> <span class='ocrx_word' id='word_1_249' title='bbox 1101 3309 1198 3389; x_wconf 92' lang='lat' dir='ltr'><strong>igitur</strong></span> <span class='ocrx_word' id='word_1_250' title='bbox 1220 3308 1296 3369; x_wconf 88' lang='lat' dir='ltr'><strong>Tul·</strong></span> 
     </span>
     <span class='ocr_line' id='line_1_29' title="bbox 102 3407 1293 3494; baseline 0.005 -28"><span class='ocrx_word' id='word_1_251' title='bbox 102 3407 162 3470; x_wconf 84' lang='lat' dir='ltr'><strong>lius</strong></span> <span class='ocrx_word' id='word_1_252' title='bbox 193 3409 315 3472; x_wconf 87' lang='lat' dir='ltr'><strong>litteras</strong></span> <span class='ocrx_word' id='word_1_253' title='bbox 342 3407 383 3471; x_wconf 88' lang='lat' dir='ltr'><strong>ad</strong></span> <span class='ocrx_word' id='word_1_254' title='bbox 412 3407 550 3472; x_wconf 83' lang='lat' dir='ltr'><strong>Atticum</strong></span> <span class='ocrx_word' id='word_1_255' title='bbox 582 3412 711 3473; x_wconf 89' lang='lat' dir='ltr'><strong>miserat</strong></span> <span class='ocrx_word' id='word_1_256' title='bbox 747 3413 812 3474; x_wconf 86' lang='lat' dir='ltr'><strong>irae</strong></span> <span class='ocrx_word' id='word_1_257' title='bbox 848 3423 880 3475; x_wconf 94' lang='lat' dir='ltr'><strong>et</strong></span> <span class='ocrx_word' id='word_1_258' title='bbox 909 3411 1136 3494; x_wconf 88' lang='lat' dir='ltr'><strong>indignationis</strong></span> <span class='ocrx_word' id='word_1_259' title='bbox 1171 3411 1293 3493; x_wconf 91' lang='lat' dir='ltr'><strong>plenas.</strong></span> 
     </span>
     <span class='ocr_line' id='line_1_30' title="bbox 104 3509 1296 3596; baseline 0.006 -26"><span class='ocrx_word' id='word_1_260' title='bbox 104 3512 224 3574; x_wconf 85' lang='lat' dir='ltr'><strong>interea</strong></span> <span class='ocrx_word' id='word_1_261' title='bbox 254 3509 431 3575; x_wconf 87' lang='lat' dir='ltr'><strong>advenerat</strong></span> <span class='ocrx_word' id='word_1_262' title='bbox 460 3513 638 3595; x_wconf 79' lang='lat' dir='ltr'><strong>Dionysius.</strong></span> <span class='ocrx_word' id='word_1_263' title='bbox 695 3515 801 3596; x_wconf 87' lang='lat' dir='ltr'><strong>itaque</strong></span> <span class='ocrx_word' id='word_1_264' title='bbox 826 3515 935 3579; x_wconf 92' lang='lat' dir='ltr'><strong>Cicero</strong></span> <span class='ocrx_word' id='word_1_265' title='bbox 965 3518 1161 3579; x_wconf 87' lang='lat' dir='ltr'><strong>mansuetior</strong></span> <span class='ocrx_word' id='word_1_266' title='bbox 1196 3514 1296 3577; x_wconf 84' lang='lat' dir='ltr'><strong>iaetus</strong></span> 
     </span>
     <span class='ocr_line' id='line_1_31' title="bbox 103 3612 1295 3703; baseline 0.005 -30"><span class='ocrx_word' id='word_1_267' title='bbox 103 3612 196 3676; x_wconf 86' lang='lat' dir='ltr'><strong>aliam</strong></span> <span class='ocrx_word' id='word_1_268' title='bbox 217 3613 258 3678; x_wconf 90' lang='lat' dir='ltr'><strong>ad</strong></span> <span class='ocrx_word' id='word_1_269' title='bbox 273 3615 412 3678; x_wconf 78' lang='lat' dir='ltr'><strong>Atticum</strong></span> <span class='ocrx_word' id='word_1_270' title='bbox 428 3616 596 3697; x_wconf 88' lang='lat' dir='ltr'><strong>epistulam</strong></span> <span class='ocrx_word' id='word_1_271' title='bbox 618 3619 746 3700; x_wconf 89' lang='lat' dir='ltr'><strong>scripsit</strong></span> <span class='ocrx_word' id='word_1_272' title='bbox 766 3617 830 3700; x_wconf 86' lang='lat' dir='ltr'><strong>(rur</strong></span> <span class='ocrx_word' id='word_1_273' title='bbox 847 3620 892 3703; x_wconf 80' lang='grc'><strong>5),</strong></span> <span class='ocrx_word' id='word_1_274' title='bbox 919 3641 959 3682; x_wconf 82' lang='lat' dir='ltr'><strong>ex</strong></span> <span class='ocrx_word' id='word_1_275' title='bbox 982 3639 1044 3702; x_wconf 89' lang='lat' dir='ltr'><strong>qua</strong></span> <span class='ocrx_word' id='word_1_276' title='bbox 1068 3640 1105 3684; x_wconf 87' lang='lat' dir='ltr'><strong>ea</strong></span> <span class='ocrx_word' id='word_1_277' title='bbox 1128 3637 1210 3700; x_wconf 88' lang='lat' dir='ltr'><strong>quae</strong></span> <span class='ocrx_word' id='word_1_278' title='bbox 1234 3619 1295 3680; x_wconf 89' lang='lat' dir='ltr'><strong>huc</strong></span> 
     </span>
     <span class='ocr_line' id='line_1_32' title="bbox 104 3718 1298 3796; baseline 0.004 -18"><span class='ocrx_word' id='word_1_279' title='bbox 104 3719 266 3796; x_wconf 90' lang='lat' dir='ltr'><strong>pertinent</strong></span> <span class='ocrx_word' id='word_1_280' title='bbox 288 3718 512 3783; x_wconf 87' lang='lat' dir='ltr'><strong>adscribimus.</strong></span> <span class='ocrx_word' id='word_1_281' title='bbox 562 3721 637 3782; x_wconf 84' lang='lat' dir='ltr'><strong>Cam</strong></span> <span class='ocrx_word' id='word_1_282' title='bbox 664 3729 734 3785; x_wconf 82' lang='lat' dir='ltr'><strong>oute</strong></span> <span class='ocrx_word' id='word_1_283' title='bbox 763 3723 859 3786; x_wconf 84' lang='lat' dir='ltr'><strong>lacem</strong></span> <span class='ocrx_word' id='word_1_284' title='bbox 886 3737 939 3780; x_wconf 85' lang='lat' dir='ltr'><strong>uu</strong></span> <span class='ocrx_word' id='word_1_285' title='bbox 964 3722 1026 3788; x_wconf 82' lang='lat' dir='ltr'><strong>lrcl.</strong></span> <span class='ocrx_word' id='word_1_286' title='bbox 1052 3725 1171 3788; x_wconf 84' lang='lat' dir='ltr'><strong>litteras</strong></span> <span class='ocrx_word' id='word_1_287' title='bbox 1200 3723 1242 3784; x_wconf 89' lang='lat' dir='ltr'><strong>ad</strong></span> <span class='ocrx_word' id='word_1_288' title='bbox 1257 3729 1298 3784; x_wconf 83' lang='lat' dir='ltr'><strong>-te</strong></span> 
     </span>
     <span class='ocr_line' id='line_1_33' title="bbox 104 3819 1298 3909; baseline 0.005 -27"><span class='ocrx_word' id='word_1_289' title='bbox 104 3819 139 3882; x_wconf 84' lang='lat' dir='ltr'><strong>dc</strong></span> <span class='ocrx_word' id='word_1_290' title='bbox 161 3823 304 3904; x_wconf 77' lang='lat' dir='ltr'><strong>Diortysio</strong></span> <span class='ocrx_word' id='word_1_291' title='bbox 327 3823 486 3904; x_wconf 79' lang='lat' dir='ltr'><strong>dedissem,</strong></span> <span class='ocrx_word' id='word_1_292' title='bbox 517 3825 639 3905; x_wconf 80' lang='lat' dir='ltr'><strong>uesperi</strong></span> <span class='ocrx_word' id='word_1_293' title='bbox 660 3825 701 3887; x_wconf 88' lang='lat' dir='ltr'><strong>od</strong></span> <span class='ocrx_word' id='word_1_294' title='bbox 722 3843 777 3888; x_wconf 82' lang='lat' dir='ltr'><strong>aas</strong></span> <span class='ocrx_word' id='word_1_295' title='bbox 800 3825 901 3889; x_wconf 87' lang='lat' dir='ltr'><strong>eodem</strong></span> <span class='ocrx_word' id='word_1_296' title='bbox 923 3827 972 3890; x_wconf 81' lang='lat' dir='ltr'><strong>die</strong></span> <span class='ocrx_word' id='word_1_297' title='bbox 993 3828 1076 3890; x_wconf 80' lang='lat' dir='ltr'><strong>venit</strong></span> <span class='ocrx_word' id='word_1_298' title='bbox 1098 3829 1162 3909; x_wconf 82' lang='lat' dir='ltr'><strong>ipse</strong></span> <span class='ocrx_word' id='word_1_299' title='bbox 1183 3827 1298 3907; x_wconf 81' lang='lat' dir='ltr'><strong>Diony-</strong></span> 
     </span>
     <span class='ocr_line' id='line_1_34' title="bbox 102 3925 1295 4014; baseline 0.004 -28"><span class='ocrx_word' id='word_1_300' title='bbox 102 3925 184 4000; x_wconf 81' lang='lat' dir='ltr'><strong>sius,</strong></span> <span class='ocrx_word' id='word_1_301' title='bbox 219 3927 397 3990; x_wconf 67' lang='lat' dir='ltr'><strong>caumate</strong></span> <span class='ocrx_word' id='word_1_302' title='bbox 430 3935 484 3989; x_wconf 85' lang='lat' dir='ltr'><strong>tao</strong></span> <span class='ocrx_word' id='word_1_303' title='bbox 513 3935 687 4008; x_wconf 80' lang='lat' dir='ltr'><strong>permotus,</strong></span> <span class='ocrx_word' id='word_1_304' title='bbox 726 3937 760 3991; x_wconf 84' lang='lat' dir='ltr'><strong>ot</strong></span> <span class='ocrx_word' id='word_1_305' title='bbox 787 3932 938 4012; x_wconf 82' lang='lat' dir='ltr'><strong>suspicor.</strong></span> <span class='ocrx_word' id='word_1_306' title='bbox 985 3931 1058 4014; x_wconf 83' lang='lat' dir='ltr'><strong>qaid</strong></span> <span class='ocrx_word' id='word_1_307' title='bbox 1088 3931 1167 3993; x_wconf 80' lang='lat' dir='ltr'><strong>caira</strong></span> <span class='ocrx_word' id='word_1_308' title='bbox 1195 3936 1295 4012; x_wconf 85' lang='lat' dir='ltr'><strong>patera</strong></span> 
     </span>
     <span class='ocr_line' id='line_1_35' title="bbox 103 4027 1297 4116; baseline 0.005 -28"><span class='ocrx_word' id='word_1_309' title='bbox 103 4027 212 4090; x_wconf 71' lang='lat' dir='ltr'><strong>diod?</strong></span> <span class='ocrx_word' id='word_1_310' title='bbox 247 4031 305 4093; x_wconf 83' lang='lat' dir='ltr'><strong>atsi</strong></span> <span class='ocrx_word' id='word_1_311' title='bbox 326 4031 399 4094; x_wconf 85' lang='lat' dir='ltr'><strong>solet</strong></span> <span class='ocrx_word' id='word_1_312' title='bbox 420 4049 499 4106; x_wconf 83' lang='lat' dir='ltr'><strong>eam,</strong></span> <span class='ocrx_word' id='word_1_313' title='bbox 531 4049 599 4093; x_wconf 80' lang='lat' dir='ltr'><strong>carm</strong></span> <span class='ocrx_word' id='word_1_314' title='bbox 623 4032 740 4115; x_wconf 78' lang='lat' dir='ltr'><strong>alr&#39;qar&#39;d</strong></span> <span class='ocrx_word' id='word_1_315' title='bbox 759 4031 878 4115; x_wconf 73' lang='lat' dir='ltr'><strong>furiose</strong></span> <span class='ocrx_word' id='word_1_316' title='bbox 897 4033 980 4115; x_wconf 79' lang='lat' dir='ltr'><strong>fecit,</strong></span> <span class='ocrx_word' id='word_1_317' title='bbox 1002 4036 1169 4116; x_wconf 82' lang='lat' dir='ltr'><strong>paertitere.</strong></span> <span class='ocrx_word' id='word_1_318' title='bbox 1206 4051 1297 4094; x_wconf 82' lang='lat' dir='ltr'><strong>oaor-</strong></span> 
     </span>
     <span class='ocr_line' id='line_1_36' title="bbox 103 4132 1297 4220; baseline 0.003 -27"><span class='ocrx_word' id='word_1_319' title='bbox 103 4147 195 4212; x_wconf 76' lang='lat' dir='ltr'><strong>qoom</strong></span> <span class='ocrx_word' id='word_1_320' title='bbox 216 4141 315 4198; x_wconf 82' lang='lat' dir='ltr'><strong>autem</strong></span> <span class='ocrx_word' id='word_1_321' title='bbox 339 4135 481 4197; x_wconf 77' lang='lat' dir='ltr'><strong>cerritior·</strong></span> <span class='ocrx_word' id='word_1_322' title='bbox 499 4132 561 4214; x_wconf 78' lang='lat' dir='ltr'><strong>fuit</strong></span> <span class='ocrx_word' id='word_1_323' title='bbox 582 4153 673 4218; x_wconf 82' lang='lat' dir='ltr'><strong>qaam</strong></span> <span class='ocrx_word' id='word_1_324' title='bbox 696 4138 728 4198; x_wconf 81' lang='lat' dir='ltr'><strong>t&#39;tt</strong></span> <span class='ocrx_word' id='word_1_325' title='bbox 750 4135 804 4199; x_wconf 87' lang='lat' dir='ltr'><strong>ltoc</strong></span> <span class='ocrx_word' id='word_1_326' title='bbox 824 4139 951 4220; x_wconf 79' lang='lat' dir='ltr'><strong>nepotio.</strong></span> <span class='ocrx_word' id='word_1_327' title='bbox 997 4155 1081 4214; x_wconf 78' lang='lat' dir='ltr'><strong>uam,</strong></span> <span class='ocrx_word' id='word_1_328' title='bbox 1107 4135 1185 4219; x_wconf 80' lang='lat' dir='ltr'><strong>quod</strong></span> <span class='ocrx_word' id='word_1_329' title='bbox 1207 4135 1249 4198; x_wconf 89' lang='lat' dir='ltr'><strong>ad</strong></span> <span class='ocrx_word' id='word_1_330' title='bbox 1271 4144 1297 4198; x_wconf 87' lang='lat' dir='ltr'><strong>te</strong></span> 
     </span>
     <span class='ocr_line' id='line_1_37' title="bbox 104 4233 1298 4319; baseline 0.005 -23"><span class='ocrx_word' id='word_1_331' title='bbox 104 4253 163 4296; x_wconf 80' lang='lat' dir='ltr'><strong>nort</strong></span> <span class='ocrx_word' id='word_1_332' title='bbox 185 4239 383 4319; x_wconf 79' lang='lat' dir='ltr'><strong>scripseram,</strong></span> <span class='ocrx_word' id='word_1_333' title='bbox 406 4246 511 4318; x_wconf 80' lang='lat' dir='ltr'><strong>postea</strong></span> <span class='ocrx_word' id='word_1_334' title='bbox 526 4237 635 4301; x_wconf 83' lang='lat' dir='ltr'><strong>audivi</strong></span> <span class='ocrx_word' id='word_1_335' title='bbox 654 4259 675 4300; x_wconf 88' lang='lat' dir='ltr'><strong>a</strong></span> <span class='ocrx_word' id='word_1_336' title='bbox 697 4241 783 4302; x_wconf 81' lang='lat' dir='ltr'><strong>tertio</strong></span> <span class='ocrx_word' id='word_1_337' title='bbox 799 4240 934 4302; x_wconf 81' lang='lat' dir='ltr'><strong>miliario</strong></span> <span class='ocrx_word' id='word_1_338' title='bbox 957 4247 1020 4302; x_wconf 85' lang='lat' dir='ltr'><strong>tum</strong></span> <span class='ocrx_word' id='word_1_339' title='bbox 1035 4259 1102 4303; x_wconf 85' lang='lat' dir='ltr'><strong>eum</strong></span> <span class='ocrx_word' id='word_1_340' title='bbox 1118 4243 1178 4304; x_wconf 79' lang='lat' dir='ltr'><strong>isac</strong></span> <span class='ocrx_word' id='word_1_341' title='bbox 1199 4233 1298 4304; x_wconf 79' lang='grc' dir='ltr'>πολλὰ</span> 
     </span>
     <span class='ocr_line' id='line_1_38' title="bbox 104 4331 1296 4428; baseline 0.003 -26"><span class='ocrx_word' id='word_1_342' title='bbox 104 4331 200 4423; x_wconf 75' lang='grc' dir='ltr'>μάτην</span> <span class='ocrx_word' id='word_1_343' title='bbox 228 4337 385 4426; x_wconf 77' lang='grc' dir='ltr'>κεράεσσιν</span> <span class='ocrx_word' id='word_1_344' title='bbox 413 4338 444 4411; x_wconf 76' lang='grc' dir='ltr'><strong>ἐς</strong></span> <span class='ocrx_word' id='word_1_345' title='bbox 473 4335 551 4427; x_wconf 82' lang='grc' dir='ltr'>ἠέρα</span> <span class='ocrx_word' id='word_1_346' title='bbox 573 4337 764 4428; x_wconf 77' lang='grc' dir='ltr'>θυμήναντα,</span> <span class='ocrx_word' id='word_1_347' title='bbox 796 4344 908 4420; x_wconf 82' lang='lat' dir='ltr'><strong>multa,</strong></span> <span class='ocrx_word' id='word_1_348' title='bbox 941 4345 1082 4426; x_wconf 80' lang='lat' dir='ltr'><strong>inquom,</strong></span> <span class='ocrx_word' id='word_1_349' title='bbox 1118 4345 1202 4406; x_wconf 86' lang='lat' dir='ltr'><strong>mola</strong></span> <span class='ocrx_word' id='word_1_350' title='bbox 1230 4363 1296 4406; x_wconf 76' lang='lat' dir='ltr'><strong>erem</strong></span> 
     </span>
     <span class='ocr_line' id='line_1_39' title="bbox 104 4442 1297 4526; baseline 0.003 -23"><span class='ocrx_word' id='word_1_351' title='bbox 104 4442 242 4506; x_wconf 66' lang='lat' dir='ltr'><strong>amare:</strong></span> <span class='ocrx_word' id='word_1_352' title='bbox 273 4461 329 4506; x_wconf 84' lang='lat' dir='ltr'><strong>sao</strong></span> <span class='ocrx_word' id='word_1_353' title='bbox 351 4446 454 4526; x_wconf 80' lang='lat' dir='ltr'><strong>copiti,</strong></span> <span class='ocrx_word' id='word_1_354' title='bbox 486 4453 519 4508; x_wconf 83' lang='lat' dir='ltr'><strong>at</strong></span> <span class='ocrx_word' id='word_1_355' title='bbox 548 4446 645 4507; x_wconf 83' lang='lat' dir='ltr'><strong>cr‘uat.</strong></span> <span class='ocrx_word' id='word_1_356' title='bbox 692 4447 746 4510; x_wconf 85' lang='lat' dir='ltr'><strong>scd</strong></span> <span class='ocrx_word' id='word_1_357' title='bbox 775 4465 871 4508; x_wconf 80' lang='lat' dir='ltr'><strong>aream</strong></span> <span class='ocrx_word' id='word_1_358' title='bbox 901 4447 1182 4511; x_wconf 80' lang='lat' dir='ltr'><strong>mansuetudinem!</strong></span> <span class='ocrx_word' id='word_1_359' title='bbox 1227 4465 1297 4508; x_wconf 87' lang='lat' dir='ltr'><strong>coa-</strong></span> 
     </span>
    </p>
   </div>
   <div class='ocr_carea' id='block_1_3' title="bbox 106 4547 1296 4720">
    <p class='ocr_par' dir='ltr' id='par_1_4' title="bbox 106 4547 1296 4720">
     <span class='ocr_line' id='line_1_40' title="bbox 106 4547 1296 4631; baseline 0.003 -26"><span class='ocrx_word' id='word_1_360' title='bbox 106 4563 234 4608; x_wconf 79' lang='lat' dir='ltr'><strong>rccerom</strong></span> <span class='ocrx_word' id='word_1_361' title='bbox 256 4547 491 4630; x_wconf 79' lang='lat' dir='ltr'><strong>infasciculum</strong></span> <span class='ocrx_word' id='word_1_362' title='bbox 513 4568 576 4610; x_wconf 84' lang='lat' dir='ltr'><strong>uno</strong></span> <span class='ocrx_word' id='word_1_363' title='bbox 599 4569 666 4611; x_wconf 82' lang='lat' dir='ltr'><strong>curo</strong></span> <span class='ocrx_word' id='word_1_364' title='bbox 689 4557 742 4611; x_wconf 85' lang='lat' dir='ltr'><strong>too</strong></span> <span class='ocrx_word' id='word_1_365' title='bbox 767 4557 926 4612; x_wconf 78' lang='lat' dir='ltr'><strong>vertentem</strong></span> <span class='ocrx_word' id='word_1_366' title='bbox 949 4551 991 4611; x_wconf 88' lang='lat' dir='ltr'><strong>od</strong></span> <span class='ocrx_word' id='word_1_367' title='bbox 1014 4551 1098 4612; x_wconf 81' lang='lat' dir='ltr'><strong>illam</strong></span> <span class='ocrx_word' id='word_1_368' title='bbox 1115 4551 1296 4631; x_wconf 80' lang='lat' dir='ltr'><strong>epistulam:</strong></span> 
     </span>
     <span class='ocr_line' id='line_1_41' title="bbox 156 4662 1089 4720; baseline 0.002 -15"><span class='ocrx_word' id='word_1_369' title='bbox 156 4662 275 4716; x_wconf 73' lang='lat' dir='ltr'><strong>flnuptil</strong></span> <span class='ocrx_word' id='word_1_370' title='bbox 288 4663 406 4716; x_wconf 77' lang='lat' dir='ltr'><strong>opuscula.</strong></span> <span class='ocrx_word' id='word_1_371' title='bbox 426 4664 453 4706; x_wconf 86' lang='lat'><strong>11.</strong></span> <span class='ocrx_word' id='word_1_372' title='bbox 1074 4671 1089 4720; x_wconf 75' lang='grc'><strong>6</strong></span> 
     </span>
    </p>
   </div>
   <div class='ocr_carea' id='block_1_4' title="bbox 0 0 1638 5108">
    <p class='ocr_par' dir='ltr' id='par_1_5' title="bbox 0 0 1638 5108">
     <span class='ocr_line' id='line_1_42' title="bbox 0 0 1638 5108; baseline 0 0"><span class='ocrx_word' id='word_1_373' title='bbox 0 0 1638 5108; x_wconf 95' lang='lat' dir='ltr'><strong> </strong></span> 
     </span>
    </p>
   </div>
  </div>
 </body>
</html>
