3268 5108
419 402 510 462 lnnnx
533 419 700 465 enarrant!
723 421 899 465 nssrrvtnrrs
925 398 1018 466 taut.
1267 391 1311 462 41

132 587 224 652 derici
248 590 420 652 Christiani
442 591 588 654 Matthiae
615 591 793 654 emendatio
815 603 880 655 est:
910 592 984 656 libri
1004 594 1087 676 quid.
1127 604 1195 658 tum
1218 615 1316 659 uvrvu

130 695 328 774 scripsimus,
362 713 434 757 cum
464 695 664 758 Florentinus
695 695 776 759 liber
804 697 931 760 multum
959 695 1177 780 praebuisset:
1210 701 1314 775 multo,

130 797 208 877 quod
231 799 265 859 in
288 799 404 860 ceteris
427 808 484 876 est,
511 799 652 878 Scaliger
668 801 700 861 in
716 809 812 864 mutos
829 801 1048 883 mutaverat.*)
1088 800 1205 866 deinde
1228 823 1317 867 nvnrt

130 902 286 980 praeclare
302 902 517 964 Florentinus:
546 901 818 983 Cantabrigiensis
836 924 905 966 oum
928 907 1045 968 ceteris
1066 907 1183 970 mundi.
1223 905 1317 969 deni-

129 1023 186 1084 que
208 1025 334 1084 imaro,
360 1005 524 1068 Menckeni
548 1017 580 1068 et
603 1006 772 1070 Schraderi
796 1008 981 1089 inventum,
1013 1027 1076 1070 non
1100 1008 1317 1072 dubitavimus

129 1127 233 1171 verum
259 1128 345 1172 esse:
371 1127 434 1172 non
457 1119 530 1190 apte
553 1108 629 1171 libri
652 1111 755 1180 multo.
802 1115 908 1193 pergit
928 1121 1019 1194 poeta
1130 1107 1133 1114 ’

252 1211 434 1274 ercdnidurn
458 1221 503 1275 est
523 1215 631 1275 etenim
653 1221 811 1276 oenwrnrn
833 1217 967 1278 emistere
988 1235 1100 1278 causas

251 1315 308 1378 sub
331 1323 417 1378 terra
439 1317 553 1379 similes
575 1316 686 1380 tiorum
709 1336 785 1399 quos
808 1322 960 1382 cernimus
984 1328 1089 1397 iutro,

251 1439 320 1482 uim
343 1427 482 1482 crescunt
505 1421 618 1495 animi,
641 1419 762 1502 penitus
785 1441 838 1485 seu
857 1422 938 1504 forte
959 1442 1110 1486 secunao

250 1525 431 1586 introitosoe
454 1525 515 1604 i‘psi
535 1532 670 1600 seruent,
696 1544 750 1587 seu
773 1534 859 1588 terra
882 1529 1005 1590 minutis

251 1646 331 1690 roro
350 1626 555 1708 foraminibus
578 1634 680 1689 tenum
704 1629 735 1690 in
758 1647 789 1690 se
812 1629 963 1692 abstrahit
983 1650 1092 1708 ouras,

246 1731 371 1812 plenius
392 1729 446 1792 hoo
467 1731 575 1805 etiarn,
601 1730 703 1813 ripido
724 1751 785 1813 prio
807 1735 917 1795 verit'ce
939 1752 1069 1816 surptus

250 1835 337 1897 illinc
359 1833 475 1915 infestis
498 1842 587 1915 atqie
608 1833 678 1897 tn'no
700 1834 835 1898 obnoaeio
856 1837 953 1899 ventis

249 1937 383 2018 undique
405 1937 546 2000 diversos
569 1938 727 2000 admittere
748 1941 864 2021 eapitur
886 1958 984 2002 auras

250 2050 279 2104 et
301 2041 468 2103 coniuratis
491 2040 578 2104 addit
600 2042 762 2103 concordia
784 2042 877 2120 vires,

249 2147 316 2208 sive
339 2147 492 2206 introrsus
515 2152 612 2228 opunt
632 2145 725 2207 nider
749 2153 776 2207 et
797 2145 919 2208 nuditus
942 2154 1059 2227 auster,

249 2249 279 2311 si
296 2246 377 2330 sorta
400 2247 548 2328 inlleoeere
570 2256 661 2330 caput
683 2256 821 2332 terpopue
840 2248 998 2330 feruntur.

128 2371 217 2414 versu
239 2353 343 2433 primo
365 2369 472 2412 smum
497 2361 582 2413 recte
605 2353 734 2433 scripsit
761 2351 909 2426 lacobus,
942 2372 1013 2416 oum
1037 2354 1200 2434 legeretur
1222 2339 1334 2418 antea·

126 2458 225 2532 otiam,
258 2455 409 2535 idemque
433 2453 581 2518 versibus
609 2457 712 2536 primo
740 2465 771 2538 et
793 2454 933 2518 seeundo
956 2475 1048 2520 suum
1072 2458 1175 2519 locum
1199 2459 1316 2520 eximie

129 2561 277 2638 restituit,
303 2578 374 2622 cum
397 2559 521 2622 traiecti
544 2567 652 2621 essent
674 2562 706 2620 in
729 2559 886 2635 alienum;
920 2559 1005 2623 idem
1029 2560 1169 2642 denique
1193 2580 1317 2624 oonore-

126 2671 219 2737 scant,
247 2661 333 2743 quod
356 2660 431 2722 libri
455 2661 590 2741 habent,
616 2665 649 2723 in
672 2681 730 2724 eru
754 2671 894 2725 crescant
916 2664 1062 2725 mutavit:
1089 2665 1146 2728 sed
1169 2663 1316 2728 scriben-

126 2765 197 2827 dum
226 2777 294 2828 erat
324 2785 382 2828 arn
413 2783 570 2828 emautur.
617 2775 684 2826 tum
714 2783 904 2829 turnorrvsrs
934 2777 1020 2829 recte
1050 2767 1207 2847 Scaliger:
1240 2766 1315 2829 libri

127 2871 330 2950 introitusque.
377 2867 496 2930 deinde
525 2887 651 2930 svnesns
675 2888 716 2930 ex
738 2869 918 2931 Florentino
948 2868 1029 2931 libro
1059 2869 1310 2952 adsumpsimus:

127 2973 220 3034 ceteri
242 2976 353 3056 serpit.
386 2975 419 3036 in
444 2971 554 3034 eodem
572 2990 667 3033 versu
683 2973 884 3034 Florentinus
900 2983 931 3036 et
947 2972 1209 3036 llelmstadiensis
1225 2977 1315 3056 puio;

126 3075 178 3136 sed
200 3095 258 3150 orn
280 3085 444 3157 praestare
464 3075 612 3154 videtur,
644 3075 731 3157 quod
751 3078 848 3138 ceteri
874 3075 1062 3158 liabent.**)
1111 3078 1143 3138 in
1171 3079 1315 3158 proximo

127 3197 217 3242 versu
239 3199 351 3242 verum
381 3181 563 3260 putavimus
586 3178 671 3261 quod
702 3179 831 3242 lacobus
854 3181 982 3261 scripsit
1004 3199 1151 3242 numeris:
1184 3182 1315 3243 Floren-

126 3281 206 3345 tinus
235 3285 355 3346 insessa
383 3291 443 3360 est,
477 3284 574 3346 ceteri
604 3283 744 3365 infestos.
795 3293 864 3346 tum
891 3283 1024 3346 obnoaeia
1055 3303 1156 3346 vaurts
1184 3285 1316 3347 Floren-

128 3387 223 3448 tinus:
252 3385 523 3466 Cantabrigiensis
545 3387 679 3449 obnoaeio
697 3389 779 3463 vitis,
805 3385 1046 3467 liehdigeranus
1068 3385 1203 3450 obnoaeia
1225 3391 1311 3468 vites,

127 3489 382 3553 Helmstadiensis
404 3489 527 3553 obnooea
548 3491 600 3551 vel
623 3489 739 3552 abuma
761 3493 847 3568 vitis,
883 3491 1020 3572 inpressi
1043 3489 1194 3554 obnooeins
1217 3492 1310 3555 intus.

126 3591 236 3654 deinde
260 3613 388 3656 cocrrvn
417 3595 546 3674 egregia
575 3603 623 3656 est
652 3595 778 3656 loannis
807 3593 977 3656 Schraderi
1007 3593 1204 3672 emendatio,
1238 3615 1314 3657 con-

127 3698 242 3775 signata
261 3700 292 3760 in
316 3697 510 3760 adversariis
525 3696 717 3779 quibusdam
734 3698 804 3760 eius
820 3715 901 3778 quae
918 3697 1109 3761 bibliotheca
1126 3701 1213 3779 regia
1229 3699 1315 3761 inter

129 3797 219 3862 libros
246 3801 411 3864 Diezianos
441 3812 562 3863 servat:
597 3802 738 3882 ineptum
770 3810 818 3862 est
847 3803 955 3884 sopitat
984 3801 1069 3881 quod
1096 3800 1171 3864 libri
1195 3785 1315 3865 habent

129 3903 264 3984 virisque
285 3903 386 3966 doctis
409 3905 538 3985 placuit.
585 3903 726 3985 denique
750 3922 775 3965 si
795 3903 876 3986 forte
899 3923 1057 3968 rnrnnnsss
1080 3905 1189 3968 Iacobo
1212 3905 1314 3969 debe-

130 4025 210 4069 mus:
243 4006 315 4070 libri
344 4009 453 4089 scripti
477 4026 531 4070 seu
550 4006 629 4088 {orte
649 4007 785 4088 demere,
818 4010 953 4089 inpressi
978 4026 1032 4070 seu
1050 4009 1162 4091 forsan
1181 4011 1310 4092 (tenue.

207 4281 230 4346 *l
254 4284 311 4347 [arn
330 4285 395 4350 quid
413 4287 442 4334 in
455 4287 564 4335 editione
581 4290 714 4335 screatum
736 4290 782 4346 est,
802 4286 847 4334 oti
862 4291 1001 4346 praeterea
1013 4289 1059 4335 tsi
1080 4286 1201 4336 intendat
1217 4288 1246 4335 in
1261 4287 1314 4336 irn-

133 4367 206 4430 peilat
223 4375 260 4420 est
277 4376 412 4422 mutotmn.
450 4373 500 4420 stt
523 4370 746 4435 Cantabripienrts
768 4371 866 4420 multas
883 4371 978 4436 notet]

193 4451 232 4518 ”l
254 4453 357 4521 [toton
375 4457 506 4518 Hoieptius
523 4461 574 4510 286
593 4456 782 4520 introitusque,
803 4459 854 4510 28⁷
871 4456 1019 4520 abstrahat,
1040 4461 1091 4512 288
1109 4457 1160 4509 hac
1177 4463 1202 4510 tt
1218 4459 1312 4524 surgit.

133 4539 210 4588 eodem
228 4555 303 4592 cerm
322 4545 384 4608 quin
404 4545 482 4593 etiam
502 4541 748 4608 Centuripinus]
