3268 5108
614 366 702 426 lsnsx
725 383 888 426 inerrans!
910 383 1088 426 inserviam
1113 366 1206 424 t855.

445 556 538 618 sicine
561 574 606 615 me
626 555 739 636 patriis
761 561 908 630 evectum,
930 555 1056 636 perfide,
1083 553 1120 616 ab
1143 555 1218 628 oris,

441 659 566 740 perfide,
592 658 713 721 deserto
735 658 851 739 liquisti
872 658 904 720 in
927 659 1024 734 litore,
1053 656 1187 720 Theseu?

445 763 539 824 sicine
561 761 718 824 discedens
740 762 869 844 ncqtccto
892 762 1015 822 nominc
1037 761 1140 823 domem

446 866 591 928 inmemor
613 865 651 927 nli
674 864 782 927 devoto
802 864 923 928 domum
941 865 1086 946 periurio
1104 852 1240 948 portost'

292 981 452 1050 rquorum
475 977 645 1049 postrema,
671 977 707 1031 ut
728 969 787 1030 hoe
805 968 939 1030 strictius
961 965 1127 1046 addamus,
1153 987 1326 1050 conparare
1343 989 1510 1050 possumus
1618 983 1619 1050 g

316 1091 388 1134 cum
411 1072 461 1134 his
483 1071 735 1134 Demosthenieis
756 1073 789 1133 in
813 1072 953 1134 oratione
977 1070 1017 1133 de
1040 1071 1117 1134 lalsa
1140 1072 1295 1152 legatione
1318 1072 1335 1156 §
1358 1073 1433 1150 220,
1470 1067 1510 1156 μὴ

314 1169 387 1261 πρὸς
409 1174 470 1247 τοῖς
500 1165 603 1246 ἄλλοις
633 1169 678 1246 οἶς
706 1165 827 1260 ὕβρισθε
855 1168 900 1257 (εὖ
926 1169 987 1259 γὰρ
1014 1163 1101 1260 ἔγωγ’
1133 1169 1188 1238 οἶδ’
1221 1166 1238 1238 ‘i
1266 1199 1296 1238 τι
1322 1170 1383 1262 χρὴ
1412 1176 1511 1260 λέγειν

316 1269 400 1358 ἄλλο)
427 1273 480 1341 καὶ
502 1271 575 1364 ὑπὲρ
599 1268 641 1341 ὧν
670 1268 753 1342 οὗτοι
783 1269 1062 1363 δεδωροδοιήεεοιν
1093 1270 1177 1362 ὑμεῖς
1206 1273 1260 1363 τὴν
1283 1273 1359 1364 ἀρὰν
1381 1275 1436 1342 καὶ
1459 1275 1511 1364 τὴν

315 1378 468 1466 ἐπιορκίαν
496 1376 599 1446 οἴκαδε
627 1379 846 1466 εἰσενέγκησθε.
899 1383 1020 1463 pariter
1052 1400 1134 1462 quae
1164 1380 1304 1446 Ariadna
1332 1383 1441 1446 Ovidii
1478 1405 1511 1446 se
1619 1387 1620 1390 ’

316 1505 402 1549 nune
424 1504 550 1567 quoque
574 1487 778 1549 clamaturum
809 1505 879 1549 esse
902 1484 997 1566 dicit,
1029 1485 1220 1549 clamaverat
1241 1485 1328 1568 apud
1351 1487 1511 1550 Catullum

320 1589 361 1672 (ι.
382 1590 441 1652 ll3
466 1589 521 1674 s),

444 1711 525 1756 nnnc
547 1695 609 1755 iam
631 1693 719 1756 nulle
741 1694 809 1754 viro
832 1693 950 1754 torontt
967 1692 1084 1774 semino
1105 1691 1220 1768 crerint,

444 1795 532 1860 natio
553 1797 618 1858 oiri
637 1804 739 1877 speret
757 1812 912 1859 sermones
934 1813 999 1858 esse
1017 1795 1132 1877 fideles.

315 1902 374 1962 hoe
395 1909 502 1962 autern
524 1898 710 1976 artificium,
741 1908 909 1962 uteorum
932 1917 1014 1980 quae
1036 1897 1122 1980 apud
1149 1901 1360 1980 antiquiorem
1384 1910 1511 1982 poetam

315 2004 421 2085 aliqua
455 2003 604 2066 carminis
637 2021 772 2084 persona
801 2000 927 2064 dixerat
956 2002 1090 2065 eandem
1122 2013 1176 2066 aut
1211 2004 1305 2064 aliam
1339 2023 1511 2085 personam

316 2105 476 2169 recordari
500 2107 635 2188 lingeret
657 2105 839 2186 nobilisque
862 2107 968 2188 poesis
990 2108 1173 2168 memoriam
1197 2109 1366 2184 excitaret,
1396 2107 1514 2170 Ovidio

314 2221 481 2292 tantopore
515 2209 634 2292 placuit
666 2219 702 2272 ut
734 2210 830 2271 Ennii
864 2208 1000 2291 quodam
1034 2210 1192 2274 versiculo
1225 2210 1379 2272 consimili
1416 2211 1514 2292 plane
1621 2285 1622 2298 χ

315 2316 436 2378 ratione
459 2314 510 2376 bis
532 2321 688 2377 uteretur.
729 2313 847 2376 etenim
862 2314 960 2376 Varro
983 2315 1016 2374 in
1040 2312 1121 2375 libro
1144 2311 1185 2376 de
1208 2314 1315 2394 lingua
1339 2315 1451 2376 latina
1473 2334 1513 2378 ιιι

320 2418 362 2501 (p.
381 2417 443 2480 287
467 2418 535 2501 Sp.)
563 2415 603 2480 de
626 2416 735 2479 verbis
758 2415 876 2497 quibus
906 2425 1019 2497 poetae
1042 2417 1108 2480 loca
1134 2418 1343 2498 significarint
1364 2416 1515 2482 dicturus

315 2523 459 2604 incipiam
487 2521 557 2584 irinc
588 2521 707 2602 inquit:
747 2523 828 2584 Vnus
857 2522 915 2583 erit
942 2539 1028 2603 ptem
1058 2529 1090 2584 tn
1111 2521 1196 2584 tolles
1226 2523 1257 2584 in
1285 2521 1414 2584 cmrnlo
1436 2523 1517 2585 coeli

319 2625 451 2706 Templo.
498 2625 592 2687 Ennii
620 2643 750 2688 versum
780 2644 849 2688 esse
872 2623 1041 2688 Turnebus
1070 2624 1245 2702 intellexit,
1277 2627 1380 2705 primo
1403 2627 1514 2690 annali

316 2748 389 2793 eum
413 2737 498 2792 recte
521 2726 702 2810 adsignavit
724 2730 875 2810 Scaliger,
901 2727 942 2790 de
965 2745 1027 2808 qua
1051 2745 1085 2788 re
1109 2747 1195 2791 nune
1218 2728 1372 2790 lohannes
1394 2729 1515 2792 Vahle-

316 2850 377 2894 nus
399 2833 432 2894 in
454 2831 596 2913 perbono
619 2832 701 2895 libro
724 2852 786 2915 qno
809 2833 974 2895 Ennianae
1003 2831 1109 2912 poesis
1132 2832 1286 2912 reliquias
1308 2833 1515 2914 conprehen-
1622 2891 1623 2898 ,

315 2934 363 2997 dit
378 2933 564 3016 diligentius
580 2935 662 2998 dixit
683 2956 715 3018 p.
733 2955 835 2999 xxxin.
876 2933 987 2998 eodem
1010 2943 1116 2997 autem
1131 2954 1229 2998 versu
1243 2935 1393 2998 Ovidium
1418 2957 1513 3000 usum

316 3058 387 3101 esse
409 3040 524 3120 partim
548 3039 717 3102 Turnebus
744 3041 859 3121 partini
883 3039 1024 3120 Scaliger
1045 3037 1208 3102 viderunt.
1256 3058 1328 3102 nam
1352 3041 1384 3102 in
1409 3051 1515 3104 meta-

316 3144 524 3224 morphoseon
546 3162 611 3206 xnu
640 3141 681 3226 (v.
703 3144 765 3206 sta
789 3144 844 3226 ss.)
872 3145 954 3206 Mars
981 3143 1031 3204 his
1053 3141 1163 3204 verbis
1185 3143 1288 3206 levem
1311 3143 1511 3226 adloquitur,

445 3254 478 3309 tn
500 3246 575 3309 mdi
595 3248 719 3310 concilio
741 3247 893 3330 mnndum
912 3254 1074 3329 praesente
1096 3246 1220 3308 deornm

446 3350 533 3430 (nom
555 3369 686 3413 nmmoro
708 3352 890 3434 memorique
912 3353 1012 3414 animo
1032 3350 1088 3432 pio
1110 3349 1205 3412 verbo
1226 3351 1346 3432 notavi)

448 3455 540 3517 ‘unns
562 3457 621 3516 erit
642 3473 728 3536 quem
750 3463 783 3517 tn
805 3455 889 3517 tolles
912 3455 944 3517 in
966 3456 1092 3517 coemto
1113 3453 1202 3517 coeli'

445 3558 575 3621 dimisti:
598 3565 670 3620 roto
691 3560 733 3621 sit
753 3557 916 3621 verborum
938 3575 1057 3620 summo
1079 3566 1211 3621 monim.

316 3661 420 3725 eidem
444 3663 532 3724 Marti
557 3664 589 3723 in
611 3661 762 3725 iastorurn
786 3681 808 3723 n
835 3659 876 3741 (v.
896 3661 958 3724 487
974 3663 1012 3745 s.)
1043 3662 1119 3724 haec
1141 3661 1340 3740 tribuuntur,

448 3766 540 3828 ‘nnus
562 3767 622 3828 erit
643 3784 728 3847 qoem
752 3773 784 3828 tn
806 3765 890 3828 tolles
912 3768 946 3827 in
968 3766 1095 3828 coerula
1116 3765 1207 3828 coeti'

522 3877 555 3932 tn
576 3869 651 3931 milri
671 3869 783 3933 dimisti
790 3892 799 3929 :
822 3870 885 3932 sint
906 3877 979 3932 roto
1000 3869 1082 3932 dicto
1104 3870 1195 3931 lovis.

316 3972 449 4055 adparet
470 3982 575 4036 autern
600 3991 662 4034 non
686 3974 762 4034 satis
785 3976 967 4056 percepisse
991 3973 1113 4034 inventi
1136 3971 1284 4034 Ovidiani
1309 3983 1514 4036 venustatem

316 4075 485 4139 liudolfum
502 4076 700 4154 Merkelium,
726 4096 797 4139 oum
821 4075 1050 4139 indoctissima
1074 4075 1114 4138 de
1137 4075 1226 4138 lastis
1248 4078 1515 4140 commentatione

237 4229 240 4236 .
316 4199 348 4261 p.
367 4199 454 4242 nxxxr
476 4177 627 4241 Ovidium
650 4179 752 4242 Ennio
775 4198 904 4244 versum
929 4180 1034 4244 illum„
1049 4179 1242 4260 surripuisse
1265 4177 1401 4240 diecret.
1450 4199 1514 4242 nnn

316 4284 473 4365 surripuit
503 4302 617 4345 versus
646 4302 753 4364 neque
777 4284 871 4346 Ennii
901 4302 1008 4365 neque
1032 4283 1162 4362 Catulli,
1195 4281 1252 4344 sed
1275 4283 1514 4362 praeclarorum

318 4388 493 4450 carminum
517 4387 699 4449 memoriam
723 4389 988 4470 repraesentavit.

404 4491 443 4552 Et
466 4499 514 4552 est
537 4509 613 4552 sane
637 4509 765 4554 carmen
789 4489 867 4554 illud
891 4490 1005 4572 Catulli
1032 4490 1229 4572 praeclarum
1252 4499 1348 4570 atque
1371 4487 1516 4552 adrnira-
