3268 5108
443 409 533 471 lunas
556 425 723 472 trcrrovvu
745 427 925 474 lmrrvonvu
943 411 1037 473 taut.
1288 397 1336 469 27

143 615 177 658 se
199 615 238 658 ac
259 596 420 660 lmotuoso
448 597 554 660 studio
582 599 781 679 potissimum
807 599 848 662 ed
871 599 1104 682 cognoscendas
1133 599 1286 664 obscuras
1307 611 1342 664 et

144 702 234 780 quasi
257 701 439 764 minutatim
462 703 603 765 concisas
632 703 874 783 antiquissimae
903 704 1030 784 linguae
1060 705 1212 786 reliquias
1234 703 1340 786 adpli-

142 813 254 884 casset,
280 803 398 868 lactum
414 815 464 868 est
486 815 522 868 ut
542 805 583 868 ad
598 815 740 887 tempore
757 815 789 869 et
803 806 1042 870 vicissitudines
1056 808 1213 872 sermonis
1235 808 1339 890 leges·

143 927 204 989 que
227 909 372 972 cultioris
400 909 551 972 orationis
580 909 721 972 animum
752 911 858 974 minus
880 910 1063 974 adverteret
1092 921 1125 974 et
1151 931 1215 974 nou
1245 931 1340 974 num-

142 1031 237 1092 quam
261 1013 315 1075 vel
338 1012 413 1074 talia
435 1012 730 1075 comminisceretur
752 1015 857 1094 qualia
883 1015 969 1078 nullo
993 1016 1171 1078 Latinitatis
1198 1024 1340 1096 tempore

143 1115 227 1178 dicta
262 1133 333 1178 esse
365 1114 531 1196 probabile
566 1124 624 1178 est.
676 1116 799 1180 accedit
829 1118 914 1200 quod
944 1119 977 1180 iu
1006 1117 1109 1182 Aetna
1140 1118 1339 1182 emendanda

142 1228 274 1301 praeter
301 1219 496 1299 exemplaria
526 1239 588 1282 nou
619 1220 705 1282 nulla
738 1220 781 1282 ab
809 1223 894 1284 ltalia
921 1223 1045 1286 saeculo
1077 1224 1188 1304 quinto
1216 1222 1339 1285 decimo

144 1322 241 1402 edita,
276 1341 357 1404 quos
386 1321 485 1384 libros
514 1322 589 1384 olim
619 1323 791 1404 impressos
821 1324 929 1388 dicere
959 1325 1026 1390 iere
1056 1326 1147 1406 solet,
1180 1329 1340 1407 excerptis

142 1436 268 1490 tautum
284 1425 489 1507 quibusdam,
514 1437 550 1488 ut
564 1426 619 1505 ait,
645 1433 810 1508 poetarum
833 1449 910 1492 usus
925 1439 984 1492 εει.
1023 1447 1158 1510 quorum
1174 1441 1341 1511 excerpto-

144 1551 232 1610 rum,
270 1528 445 1592 eorundem
480 1529 605 1591 illorum
637 1549 772 1611 quorum
801 1532 835 1594 in
864 1531 982 1614 Tibulli
1016 1532 1211 1595 carminibus
1245 1541 1278 1596 et
1307 1535 1339 1596 in

144 1635 338 1717 panegyrico
355 1633 476 1695 Pisonis
492 1634 685 1697 mentionem
706 1632 791 1716 lecit,
817 1636 981 1718 exemplar
1002 1647 1057 1700 aut
1079 1636 1165 1700 idom
1187 1647 1242 1699 aut
1263 1657 1341 1718 per-

143 1739 249 1802 simile
281 1739 313 1800 in
344 1735 452 1800 codice
480 1735 617 1818 quodam
646 1739 787 1800 Parisino
820 1749 981 1802 servatum
1011 1749 1076 1819 est,
1113 1739 1154 1803 dc
1184 1759 1247 1822 quo
1279 1741 1341 1803 alio

142 1853 289 1924 tempore
306 1839 462 1904 dicemus.
501 1851 572 1922 post
587 1842 784 1922 Scaligerum
806 1844 890 1924 parti
910 1845 1059 1906 carminis
1083 1845 1208 1926 insigne
1231 1863 1341 1908 emen-

143 1946 283 2009 dationis
306 1944 555 2006 emolumcntum
578 1945 708 2008 invento
731 1946 839 2009 codice
857 1947 1037 2010 Florentino
1060 1949 1128 2010 sive
1151 1949 1256 2029 potius
1279 1951 1341 2011 Lu-

144 2051 233 2112 censi
257 2049 402 2126 accessit,
427 2049 461 2109 in
484 2067 546 2128 quo
567 2048 676 2110 codice
691 2067 803 2113 versus
819 2059 946 2113 centum
969 2060 1002 2112 et
1024 2053 1255 2132 quinquaginta
1278 2051 1341 2114 duo

145 2153 223 2218 inde
245 2172 265 2216 a
285 2153 458 2214 centesimo
480 2153 640 2214 tricesimo
662 2153 797 2234 septimo
819 2155 929 2234 scripti
953 2163 1045 2216 sunt:
1076 2155 1193 2236 integri
1217 2155 1343 2218 codices

146 2259 274 2320 excussi
302 2265 379 2318 sunt
407 2253 487 2335 duo,
520 2254 782 2319 llelmstadiensis
811 2267 843 2320 et
871 2257 1114 2338 liehdigeranus
1148 2257 1231 2341 (nam
1261 2259 1343 2322 alter

145 2359 390 2441 liohdigeranus
419 2377 483 2440 qno
512 2357 642 2422 iambus
664 2379 742 2422 usus
772 2371 821 2423 est
850 2360 1029 2443 descriptus
1052 2371 1100 2424 εει
1129 2381 1172 2423 ex
1198 2364 1341 2443 inpresso

144 2466 253 2546 aliquo
275 2463 481 2546 exemplari);
508 2460 566 2525 scd
588 2473 726 2543 uterque
748 2462 886 2527 liberet
908 2483 1021 2528 recens
1042 2473 1101 2543 est,
1127 2466 1248 2547 quippo
1271 2485 1342 2529 sae-

146 2569 217 2631 culo
247 2569 360 2648 quinto
389 2565 512 2628 decimo
541 2567 696 2648 scriptus,
729 2577 762 2629 et
782 2567 875 2630 valde
902 2568 1052 2630 vitiosus:
1085 2587 1277 2650 quamquam
1307 2570 1341 2632 in

147 2673 256 2735 multis
288 2690 306 2732 a
336 2655 472 2733 ¹veritate
505 2671 611 2732 miuus
644 2669 763 2732 distent
795 2689 890 2752 quam
926 2673 1070 2754 inpressa
1107 2673 1160 2734 illa
1193 2673 1340 2735 italorum

146 2775 355 2856 exemplaria.
403 2775 437 2835 in
459 2783 546 2836 tanta
577 2773 674 2853 igitur
701 2773 957 2838 adiumentorum
987 2775 1171 2838 infirmitate
1194 2793 1256 2838 nen
1280 2779 1342 2838 mi-

148 2877 285 2940 randum
314 2886 362 2939 cst
390 2876 476 2958 quod
504 2894 567 2937 nou
597 2877 683 2940 nulla
712 2877 844 2958 quidem
865 2877 1112 2958 Wemsdoffim,
1144 2897 1244 2960 pauca
1273 2881 1337 2959 elii,

146 2977 239 3063 plura
270 2981 386 3044 ceteris
415 2967 570 3061 egregius¹
599 2981 650 3041 vir
669 2981 851 3045 Fridericus
876 2981 1006 3046 lacobus
1035 2983 1119 3046 bene
1149 2981 1366 3048 emendam-s

148 3095 235 3166 runt,
269 3084 328 3147 sed
351 3103 464 3164 magna
486 3083 528 3146 ad
550 3083 679 3148 modum
701 3103 777 3167 pars
799 3085 987 3150 mendorum
1016 3095 1115 3149 restat
1139 3103 1246 3167 neque
1268 3089 1343 3150 uui-

146 3209 241 3252 versa
264 3189 444 3251 vitiositatis
466 3188 545 3250 ratio
574 3197 607 3250 ct
629 3187 726 3250 fallax
747 3189 895 3252 Italorum
917 3192 1191 3270 grammaticorum
1216 3209 1268 3252 ars
1291 3209 1343 3252 sa-

148 3295 189 3355 tis
210 3303 380 3374 perspecta
404 3302 468 3354 est:
501 3309 693 3372 quamquam
722 3301 869 3374 poteraut
891 3294 1034 3356 homines
1063 3293 1146 3356 docti
1169 3294 1342 3356 Florentini

149 3396 223 3458 libri
246 3394 470 3476 conparatione
494 3413 636 3458 normam
659 3395 818 3478 quandam
841 3395 1003 3476 iudicandi
1031 3407 1129 3478 etque
1149 3395 1342 3460 emendandi

149 3501 302 3578 nancisci,
333 3497 537 3579 debebatque
567 3518 621 3560 eos
650 3499 703 3562 illa
725 3501 875 3563 carminis
898 3519 973 3582 pars
1000 3519 1082 3582 quae
1105 3499 1224 3563 codicis
1248 3500 1344 3564 huius

148 3624 207 3685 ope
229 3604 393 3683 aliquanto
421 3603 522 3682 magis
551 3608 655 3683 quam'
676 3601 808 3666 ceterae
827 3612 936 3685 partes
965 3602 1132 3666 emendata
1159 3614 1208 3666 cst
1233 3602 1344 3666 edmo-

149 3725 227 3768 nere
252 3726 292 3768 ne
316 3707 413 3769 nimis
435 3705 594 3768 mirabilia
622 3717 733 3787 poetae
763 3707 868 3787 potius
898 3726 992 3789 quam
1021 3705 1163 3769 librariis
1186 3707 1343 3771 attribue-

150 3821 232 3872 rent.
287 3809 380 3871 nobis
412 3808 610 3872 felicioribus
643 3829 713 3872 esse
747 3811 837 3873 licuit
869 3809 1024 3874 beneficio
1052 3811 1176 3892 losephi
1207 3811 1340 3892 Poweri,

150 3913 383 3976 bibliothecarii
414 3911 702 3994 Cantabrigiensis,
733 3933 836 3994 equo
859 3915 928 3976 viro
958 3913 1138 3976 doctissimo
1165 3924 1343 3978 securatam

150 4017 266 4079 codicis
289 4014 561 4098 Cantabrigiensis
583 4018 719 4096 saeculo,
752 4027 787 4080 ut
809 4017 949 4096 videtur,
980 4016 1103 4080 decimo
1126 4018 1236 4099 scripti
1260 4020 1343 4080 noti-

150 4123 225 4184 tiam
247 4121 439 4202 accepimus.
485 4121 605 4184 mentio
627 4120 723 4184 buius
745 4119 820 4182 libri
843 4122 924 4184 laeta
947 4133 1017 4184 erat
1038 4139 1122 4184 anno
1145 4141 1342 4184 nncocxmnr

152 4228 184 4288 in
208 4227 303 4287 llusei
332 4224 514 4306 philologici
543 4244 560 4286 a
583 4225 750 4287 Welokero
779 4235 811 4287 ct
840 4225 1012 4287 llitscbelio
1042 4224 1120 4287 editi
1148 4226 1308 4288 volumine
1332 4245 1342 4287 r
1375 4273 1378 4282 .

152 4349 183 4409 p.
204 4329 275 4408 tae,
308 4338 341 4392 ει
370 4329 412 4390 ita
442 4327 574 4408 quidem
602 4329 683 4391 lacta
710 4337 778 4390 erat
804 4329 896 4410 quasi
924 4329 1019 4409 plane
1049 4329 1228 4409 incognitus
1250 4338 1343 4390 antea

154 4429 273 4495 luisset.
320 4451 472 4495 nuscum
502 4432 653 4513 suspicati
677 4449 820 4495 essemus
842 4432 980 4494 eundem
1004 4451 1074 4495 esse
1104 4431 1223 4495 librum
1246 4450 1342 4512 quem

153 4535 287 4598 Ellensis
302 4537 431 4598 nomine
447 4537 578 4602 loannes
593 4536 740 4599 Davisius
755 4534 891 4614 quodam
908 4539 1204 4600 commentariorum
1216 4535 1343 4598 Cicero·
