3204 5104
340 373 414 444 382
637 387 726 448 lenm
748 403 914 446 nncrrom
935 400 1113 443 smmum
1137 380 1230 440 1868.

339 577 501 638 invenisse
515 574 645 636 videtur
661 574 811 636 Gelenius
833 570 974 653 indeque
997 569 1110 632 iecisse
1133 567 1219 649 quod
1241 565 1441 630 dediticius.
1480 567 1507 627 in

338 680 479 742 molestus
508 679 561 740 illo
588 679 664 740 latet
692 678 825 739 fortasse
854 675 1025 755 molestius,
1059 671 1116 735 sed
1145 681 1181 734 ut
1209 671 1290 733 nriril
1321 671 1380 732 boc
1400 670 1439 732 sit
1457 670 1508 730 nisi

338 783 454 845 stultus
476 781 605 862 quidam
627 778 846 864 emendandae
861 779 949 842 vocis
970 795 1053 858 quae
1075 776 1220 856 intellegi
1241 793 1306 836 non
1328 783 1448 854 poterat
1465 792 1508 832 eo-

339 897 443 948 natus.
482 887 543 948 itus
565 893 671 947 autem
694 903 757 946 non
780 885 813 944 in
836 883 918 946 iuius
933 878 1121 944 mutandum
1135 888 1199 958 est,
1224 876 1281 940 sed
1296 877 1417 959 primae
1431 874 1508 936 verbi
1575 877 1582 898 '

338 991 461 1052 litterae
488 988 531 1050 ab
559 990 668 1053 ultima
696 985 916 1050 antecedentis
938 983 1083 1046 vocabuli
1106 983 1291 1063 absumptae
1313 991 1399 1042 sumt.
1442 981 1510 1040 sari-

338 1092 478 1156 bendum
502 1102 550 1156 est
571 1093 658 1153 enim
679 1091 802 1153 humum
825 1108 923 1151 rurrvs
945 1089 1136 1150 suscitantes.

424 1195 542 1258 Eodem
573 1194 655 1257 libro
676 1213 736 1257 xvu
761 1195 795 1255 lt
825 1191 1069 1270 iAmmianus,
1099 1191 1127 1251 si
1157 1191 1302 1270 inpressa
1332 1186 1509 1269 exemplaria

338 1301 521 1380 sequimur,
547 1300 728 1379 Pompeium
751 1296 830 1360 dicit
850 1315 918 1358 eum
932 1297 1036 1358 mmm
1055 1313 1112 1376 quo
1128 1312 1181 1356 nec
1199 1293 1313 1374 fortior
1333 1309 1388 1354 mec
1408 1291 1511 1352 mutor

338 1407 497 1486 piusquam
516 1404 640 1484 patriae
659 1400 737 1483 fut't,
761 1408 796 1464 ut
817 1399 994 1462 dommaua
1012 1398 1180 1480 praecium
1201 1403 1363 1459 testantur.
1409 1395 1510 1455 miram

338 1516 386 1569 ost
414 1505 492 1570 illud
520 1507 638 1568 cautior
663 1506 797 1586 patriae.
847 1502 904 1566 sed
933 1522 1006 1565 cum
1034 1502 1221 1564 insolentius
1249 1519 1346 1580 saepe
1378 1498 1510 1578 loquatur
1583 1569 1584 1584 χ

337 1607 523 1672 Ammianus
546 1618 578 1671 et
594 1628 656 1670 non
671 1627 843 1690 numquam
864 1607 969 1669 minus
983 1616 1074 1688 apte,
1099 1604 1381 1685 adquiesceremus
1396 1601 1510 1663 lortasse
1583 1611 1584 1660 ξ

339 1714 371 1774 ἰῐι
394 1712 494 1775 verbo
516 1711 602 1774 haud
624 1713 700 1774 satis
722 1709 882 1774 commodo
909 1727 1015 1791 neque
1036 1707 1195 1791 probabili
1217 1708 1278 1769 nisi
1303 1725 1361 1768 nos
1382 1706 1440 1767 alio
1459 1702 1510 1766 du·
1583 1715 1584 1772 i

338 1825 425 1880 ceret
447 1814 530 1878 liber
544 1816 723 1879 Vaticanus.
771 1817 798 1876 is
820 1815 906 1876 enim
928 1832 992 1876 non
1014 1813 1132 1876 cautem·
1146 1810 1259 1891 habet,
1284 1809 1342 1873 sed
1358 1810 1507 1872 aammmr.
1583 1811 1584 1876 .

338 1918 423 1981 nulla
448 1920 546 2000 igitur
566 1928 670 2000 potest
691 1937 761 1982 esse
784 1917 939 1980 dubitatio
968 1918 1048 1998 quin
1078 1914 1280 1978 reddendum
1309 1915 1351 1976 sit
1379 1909 1508 1992 scriptori
1583 1903 1584 1948 t

338 2021 423 2103 quod
445 2023 586 2084 omniura
608 2021 807 2103 aptissimum
830 2030 895 2098 est,
921 2038 1054 2102 pomaeo
1073 2019 1184 2100 sortior
1204 2037 1260 2081 mec
1274 2035 1424 2081 susurros
1438 2017 1509 2098 quu-

339 2143 429 2206 quam
447 2127 570 2207 patriae
589 2126 661 2208 suit.
1583 2133 1584 2190 l

424 2230 490 2291 Non
518 2229 689 2291 haeserunt
717 2227 861 2290 homines
890 2226 971 2289 docti
995 2229 1028 2290 in
1051 2229 1099 2290 eis
1121 2247 1203 2309 quae
1226 2226 1338 2292 eodem
1363 2225 1440 2289 libro
1457 2243 1506 2287 rut

340 2332 377 2392 43
402 2331 442 2394 il
467 2340 650 2393 narrantur.
702 2330 756 2394 boc
784 2349 891 2393 rerum
917 2349 1065 2413 prospero
1092 2340 1234 2393 currente
1262 2349 1404 2395 maressa
1431 2330 1508 2392 tulela

338 2435 461 2515 Illyrico
480 2441 638 2516 competens
651 2435 772 2517 pentina
787 2441 831 2496 est
846 2435 963 2496 ratione
973 2436 1118 2516 firmata:
1142 2437 1229 2498 airus
1250 2437 1362 2518 nepotii
1379 2435 1507 2516 duplicem

337 2537 574 2620 mapititudiuem
597 2539 763 2618 imperator
792 2536 958 2620 adaressm
979 2545 1139 2620 utramque
1158 2537 1295 2620 perfecit.
1318 2539 1446 2614 ,ecculm
1461 2557 1507 2618 pa

334 2641 440 2721 pulos,
466 2641 533 2703 licet
554 2639 715 2702 mobilitate
735 2647 906 2722 suspectos,
931 2648 1052 2704 acturos
1075 2649 1174 2704 tamem
1193 2643 1288 2723 paulo
1311 2641 1504 2714 verecuudim,

337 2743 458 2806 laudem
480 2744 618 2806 reductos
640 2747 673 2805 in
695 2744 787 2805 avitis
809 2741 929 2805 sedibus
952 2745 1133 2822 conlocavit,
1159 2743 1324 2827 iisdemque
1346 2745 1387 2808 ad
1405 2745 1506 2829 pratia

337 2847 490 2909 cumulum
512 2865 572 2907 mon
595 2845 752 2929 ipmobr'tem
773 2847 942 2928 quempiam
965 2866 1081 2932 repeto,
1106 2847 1160 2910 sed
1175 2865 1261 2929 quem
1277 2850 1340 2930 ipsi
1359 2857 1444 2911 antea
1461 2845 1508 2909 sibi

333 2947 510 3031 praeserere
531 2949 664 3032 reputem
685 2949 834 3030 imposuit,
867 2949 951 3011 bouis
974 2951 1071 3012 animi
1091 2953 1286 3034 corporisque
1306 2959 1503 3034 praestantem·

337 3049 567 3132 conprehendit
587 3050 773 3114 Ammianus
795 3070 877 3132 quae
899 3061 993 3114 antea
1009 3051 1109 3116 fusius
1127 3065 1326 3118 narraverat.
1373 3054 1504 3117 sedeunt

337 3153 497 3235 duplicem
519 3155 638 3236 negotii
668 3154 919 3234 magnitudinem
941 3165 1154 3218 conmemorat
1177 3167 1208 3219 et
1231 3167 1399 3239 utramque
1419 3157 1504 3236 impe

336 3267 473 3319 retorem
494 3259 666 3338 perfecisse
689 3256 789 3337 dicat,
814 3259 914 3320 nihilo
930 3261 1036 3322 minus
1050 3277 1146 3322 unam
1169 3269 1292 3322 tantum
1310 3261 1423 3343 negotii
1443 3275 1503 3340 par-

336 3370 417 3440 tem,
449 3379 544 3441 quam
567 3361 669 3442 capite
692 3359 878 3424 duodecimo
901 3371 1122 3442 enarraverat,
1153 3364 1328 3445 conplecti,
1360 3383 1396 3426 ea
1416 3371 1502 3425 autem

335 3464 481 3526 omittere
503 3462 632 3526 videtur
660 3482 742 3544 quae
770 3463 888 3528 deinde
912 3464 953 3528 de
975 3465 1204 3546 Limigantibus
1225 3467 1379 3530 Sarmatis
1399 3486 1416 3528 a
1435 3465 1502 3526 Gon-

336 3567 452 3628 stantio
474 3585 512 3628 ex
535 3565 667 3630 sedibus
689 3567 756 3629 suis
779 3569 908 3631 remotis
930 3579 1131 3650 exposuerat.
1172 3569 1337 3634 enimvero
1359 3571 1439 3634 nulla
1459 3553 1501 3628 est'

298 3666 496 3745 42Ammiani
519 3669 628 3750 culpa,
655 3668 713 3732 sed
735 3687 847 3750 magna
862 3672 978 3734 Valesii
1000 3671 1198 3754 aliorumque
1213 3673 1422 3755 neglegentia.
1461 3669 1502 3732 ni-

339 3771 455 3834 mirum
485 3774 570 3834 inter
594 3770 724 3854 pafeeit
743 3783 775 3835 et
797 3773 904 3837 esculos
927 3775 959 3836 in
982 3775 1220 3856 exemplaribus
1242 3773 1384 3839 Accursii
1406 3785 1433 3838 et
1453 3771 1502 3834 Ge

337 3874 413 3935 lenii
435 3883 531 3955 atque
554 3875 586 3935 in
611 3874 678 3955 ipso
702 3876 796 3938 etiam
811 3878 959 3939 Vaticano
982 3879 1134 3959 scriptum
1157 3879 1275 3960 legitur
1297 3879 1405 3962 infidis.
1446 3893 1501 3938 ser-

337 3975 476 4039 vandum
505 3978 564 4040 boc
592 3985 660 4039 erat
682 3977 833 4060 verbum,
867 3989 937 4062 post
965 3979 1050 4061 quod
1076 3991 1199 4044 certum
1228 3991 1277 4044 est
1307 3981 1454 4045 excidisse
1472 3995 1499 4040 ee

337 4077 456 4159 quibus
484 4077 669 4143 Ammianus
698 4083 919 4164 limigentium
951 4085 1165 4147 Sarmatarum
1199 4085 1416 4167 expulsionem
1440 4099 1500 4145 eon·

336 4180 568 4261 prehenderat:
617 4201 696 4263 quos
735 4202 792 4248 cur
836 4184 950 4248 infidos
986 4185 1071 4249 dicat
1106 4186 1237 4250 uberior
1274 4189 1346 4252 eius
1383 4185 1499 4252 namatio

337 4285 505 4364 perspicue
522 4283 623 4346 docet.
657 4285 774 4348 deiude
790 4295 942 4370 suspectos
958 4287 1108 4352 Gelenius
1123 4291 1261 4372 scripsit,
1280 4291 1367 4374 quod
1382 4289 1500 4354 Linden-

337 4383 466 4465 brogius
488 4405 528 4448 ex
551 4385 658 4449 codice
680 4387 785 4452 adfert
807 4409 905 4472 supra
927 4409 978 4453 res
1004 4392 1122 4473 legitur
1148 4393 1179 4454 in
1204 4395 1386 4477 exemplari·
1401 4393 1502 4457 Accur-

337 4487 424 4549 siaao
446 4498 478 4551 et
500 4490 533 4550 in
555 4489 637 4552 libro
657 4492 817 4555 Vaticano.
863 4493 1070 4558 scribendum
1093 4504 1141 4558 est
1168 4497 1268 4578 igitur
1292 4531 1337 4544 —
1363 4505 1500 4574 utrumme
