3240 5094
415 411 503 474 loon
526 429 691 474 acerram
714 429 892 472 seorsum
918 409 1011 472 4874.
1233 393 1303 467 491

208 598 360 664 Eiusdem
382 601 495 682 capitis
509 601 708 681 paragrapho
725 600 763 660 lb
779 597 986 664 scribendum
1001 608 1050 662 ast
1065 601 1193 662 mensas
1209 601 1310 681 itaque

120 701 218 784 lcnpis
249 703 420 766 intervallis
448 709 478 765 et
500 704 605 784 planis
627 707 701 765 'mem
723 702 974 784 Hadrianopolim
1002 703 1171 781 introisset,
1203 701 1309 766 urbem

120 807 404 868 Haemimontanom
425 806 623 870 Vsoctdomam
644 805 772 868 antebac
790 807 985 888 appellatam,
1010 825 1111 868 russis
1126 805 1228 868 labore
1243 805 1309 867 die-

118 908 176 970 bus
204 907 360 972 duodecim
383 927 527 972 recreans
549 912 632 972 vires
654 909 789 992 conperit
813 897 969 972 Tbebaeas'
993 910 1122 992 leprbnes
1144 910 1177 971 in
1199 909 1331 972 uiciniss

118 1011 240 1094 oppida
261 1011 426 1076 blaterantes
448 1020 599 1076 consortes
622 1029 693 1076 suos
714 1014 832 1076 manse
849 1013 994 1095 quosdam
1009 1031 1077 1074 eum
1091 1019 1126 1080 ul
1138 1019 1309 1104 renconeret

115 1115 279 1197 prontissis
298 1115 369 1196 fidis
390 1115 565 1179 hortaturos
586 1123 615 1178 et
632 1117 742 1196 firmis,
767 1117 819 1180 sui
834 1117 948 1198 fiducia
962 1114 1081 1178 manle
1092 1133 1151 1197 per
1164 1117 1308 1178 scaliones

119 1219 212 1282 acori
239 1219 388 1299 confinem
418 1219 471 1281 secl
492 1218 670 1282 observante
692 1239 770 1282 cura
792 1219 937 1303 percipili
954 1220 1171 1301 promimoram
1192 1220 1310 1281 nullom

119 1321 246 1384 crdmdi
265 1321 314 1384 vel
335 1321 483 1385 ordiendi
495 1341 573 1404 puae
585 1321 726 1405 serebant
736 1321 846 1404 furari
855 1323 955 1404 potuit
964 1322 1154 1404 facultatem.
1194 1323 1310 1404 legitur

115 1425 286 1507 sessospte,
311 1425 451 1488 oratioue
473 1445 536 1488 noa
560 1435 646 1489 racto
668 1425 875 1507 procedente.

207 1527 300 1590 Libro
321 1548 359 1592 xv
381 1530 435 1591 34
459 1528 648 1592 mandarum
670 1539 793 1611 partem
816 1529 999 1608 Salmasius,
1023 1537 1146 1609 partem
1168 1528 1311 1591 Valesius

119 1631 267 1710 sustulit,
299 1631 356 1694 sad
387 1652 449 1694 uno
480 1631 579 1696 verbo
608 1633 702 1695 aliter
731 1641 871 1694 correcta
895 1633 937 1694 ita
959 1629 1165 1694 scribendum
1188 1641 1253 1711 ast,
1283 1637 1312 1694 el

121 1734 217 1798 roua
245 1733 381 1817 quidem,
412 1742 448 1798 ut
469 1736 599 1798 relatum
621 1743 666 1798 est
687 1753 801 1818 supra,
835 1735 965 1798 Catenae
987 1734 1115 1797 inditum
1137 1742 1182 1798 est
1203 1753 1311 1818 capno-

120 1845 253 1900 menlum
275 1855 308 1900 ec
330 1838 409 1920 puod
438 1839 470 1900 in
492 1838 699 1920 conplicandis
721 1840 948 1902 calumniarum
968 1837 1101 1900 nemrbus
1123 1845 1192 1900 erot
1213 1837 1311 1901 indis-

118 1939 268 2020 solubilis,
295 1958 366 2004 arm
389 1943 579 2004 incentorum
601 1959 666 2005 sese
679 1944 828 2005 uarietate
842 1941 1035 2022 disperdens,
1061 1948 1095 2002 ul
1110 1942 1143 2003 in
1157 1941 1311 2004 conlucta-

120 2041 251 2107 tionibus
280 2043 394 2106 callere
421 2045 513 2107 nimis
540 2045 665 2128 puidam
693 2045 789 2108 solent
815 2045 946 2125 artifices
972 2045 1183 2126 palaestritae.
1229 2043 1312 2107 liber

119 2145 287 2210 Fuldoaais
316 2147 402 2210 intro
431 2147 538 2211 habal.
585 2147 620 2212 id
641 2149 669 2210 si
693 2149 725 2210 in
748 2149 830 2210 miro
852 2147 1041 2226 mutaveris,
1073 2148 1154 2210 nihil
1176 2147 1312 2228 amplius

119 2249 161 2314 ad
184 2247 440 2312 emendationem
464 2253 650 2332 requiritur.

207 2351 327 2416 Εοᾰοιι]
356 2352 439 2416 libro
468 2373 537 2435 cap.
563 2354 618 2417 bl
649 2355 727 2417 haec
756 2354 922 2434 leguntur,
946 2389 991 2400 -
1011 2363 1040 2418 et
1064 2355 1204 2437 poticella
1233 2354 1313 2416 serie

122 2458 296 2522 bamurum
311 2455 462 2534 abstersa,
484 2459 551 2520 solo
566 2459 709 2522 neotum
721 2457 829 2520 relicta
843 2456 1073 2540 subscriptione,
1092 2458 1171 2521 alter
1185 2457 1313 2520 multum

117 2582 139 2624 a
160 2578 233 2624 vero
256 2560 308 2624 illa
330 2557 493 2624 dissonans
516 2561 755 2644 superscribitur
778 2566 898 2638 leatus,
932 2561 1015 2625 uelut
1036 2561 1164 2625 Silvano
1186 2567 1313 2644 ropante

119 2662 221 2726 verbis
250 2661 377 2744 obliquis
405 2663 600 2747 hortanteque
622 2665 734 2728 amicas
756 2671 877 2746 apenles
900 2665 985 2727 intro
1003 2665 1155 2747 palatium
1176 2665 1224 2727 vel
1242 2665 1313 2745 pri-

118 2773 217 2843 uatos,
242 2767 322 2828 inter
343 2783 417 2848 quos
435 2774 464 2830 el
482 2769 595 2832 Tuscus
610 2775 678 2830 erat
693 2763 822 2830 Albinus
836 2767 948 2849 aliique
960 2768 1080 2848 plures,
1105 2775 1140 2831 ut
1153 2785 1187 2830 sa
1201 2767 1313 2830 altiora

117 2876 303 2952 coeptantem
324 2875 353 2932 el
370 2870 546 2951 propediem
561 2871 620 2934 loci
633 2871 818 2952 principalis
833 2870 1001 2933 adiacmcm.
1041 2871 1165 2934 uallum
1181 2873 1214 2933 ia
1231 2869 1313 2932 libro

118 2971 270 3036 Fuldcusi
301 2972 438 3054 spatium
462 2973 608 3036 relictum
632 2993 701 3036 ossa
724 2974 892 3037 Horkelius
914 2972 1095 3053 adnotavit,
1130 2973 1187 3036 sad
1210 2975 1313 3036 maai·

118 3076 237 3138 leolum
259 3069 309 3138 cat
329 3074 453 3156 aliquid
474 3076 643 3139 excidisse.
691 3075 789 3138 verba
811 3079 879 3158 ipsa
895 3097 959 3140 oon
974 3085 1107 3158 possunt
1122 3077 1309 3158 reciperari,

117 3179 310 3244 sentcntiam
344 3179 539 3259 requirimus
573 3177 772 3258 huiusmodi,
807 3187 842 3243 ul
869 3199 903 3246 se
931 3181 1043 3244 altiora
1072 3186 1256 3262 coeptantem
1284 3187 1312 3242 et

115 3281 293 3366 propediem
334 3281 392 3344 loci
423 3283 607 3365 principalis
647 3276 808 3370 <marmor
836 3279 968 3371 aranas>
1009 3284 1177 3347 addonem.
1230 3282 1312 3346 dixit

115 3385 290 3470 principale
320 3385 439 3448 culmen
460 3384 646 3450 Ammianus
669 3403 716 3447 mr
742 3386 753 3446 4
778 3386 807 3464 4,
838 3386 933 3449 locum
959 3387 1162 3470 principalem
1183 3405 1231 3448 ru
1255 3387 1304 3447 bl

119 3507 198 3552 xxva
223 3489 289 3548 bb.
337 3506 419 3568 quoe
448 3498 601 3552 secuntur
624 3490 667 3550 ita
691 3487 759 3550 lero
780 3488 950 3552 scribenda
972 3500 1063 3568 suat,
1096 3490 1175 3553 bunc
1194 3491 1311 3572 fascem

118 3593 162 3656 ad
183 3589 348 3654 arbitrium
355 3592 491 3675 fipmenti
504 3610 702 3670 corrosum,
727 3593 821 3654 uitam
838 3593 1037 3674 pulsaturum
1052 3594 1191 3669 insontis,
1216 3593 1312 3654 altr-

120 3713 215 3759 ruaro
237 3713 399 3758 avscmrru
417 3693 593 3777 praefectus
616 3697 794 3778 imperatori
815 3696 905 3758 acido
921 3699 1059 3760 scrutari
1070 3696 1143 3760 baec
1158 3705 1186 3760 el
1199 3697 1314 3760 similia

118 3817 270 3862 caracara
293 3817 416 3862 eaomrr
438 3792 596 3885 (carropr
619 3817 708 3861 soors
731 3799 904 3881 impressus,
938 3801 1075 3862 intimum
1097 3819 1154 3862 aaa
1178 3819 1231 3864 rra
1253 3819 1311 3863 aaa

119 3923 152 3968 aa
180 3921 254 3967 roae
283 3902 390 3966 deinde
418 3919 548 3988 sperans
577 3910 611 3965 ut
640 3893 819 3985 percibum
847 3903 956 3966 salutis
986 3905 1051 3966 eius
1080 3903 1232 3967 custodem
1262 3897 1313 3989 (ar

119 3999 273 4093 eramen).
321 4003 403 4068 liber
418 4005 585 4070 Fuldeasis
608 4006 686 4068 haas
700 4004 844 4088 praebat,
869 4005 950 4068 bunc
961 4004 1078 4087 fascem
1092 4007 1134 4069 od
1149 4005 1313 4068 arbitrium

115 4111 252 4194 fipmerrli
278 4128 312 4172 ca
336 4155 515 4172 ......
548 4110 587 4172 sit
616 4111 710 4170 ailam
745 4108 944 4189 pulsaturum
981 4111 1113 4172 insontes
1143 4109 1313 4190 adpnamus

118 4221 237 4297 ceptum
255 4210 430 4295 praelectus
454 4213 633 4294 imperatori
652 4211 745 4274 auida
767 4214 905 4275 scrutari
925 4211 998 4274 naec
1021 4221 1048 4275 et
1070 4213 1184 4276 similia
1205 4231 1314 4276 censue

118 4309 259 4395 lerlerele
277 4361 428 4378 ......
455 4315 487 4376 id
501 4317 562 4379 sole
578 4317 735 4399 impressus
751 4316 888 4378 intimum
903 4333 1042 4397 caperem
1058 4324 1189 4397 tempore
1204 4315 1312 4378 come

119 4439 250 4504 sperans
271 4427 306 4482 ul
324 4419 505 4501 peruipilem
527 4421 636 4482 solutes
659 4419 724 4480 eius
739 4417 891 4482 aristotton
916 4465 1126 4482 ........
1153 4419 1186 4480 in
1202 4437 1313 4480 ameu-

120 4525 248 4588 datiouc
277 4531 384 4586 nostra
414 4540 475 4583 aaa
506 4523 592 4586 nulla
616 4524 737 4584 incerta
760 4531 852 4601 suut,
882 4531 968 4585 certa
991 4531 1097 4587 autam
1120 4529 1258 4588 masnata
1281 4531 1314 4592 cl
