3240 5094
331 368 412 460 466,
625 385 714 444 Ικπεκ
735 402 900 444 ικετιοκιιι
925 401 1109 446 sinensium
1135 382 1228 446 tata.

329 572 467 653 conspici
497 572 581 651 vult,
613 573 766 634 nimirum
795 591 837 634 nc
868 571 947 653 quid
975 570 1059 634 desit
1089 591 1199 635 eorum
1227 591 1310 653 quee
1333 571 1397 633 fieri
1417 571 1498 630 solent

330 675 388 738 ubi
410 673 580 756 splendida
602 694 717 758 pompa
741 674 871 740 ducitur
893 675 987 738 etad
1011 695 1081 738 cem
1104 675 1310 758 spectandam
1335 693 1436 754 magno
1456 675 1500 734 ho

329 779 451 840 minum
476 778 644 840 multitudo
667 777 806 842 confluit.
853 779 1069 851 Quintilianus
1091 797 1144 840 tm
1168 778 1186 838 tt
1211 779 1250 841 ii
1275 779 1342 839 alic
1363 796 1455 849 veno,
1475 785 1501 838 ut

330 882 488 944 suadentis
514 885 699 964 purpuratis
721 891 755 944 ut
776 879 992 945 Aleoeandrum
1014 881 1179 963 Babylonis
1201 881 1340 943 incendio
1365 881 1500 961 sepelient,

332 981 561 1048 ιΑἰεεααιιιίικεαι
583 985 711 1067 sepelio:
741 985 796 1047 loc
818 987 977 1068 quisquam
1000 984 1144 1066 spectabit
1165 1004 1186 1046 α
1207 985 1318 1046 tectol’
1342 986 1428 1065 qzmsi
1446 1001 1504 1044 cero

330 1089 362 1150 id
384 1091 425 1150 sit
447 1091 478 1150 ic
501 1107 536 1150 rc
558 1096 618 1151 totu
641 1089 898 1171 inctr‘potssimum.
947 1088 1156 1150 Callimachus
1178 1088 1297 1170 hymno
1320 1089 1352 1147 in
1376 1087 1504 1148 Cererem

329 1185 380 1254 τὸν
401 1185 537 1256 κάλαθον
559 1185 701 1254 κατιόντα
729 1188 836 1277 (χαμαὶ
855 1185 993 1256 θάαααβε
1015 1191 1148 1278 βέβαλαι)
1171 1185 1255 1275 Μήτ’
1280 1183 1338 1252 ἀπὸ
1361 1193 1401 1252 cti
1421 1189 1506 1272 τέρεος

331 1288 398 1378 μήτ’
427 1288 553 1358 αὐτόθεν
578 1288 784 1378 αιἰγάαεήαθε.

301 1445 311 1466 .
418 1400 584 1479 Postquam
614 1409 717 1460 mater
748 1399 875 1460 trullam
899 1398 982 1461 filiae
1005 1399 1148 1479 porrexit
1170 1397 1313 1479 dumque
1337 1395 1505 1458 sacrificium

329 1500 503 1583 adparetur
517 1501 713 1582 Dioeeopolis
728 1503 888 1564 Phalctcm
902 1501 945 1564 ad
961 1503 1212 1583 conpotetionem
1228 1502 1360 1576 invitat,
1385 1509 1417 1561 ut
1438 1499 1506 1560 sole-

331 1603 409 1666 bent
431 1603 482 1666 dei
506 1603 546 1665 ad
568 1605 722 1666 sacrificia
747 1605 874 1667 invitari
898 1605 1067 1685 epulisque
1091 1608 1246 1666 interesse
1270 1602 1370 1682 credi,

538 1705 646 1791 Φαλῆς
669 1707 776 1792 Φαλῆς

537 1805 591 1873 ἐὰν
615 1805 684 1894 μεθ’
710 1805 798 1894 ἡμῶν
821 1808 964 1896 ξυμπίῃς,
990 1809 1025 1874 ἐκ
1046 1803 1214 1897 κραιπάλης

538 1913 634 1976 ἕωθεν
657 1907 778 1999 εἰρήνης
801 1907 928 2000 βαρήσει
948 1906 1103 2000 τρύβλιον·

537 2010 556 2100 ἡ
581 2011 607 2079 δ’
635 2011 724 2088 ἀσπὶς
746 2017 843 2102 ἐντῷ
866 2011 995 2103 φεψάλιρ
1018 2005 1220 2102 κρεμήσεται.Ι

290 2138 415 2201 ιιριιαε
438 2131 500 2182 tam
523 2120 617 2200 plena
639 2130 736 2202 atque
759 2123 927 2203 perspicue
950 2128 1025 2182 sunt
1039 2131 1168 2200 tamque
1184 2129 1360 2200 opportune
1376 2119 1506 2180 dicuntur

330 2233 365 2286 ut
388 2241 450 2284 non
474 2241 553 2303 opus
575 2225 616 2284 sit
639 2225 806 2287 Hamakcri
829 2234 1005 2285 commenta
1029 2222 1235 2302 redarguere.

418 2324 482 2388 Sed
505 2325 611 2387 subito
633 2327 821 2389 sacrificium
839 2327 1085 2408 interrumpitur
1107 2326 1244 2388 clamore
1259 2324 1503 2398 Acharneusium‚
1584 2393 1585 2396 Ἴ

537 2420 623 2500 οὗτος
646 2423 735 2502 αὐτάς
757 2429 855 2507 ἐστιν,
880 2420 976 2501 οὗτος.

539 2527 634 2620 βάλλε
656 2526 749 2618 βάλλε
771 2527 864 2619 βάλλε
886 2526 981 2618 βάλλε

537 2636 609 2701 παῖε
630 2639 688 2708 πᾶς
709 2631 760 2700 τὸν
784 2630 902 2723 μιαρόν.
944 2631 980 2699 οὔ
1003 2635 1123 2720 βαλεῖς,
1148 2630 1184 2701 αὖ
1206 2635 1325 2721 βαλεῖς;

418 2739 571 2802 Videmus
586 2739 679 2803 nobis
694 2739 870 2803 ostendisse
886 2749 988 2802 artem
1011 2757 1073 2820 qua
1089 2737 1319 2820 Aristophanes
1335 2741 1412 2802 hanc
1431 2755 1503 2799 scae

334 2861 407 2904 nam
432 2846 596 2925 conposuit
617 2862 789 2925 pancorum
804 2861 956 2906 versuum
971 2843 1158 2904 traiectione
1181 2844 1223 2904 ita
1240 2845 1363 2906 restitui
1385 2839 1502 2905 utnulla

331 2956 494 3008 remaneat
517 2947 598 3008 iusta
620 2945 786 3008 dubitatio.
