3186 5108
332 389 403 461 118
622 396 712 462 lucar
734 420 901 464 trorrorvn
923 419 1110 464 erraneam
1129 400 1222 461 tete.

327 593 387 656 dae
407 595 506 674 gratia
530 593 770 674 perlustrarem,
796 601 839 670 et,
865 590 950 672 quod
973 609 1066 653 nemo
1082 591 1250 671 quisquam
1275 597 1380 650 nostra
1403 599 1504 668 aetem,
1586 595 1588 636 t

328 706 415 778 puto,
441 713 482 756 ue
505 705 614 777 optare
631 694 762 775 quidem
785 693 881 756 ediis
903 696 996 757 etiam
1013 693 1097 756 bene
1113 694 1260 774 propitiis
1275 692 1388 755 luisset
1409 709 1504 770 ausus,
1587 679 1588 692 ¹

328 802 361 861 in
384 801 512 860 Liviana
542 797 664 878 aliquot
684 799 845 861 volumina
874 815 1032 878 nusquam
1060 799 1214 860 haetenus
1243 796 1309 858 vitta
1339 795 1455 858 nestris
1479 797 1506 856 in

327 903 472 966 Lersensi
503 900 696 980 inciderem,
729 904 784 964 vix
810 902 916 964 orodis
944 910 1097 982 quantum
1128 917 1164 962 ea
1192 899 1271 961 mihi
1300 915 1352 961 res
1378 899 1510 961 attulerit

327 1006 447 1087 gaudii,
471 1015 538 1068 tum
562 1004 647 1086 quod
670 1004 787 1066 nobilis
810 1015 841 1068 et
864 1007 992 1068 tetiam
1015 1003 1150 1066 saeculis
1169 1001 1331 1083 desperati
1354 1001 1395 1064 ab
1417 1001 1509 1064 ernol-

327 1110 388 1172 bus
410 1110 572 1189 margariti
597 1126 671 1188 pars
694 1108 803 1170 saltem
827 1108 934 1190 aliqua
956 1125 1027 1170 sese
1049 1105 1142 1169 nobis
1157 1105 1317 1188 quondam
1339 1105 1507 1182 obtulisset,

327 1214 423 1286 totius
445 1210 643 1274 hauddubie
667 1211 807 1276 thesauri
823 1210 1030 1293 praenuncia,
1055 1219 1122 1273 tum
1139 1209 1224 1291 quod
1247 1210 1305 1270 beo
1320 1211 1509 1291 potissimum
1587 1221 1588 1290 l

272 1297 275 1304 ’
326 1324 525 1396 tempestate,
551 1333 614 1394 qua
636 1315 692 1376 vix
709 1313 873 1377 discernas
895 1313 1110 1377 maioribusne
1133 1314 1285 1376 iurentur
1307 1331 1347 1374 an
1370 1329 1511 1394 premon-
1587 1325 1588 1350 l

327 1429 380 1480 tur
401 1419 500 1499 copiis
522 1418 658 1498 litterae,
684 1418 975 1500 praestantissimus
997 1426 1088 1480 antor
1107 1417 1139 1478 iu
1156 1413 1298 1479 medium
1321 1431 1429 1478 rerum
1451 1434 1511 1477 om-

327 1523 415 1584 nium
431 1520 603 1584 discrimen
628 1521 713 1584 haud
736 1520 967 1584 contemnenda
990 1539 1086 1583 mauu
1108 1522 1153 1582 ita
1175 1537 1245 1582 sese
1269 1521 1441 1600 ingesserit
1461 1537 1511 1578 vc-

328 1627 384 1688 luti
418 1626 472 1706 qui
503 1625 596 1687 nobis
623 1625 852 1708 propemodum
881 1627 943 1687 iam
972 1621 1208 1705 trepidantibus
1237 1641 1325 1704 spem
1354 1621 1457 1685 lacere
1485 1631 1512 1682 et

326 1730 447 1790 animos
481 1729 656 1790 coniunctis
687 1749 726 1792 cn
760 1729 920 1810 insperato
952 1726 1109 1808 suppetiis
1138 1725 1276 1788 reddere
1310 1726 1510 1802 decrevisset,

327 1851 367 1893 ne
386 1834 555 1912 quisquam
572 1829 737 1913 deinceps,
761 1830 817 1894 ubi
841 1830 1035 1910 intelligeret
1050 1830 1212 1911 praeclara
1230 1831 1430 1911 ingeniorum
1453 1847 1512 1890 mo-

325 1944 477 1998 numenta
501 1934 585 1997 haud
608 1935 672 1998 ullo
701 1945 791 2016 paeto
814 1935 957 2015 extingui
980 1951 1090 2015 posse,
1122 1935 1155 1998 in
1179 1933 1238 1994 boc
1265 1933 1440 1995 certamine
1461 1931 1513 1994 de-

326 2037 513 2118 fatigaretur
535 2037 809 2101 suoonmberctve.
856 2039 989 2100 accessit
1016 2047 1049 2099 et
1077 2036 1157 2099 illud
1181 2035 1273 2118 quod
1297 2053 1369 2099 eum
1391 2036 1446 2097 alii
1468 2034 1512 2096 vel

326 2140 509 2203 facultatum
533 2141 583 2203 vel
607 2142 729 2222 ingenii
749 2140 874 2204 viribus
895 2140 1110 2221 pulcherrima
1134 2139 1312 2202 litterarum
1335 2137 1441 2202 studia
1462 2155 1514 2219 pre

326 2263 382 2306 suo
406 2246 542 2324 quisque
571 2245 697 2306 modulo
726 2245 830 2324 iuvet,
855 2243 968 2323 [neque
999 2241 1066 2306 lere
1095 2245 1264 2324 quisquam
1292 2243 1335 2305 ait
1363 2245 1514 2324 ingenuus

325 2348 436 2409 saltem
467 2357 499 2409 et
521 2346 677 2411 candidus
699 2349 751 2410 vir
773 2349 827 2428 qui
857 2365 920 2410 non
943 2347 994 2409 vel
1026 2347 1141 2409 litteris
1162 2347 1213 2408 vel
1243 2347 1307 2409 illis
1333 2349 1412 2429 ipsis
1433 2345 1513 2409 unde

324 2449 459 2532 proiecit
481 2461 644 2533 acceptum
660 2451 831 2533 aliquando
846 2450 1037 2514 beneficium
1062 2467 1216 2531 reponere
1231 2449 1369 2530 studeat,
1394 2459 1425 2512 et
1442 2449 1512 2512 milti

325 2561 409 2616 esset
424 2555 591 2635 utriusque
608 2555 763 2617 facultatis
777 2555 942 2637 praeclusa
957 2555 1085 2616 omnino
1100 2555 1162 2633 via,
1189 2561 1345 2635 perpetuo
1364 2553 1515 2616 obnoxius

326 2656 452 2721 iuturus
474 2655 659 2738 debereque
682 2665 713 2720 et
742 2659 857 2720 litteris
880 2667 911 2720 et
939 2657 998 2720 tibi
1022 2657 1340 2739 quantulumeunque
1364 2653 1513 2737 estquod

324 2779 365 2823 ex
394 2763 547 2824 immenso
576 2779 671 2842 opum
701 2761 826 2824 illamm
855 2779 969 2824 acervo
997 2760 1143 2842 decerpsi
1170 2759 1323 2839 videbar,
1356 2761 1412 2841 qui
1435 2777 1515 2822 nuu-

324 2883 418 2945 quam
443 2865 612 2945 quiequam
629 2865 680 2928 vel
704 2866 762 2926 hoo
783 2866 907 2928 saeculo
922 2865 973 2928 vel
996 2877 1027 2928 te
1050 2873 1259 2946 praeceptore
1273 2863 1407 2945 dignum
1424 2881 1515 2945 prae-

324 2977 408 3029 stare
432 2987 574 3049 possem,
606 2970 639 3029 ni
662 2987 730 3047 me,
757 2967 843 3050 quod
867 2967 1001 3048 dicitur,
1032 2985 1072 3030 ex
1094 2968 1266 3049 improvise
1288 2966 1369 3030 deus
1390 2967 1512 3049 eliquia,

327 3071 573 3135 iucundissimus
596 3072 715 3134 scilieet
736 3073 891 3136 Fortunae
914 3089 1005 3135 error
1030 3070 1123 3152 (haud
1146 3067 1285 3134 absurde
1309 3071 1394 3133 enim
1419 3071 1515 3151 gallus

324 3192 479 3254 gemmam
503 3173 673 3238 offendisse
695 3173 799 3238 videri
822 3175 950 3259 petest),
976 3176 1034 3236 hoc
1057 3172 1262 3256 gratitudinis
1284 3172 1408 3253 debito,
1433 3172 1514 3255 quod

325 3276 464 3339 libenter
486 3287 591 3340 tamen
616 3276 720 3360 quoad
735 3276 846 3341 vixero
868 3278 926 3341 tibi
950 3278 1085 3356 debebo,
1111 3276 1279 3340 liberasset
1297 3288 1516 3342 monstrasset-

324 3397 387 3461 que
410 3399 473 3442 non
501 3382 603 3444 solum
625 3382 781 3462 quomodo
804 3380 881 3462 tibi,
914 3384 964 3446 oui
994 3391 1094 3444 totum
1124 3399 1174 3444 me
1198 3380 1318 3462 debeo,
1350 3380 1406 3444 sed
1427 3380 1516 3443 benis

324 3481 472 3546 omnibus
492 3485 701 3548 vehementer
730 3486 937 3567 gratificarer.
984 3503 1058 3548 nam
1080 3487 1154 3566 quis
1176 3495 1226 3548 est
1248 3486 1305 3566 qui
1328 3501 1390 3548 non
1413 3495 1517 3549 auetm

299 3587 372 3658 arei
401 3575 556 3666 publi'oae
584 3587 757 3651 litterariae
780 3589 945 3652 thesauros
967 3589 1026 3651 hac
1055 3588 1212 3670 gemmula
1235 3587 1358 3652 adiecta
1380 3597 1514 3652 autnon

325 3691 516 3754 exhilaratos
537 3689 637 3753 bonos
659 3709 767 3754 omnes
782 3693 991 3754 vehementer
1013 3693 1135 3754 liviani
1157 3693 1255 3755 maris
1278 3692 1416 3755 iuoultda
1438 3707 1515 3773 qua·
1587 3691 1588 3782 l

325 3793 397 3856 dam
421 3802 547 3875 reperta
577 3795 784 3857 confiteatur?
829 3795 979 3876 equidem
1009 3813 1072 3858 nen
1096 3794 1190 3856 video
1213 3797 1286 3876 quis
1314 3795 1424 3858 maiori
1445 3811 1514 3858 cum
1587 3783 1588 3828 ¹

324 3899 544 3978 expectatione
568 3899 751 3978 investigari
775 3918 792 3960 a
815 3897 909 3960 nobis
931 3908 1022 3961 anter
1044 3899 1143 3980 possit
1166 3915 1261 3978 quam
1284 3899 1340 3980 qui
1364 3898 1513 3981 principis

322 4009 481 4062 terrarum
512 4001 619 4082 populi
644 4002 773 4063 Romani
805 4019 857 4064 res
887 4001 928 4064 ab
959 4001 1058 4083 ipsius
1089 4000 1292 4064 incunabulis
1320 4012 1427 4084 gestas
1452 4021 1511 4064 non

323 4105 423 4166 solum
446 4101 487 4164 ad
511 4104 669 4184 fastigium
694 4105 819 4186 imperii
844 4105 954 4184 huius,
980 4104 1037 4168 sed
1057 4104 1098 4167 ad
1121 4115 1281 4169 senectam
1303 4123 1408 4188 usque
1429 4123 1513 4169 sum·

324 4209 384 4270 mis
406 4207 606 4288 eloquentiae
621 4207 746 4269 viribus
768 4225 853 4270 unus
874 4210 1015 4271 omniurn
1039 4210 1237 4291 conscripsit,
1262 4227 1343 4292 opus
1358 4229 1422 4292 quo
1442 4210 1513 4273 nul-

325 4310 388 4372 lum
412 4327 553 4391 unquam
576 4311 636 4372 luit
658 4312 759 4373 maius
782 4319 836 4374 aut
858 4313 1076 4376 excellentius.
1117 4314 1150 4375 in
1174 4329 1236 4394 quo
1258 4331 1323 4376 une
1345 4315 1423 4394 sois,
1444 4313 1513 4374 rnt-

324 4415 423 4496 lippo,
442 4423 560 4495 quante
577 4413 943 4478 memorabilissimarum
961 4433 1069 4479 rerum
1085 4405 1221 4497 cognitio
1235 4416 1329 4480 nobis
1346 4417 1510 4492 interierit,

324 4519 379 4598 qui
396 4535 577 4599 quanquam
594 4518 648 4578 vix
664 4519 793 4580 minima
816 4529 906 4600 perte
929 4520 971 4582 sit
992 4538 1009 4582 a
1032 4519 1125 4584 nobis
1140 4529 1297 4603 repertus,
1323 4529 1429 4584 tamen
1442 4520 1511 4602 quie
