3268 5108
381 411 470 474 lunas
494 429 659 474 nsorromn
683 429 865 473 nrssnmum
885 410 978 472 l85l.
1229 397 1277 469 65

110 598 195 683 δ’ρνον
224 594 258 662 τὸ
282 597 337 684 μὲν
359 591 549 682 ἔκταμον,
532 623 613 687 oppa
641 599 761 665 πέλοιτο
783 594 984 684 Δαίμονος’
954 623 989 664 oo
992 597 1073 724 ,μείης
1096 596 1181 685 ἱερὸν
1206 598 1281 686 βρέ-

108 721 165 772 τας·
197 697 329 774 ἔξεαεδ’
349 694 454 790 Ἄρηος
477 699 654 789 Εὖνᾶομονς,
686 700 738 767 ιιαλ
766 698 804 788 δη
835 727 884 789 μιν
906 698 1000 768 ἐπΗ
988 697 1135 825 erpuinum
1156 706 1282 791 κολωνῷ

99 796 221 890 Ἳδροααν
237 807 378 893 φηγοῖσιν
393 803 572 895 ἐπηρεφὲς’
558 801 768 894 ακρατάιηαιν,
790 803 834 872 Αἵ
848 801 886 893 ῥά
899 831 932 873 τε
945 802 1071 872 πασάων
1086 807 1281 894 πανυπέρτα-

105 909 193 995 ταιέρ
195 908 330 995 pitorio.
372 907 536 996 Bapivn'
564 935 603 976 αυ
585 902 754 999 χέραδος
775 904 975 998 παρενήνεον·
1008 907 1086 998 ἀμφὶ
1109 909 1143 976 δὲ
1158 905 1282 999 φύλλοις

106 933 277 1099 Σιεψιλμενοι
307 1012 450 1101 δρυΐνοισι
473 1012 637 1100 θυηπολίης
659 1014 812 1100 ἐμέλοντο,
845 1012 972 1101 Μητέρα
994 1013 1156 1101 Δινδυμίην
1183 1017 1281 1081 πολυ-

104 1111 209 1181 πότνιαν
234 1113 444 1202 ἀγκαλέοντες.
490 1121 654 1182 notissima
677 1120 756 1181 baec
779 1129 869 1182 erant
891 1120 1065 1201 Propertio,
1093 1129 1203 1202 utpote
1226 1122 1281 1202 qui

106 1229 130 1280 et
154 1221 306 1304 Apollonii
336 1233 368 1285 et
395 1224 546 1286 Varronis
574 1222 698 1286 Atacini
727 1243 855 1285 carmen
889 1223 1018 1304 legerat.
1074 1225 1182 1304 itaque
1210 1244 1281 1287 cnm

104 1327 342 1408 contemplamur
365 1346 445 1406 quae
469 1327 594 1390 codices
616 1327 745 1408 babent,
770 1327 939 1410 Dindymus
966 1335 994 1390 et
1015 1345 1109 1390 socru
1126 1325 1283 1408 fabricatu
1324 1371 1325 1376 ι

104 1429 212 1492 invento
236 1429 338 1508 cilicie,
371 1428 483 1492 vidore
511 1429 604 1492 nobis
627 1429 775 1493 videmur
796 1431 994 1511 Propertium
1018 1431 1183 1512 scripsisse
1206 1433 1283 1493 Dirr-

104 1531 198 1610 dpmus
232 1541 260 1596 et
294 1553 388 1597 sucro
420 1533 577 1615 fabricato
599 1553 616 1594 n
639 1553 705 1596 vrrs
735 1534 858 1596 Cannas.
912 1553 984 1596 nam
1017 1533 1197 1616 Dindymon
1231 1535 1282 1596 vel

105 1633 248 1718 Dindyma
277 1639 356 1719 quin
386 1638 535 1699 aLatino
571 1647 663 1719 poeta
695 1637 872 1720 Dindymus
900 1637 963 1700 dici
998 1637 1161 1720 potuerint
1197 1639 1283 1700 nulla

104 1757 185 1800 eausa
213 1751 263 1802 est
293 1761 350 1804 cnr
378 1739 580 1804 dubitemus:
618 1741 700 1804 dixit
729 1742 770 1804 ita
800 1743 919 1804 Plinius
947 1743 1101 1804 naturalis
1134 1741 1282 1804 historiae

104 1843 178 1904 rii.
223 1844 310 1925 quod
334 1845 436 1925 siquis
458 1843 623 1908 audaciam
646 1854 785 1908 nostram
810 1844 1039 1926 reprehendet,
1074 1844 1284 1926 gaudebimus

103 1945 124 2004 si
146 1947 309 2026 protulerit
333 1948 418 2029 qnod
441 1959 472 2010 et
495 1949 627 2030 propius
649 1947 732 2011 absit
755 1967 772 2010 a
795 1947 939 2011 codicum
963 1949 1076 2010 litteris
1105 1958 1137 2009 et
1159 1949 1206 2010 rei
1229 1967 1283 2008 ae-

103 2065 157 2128 que
184 2052 368 2114 conveniat:
410 2053 537 2114 interim
576 2053 634 2114 hoc
662 2051 821 2134 quidquid
855 2061 903 2114 est
938 2051 1088 2115 audaciae
1123 2051 1283 2113 lenissima

102 2152 171 2214 alius
192 2156 341 2217 carminis
364 2153 585 2218 emendatione
607 2157 752 2220 volumus
774 2175 981 2237 conpensare.

177 2259 254 2320 Nam
283 2279 472 2342 persuasum
502 2259 594 2322 nobis
617 2271 664 2323 est
694 2261 847 2323 maculam
870 2259 1041 2322 tollendam
1065 2279 1133 2321 esse
1164 2278 1204 2320 ox
1227 2259 1284 2320 hoc

104 2360 305 2437 pulcherrimo
328 2375 435 2426 sextae
458 2364 533 2426 libri
556 2365 658 2427 ultimi
682 2365 802 2446 elegiae
825 2361 965 2444 exordio,

220 2467 321 2529 Serra
340 2467 418 2550 fucit
438 2477 542 2532 votes:
573 2471 635 2531 siut
657 2487 714 2529 orc
732 2468 873 2550 faventin
894 2469 1005 2542 sacris,

297 2579 326 2635 et
347 2571 439 2635 cudat
460 2581 530 2637 autc
551 2591 631 2635 meos
654 2573 714 2635 icto
736 2573 865 2633 iuuenco
883 2569 976 2651 focos.

219 2695 291 2737 cero
315 2675 473 2740 Philomela
495 2684 587 2740 certet
608 2679 744 2738 Romanu
766 2673 924 2756 corymbis,

296 2785 325 2842 et
348 2781 520 2860 Cyrenaeas
541 2799 625 2842 ιιινια
645 2780 797 2842 ministret
818 2796 926 2860 equos.

219 2889 332 2944 costum
354 2883 442 2946 molle
465 2885 534 2946 dote
555 2891 584 2946 et
605 2882 712 2946 blaudi
731 2881 806 2944 mitt
826 2883 905 2944 turis
927 2881 1054 2944 bonores

297 2995 400 3069 terque
419 2986 521 3068 focum
543 2989 627 3051 circo
649 2987 756 3050 iuncus
779 2983 860 3048 orbis
883 2992 941 3047 eut.

219 3092 355 3174 spargite
377 3109 424 3152 me
446 3090 586 3172 lymphis,
612 3107 792 3172 carmenque
814 3087 983 3152 recentibus
1006 3091 1072 3152 eris

298 3193 373 3257 tibio
394 3193 565 3277 Mygdoniis
588 3192 658 3257 libet
680 3191 797 3256 eburno
819 3192 915 3255 codis.

102 3295 128 3354 in
156 3299 389 3361 venustissimis
417 3297 564 3361 versibus
598 3316 698 3360 unum
728 3295 916 3358 vocabulum
950 3314 1042 3358 cerae
1076 3297 1283 3360 vehementer

99 3397 251 3481 displicet,
276 3411 408 3483 propter
430 3401 549 3464 nullam
572 3401 665 3462 aliam
688 3419 813 3463 causam
837 3419 932 3481 quam
961 3399 1042 3462 hanc
1065 3401 1281 3480 gravissimam

100 3503 178 3582 quod
194 3505 320 3568 tabulae
336 3515 472 3584 ceratae,
498 3524 560 3586 qua
576 3523 704 3566 carmen
720 3502 891 3585 significari
908 3513 1031 3584 putant,
1056 3523 1283 3566 commemora-

99 3607 135 3668 tio
156 3609 324 3690 allegoriae
347 3609 593 3672 concinnitatem
617 3608 786 3690 inportune
809 3606 918 3669 turbat
943 3626 979 3668 ac
1001 3626 1131 3689 prorsus
1153 3609 1279 3670 evertit.

100 3709 251 3775 intellexit
272 3713 329 3775 hoo
344 3712 495 3794 losephus
511 3713 662 3792 Scaliger,
688 3713 743 3792 qui
769 3710 861 3772 ‘cera'
884 3711 988 3792 inquit
1014 3711 1077 3772 ‘hic
1100 3711 1201 3774 locum
1219 3730 1281 3774 non

98 3813 198 3895 habet,
233 3835 336 3898 neque
358 3816 512 3899 scriptio)
558 3816 664 3897 itaque
693 3821 778 3878 serto
805 3813 1011 3877 scribendum
1037 3833 1106 3876 esse
1134 3815 1280 3896 coniecit,

98 3929 164 3998 apte
183 3938 271 3999 sane,
296 3919 352 3982 sed
364 3921 538 3983 mutatione
553 3938 616 3980 non
633 3929 696 3980 tam
715 3917 872 4000 probabili
890 3927 925 3980 ut
942 3937 1004 3980 non
1022 3917 1138 3980 debeat
1156 3918 1280 3998 leniori,

98 4022 120 4080 si
143 4023 281 4084 inveniri
304 4023 412 4105 possit,
438 4023 564 4085 cedere.
588 4009 760 4085 'minuitur
781 4022 875 4084 etiam
896 4021 1113 4104 probabilitas,
1138 4023 1164 4084 si
1187 4041 1282 4104 prae-

99 4133 181 4187 terea
202 4133 315 4190 certent
343 4125 529 4203 scribimus;
567 4128 595 4189 si
617 4133 708 4188 certet
736 4144 919 4206 servamus,
949 4125 1034 4207 quod
1057 4127 1197 4207 Scaliger
1227 4145 1283 4188 vo-

99 4227 188 4291 luisse
221 4229 345 4293 videtur
373 4248 542 4312 nuperque
569 4230 715 4310 Vngerus
745 4228 905 4308 defendit,
945 4248 1008 4292 non
1043 4229 1197 4292 credibile
1236 4240 1284 4292 est

101 4331 290 4414 Propertium
315 4335 475 4397 rarissimo
498 4341 600 4396 sertae
622 4334 775 4414 singulari
799 4351 932 4397 numero
955 4332 1007 4393 hic
1029 4352 1162 4396 usurum
1185 4333 1283 4396 inisse

99 4433 148 4495 ubi
173 4437 241 4518 ipsa
266 4457 314 4500 res
335 4438 490 4520 pluralem
506 4434 758 4498 commendabat.
805 4456 903 4518 quare
926 4437 1030 4518 potius
1050 4435 1175 4499 duabus
1197 4437 1283 4497 litte-

102 4539 140 4598 ris
169 4541 200 4602 in
232 4559 323 4603 unam
352 4543 520 4604 contractis
547 4539 716 4602 scribimus
746 4539 810 4603 Αιιι
843 4541 1000 4603 Pbileloeis
1029 4547 1120 4602 certet
1148 4543 1283 4602 Portuno

146 4655 204 4700 tiso
210 4658 266 4710 pili
279 4659 387 4711 Oponcnln
406 4659 438 4716 ΙΙ.Ι
1060 4659 1075 4709 5
