3204 5104
416 378 505 440 lsnsx
528 395 692 441 ascraeum
715 395 894 438 lssrrvasvn
914 377 1006 436 taes
1230 361 1304 432 379

202 564 295 626 Libro
318 565 429 628 eodem
452 585 512 628 xvn
536 567 597 627 56
628 567 660 627 in
691 566 826 647 epistula
849 585 943 646 quam
966 567 1066 646 Sapor
1088 563 1128 627 ad
1152 564 1305 626 Constan-

109 670 194 730 tium
224 670 349 732 misisse
379 679 528 732 narratur
556 669 635 731 haec
664 671 813 750 legimus,
843 670 921 732 iliud
948 669 1032 751 apsid
1060 687 1115 730 uos
1140 687 1305 750 numquam

110 781 269 854 aoecpmm
288 773 365 854 suit,
391 773 470 854 quod
491 773 634 836 adseritis
657 791 710 837 uos
732 774 920 848 cantantes,
946 773 1030 834 nullo
1045 772 1220 835 discrimine
1238 775 1306 834 oir-

109 877 186 938 tutis
216 895 254 938 oc
286 877 349 939 doli
371 893 536 958 prosperos
565 893 666 938 omnes
700 877 828 938 laudari
854 875 961 938 debere
990 875 1136 938 bellorum
1167 883 1302 938 eventus.

109 977 170 1040 sed
193 987 347 1061 acceptum
367 979 427 1060 fuit
450 980 662 1059 excogitatum
685 997 755 1042 esse
776 978 906 1041 videtur
920 997 938 1039 a
954 977 1095 1041 Gelenio.‘
1134 975 1305 1041 noconius

109 1080 204 1146 dedit
227 1083 412 1164 inacceptum
423 1082 548 1163 fratirs,
575 1084 609 1143 in
624 1084 773 1144 Vaticano
788 1081 870 1144 libro
886 1083 1040 1163 scriptum
1056 1090 1104 1144 est
1120 1082 1306 1163 inacceptum

105 1185 223 1266 [renis.
272 1185 347 1248 inde
377 1205 440 1248 non
464 1185 643 1249 laciendum
667 1195 715 1248 est
738 1185 823 1267 quod
846 1185 975 1247 Gelenio
997 1185 1134 1265 placuit,
1167 1185 1224 1247 sed
1248 1186 1305 1247 hoc

109 1290 237 1370 potius,
270 1289 348 1352 illud
374 1289 458 1370 opud
486 1308 542 1352 nos
571 1307 735 1372 numquam
757 1292 791 1352 in
813 1296 965 1370 acceptum
987 1307 1124 1350 aramve.
1172 1289 1304 1370 figurate

109 1393 259 1474 loquitur
279 1389 475 1462 Ammianus.
956 1443 965 1460 ,

200 1495 352 1558 Eiusdem
375 1497 487 1577 capitis
509 1495 578 1579 §ll
606 1497 700 1578 vulgo
722 1497 841 1577 legitur
863 1496 896 1557 in
913 1495 1086 1558 Constantii
1109 1497 1244 1576 epistula
1263 1496 1303 1558 ad

108 1600 267 1680 Saporem
297 1600 413 1681 scripte
437 1601 682 1681 Mesopotamiam
708 1601 808 1681 poscis
829 1606 864 1660 ut
885 1606 969 1662 tuam
987 1599 1173 1681 perindeque
1195 1595 1304 1661 Arnie-

107 1704 197 1764 niam
220 1709 250 1764 et
270 1702 381 1765 suades
404 1704 520 1786 inteqro
542 1704 665 1784 corpori
685 1702 819 1764 adimere
842 1701 975 1764 nemim
993 1701 1142 1784 maedam
1163 1711 1198 1764 ut
1217 1703 1303 1765 salus

107 1809 175 1868 erus
199 1805 339 1887 dunceps
362 1807 475 1868 locetur
497 1808 529 1868 in
551 1806 665 1868 solido:
695 1806 775 1887 quod
801 1804 999 1887 refutandum
1021 1815 1066 1868 est
1092 1807 1190 1887 potius
1213 1823 1304 1887 pam

106 1910 178 1972 ulla
206 1905 400 1972 consensione
426 1909 624 1990 firmandam.
672 1909 822 1971 Gelenius
851 1909 979 1990 scripsit
1007 1909 1086 1990 quood
1107 1908 1304 1989 resedendum

107 2020 155 2075 cst
177 2012 288 2074 metius
306 2015 428 2093 potius:
458 2012 491 2074 in
515 2031 578 2092 quo
599 2013 707 2074 melius
729 2012 836 2074 nescio
858 2029 921 2092 quo
944 2030 1052 2074 errore
1075 2011 1218 2074 additum
1241 2021 1299 2074 est.

106 2113 168 2177 sed
195 2133 239 2175 ne
267 2113 464 2196 refutandum
493 2115 624 2196 quidem
651 2135 764 2178 verum
795 2133 865 2177 esse
893 2114 1033 2178 videtur.
1080 2125 1167 2177 certe
1196 2115 1303 2197 infun-

106 2217 245 2280 dendum
272 2218 357 2299 quod
384 2215 554 2281 Accursius
583 2217 672 2281 dedit
701 2219 819 2299 legitur
848 2220 942 2280 etiam
973 2219 1005 2280 in
1034 2217 1117 2281 libro
1140 2220 1299 2282 Vaticano.

107 2321 253 2383 faciliore
276 2322 374 2402 igitur
396 2321 618 2384 emendatione
641 2321 813 2385 scribimus
834 2341 1064 2386 amarissimis.

196 2425 268 2486 llox
302 2425 333 2486 in
367 2423 478 2487 sedem
513 2425 648 2506 epistula
681 2423 700 2508 §
728 2426 766 2486 l3
801 2426 928 2506 vulgata
956 2426 1151 2507 exemplaria
1184 2426 1303 2490 habent

106 2547 244 2609 prorsus
274 2529 401 2608 insana,
438 2528 513 2608 sed,
547 2538 583 2591 ut
611 2527 806 2602 videbimus,
844 2530 974 2591 minime
1005 2529 1204 2592 insanabilia.
1259 2537 1305 2592 esi

107 2633 189 2693 enim
214 2629 360 2692 absonam
382 2631 582 2707 diademas,
608 2649 677 2692 cum
697 2639 853 2714 pestorano
875 2650 981 2694 rerum
1003 2633 1109 2694 ordine
1131 2633 1302 2714 explicatae

106 2736 170 2796 sint
193 2751 288 2796 cures
310 2751 387 2815 quas
409 2733 544 2796 invidiae
558 2733 643 2796 nobis
658 2734 864 2816 multipliciter
878 2735 1082 2813 incluserunt,
1108 2754 1176 2798 urm
1198 2735 1302 2800 deletis

107 2837 253 2918 tyrannis
283 2844 359 2900 totus
389 2835 470 2900 orbis
493 2840 646 2899 Ronmnus
674 2835 759 2898 nobis
785 2837 984 2919 obtemperat,
1016 2857 1054 2900 ea
1071 2839 1204 2920 prodere
1225 2857 1302 2920 quom

106 2941 261 3002 mntracii
287 2941 318 3002 in
345 2941 508 3002 orientales
536 2939 696 3024 capenas
726 2941 779 3002 din
807 2943 998 3004 secavimus
1020 2942 1158 3004 inlibata.
1206 2940 1302 3002 aber-

106 3044 191 3105 ravit
208 3041 359 3106 Gelenius
381 3063 399 3105 a
421 3063 497 3106 vero
520 3063 590 3106 eum
614 3043 743 3124 scripsit
765 3044 905 3106 indecens
926 3044 983 3107 uhi
1007 3045 1170 3126 exemplar
1188 3045 1302 3106 Roma-

106 3165 185 3208 num
219 3145 316 3208 habet
343 3146 498 3227 insidens,
529 3144 699 3209 Accursius
728 3147 887 3224 incidens,
920 3146 1043 3210 codices
1071 3149 1240 3210 Vaticanus
1270 3157 1301 3210 et

107 3250 229 3330 Regius
251 3250 414 3326 insidiens,
439 3248 526 3312 unde
549 3248 728 3312 faciendum
753 3260 800 3313 est
823 3250 909 3331 qnod
931 3252 964 3312 in
987 3253 1084 3332 Regio
1106 3250 1299 3332 adscriptum

107 3362 158 3414 est
182 3351 342 3433 insipiens.
388 3354 489 3434 magis
512 3355 606 3415 etiam
628 3373 647 3414 a
668 3371 746 3415 vero
768 3352 917 3416 Gelenius
947 3353 1109 3417 aberravit
1130 3353 1300 3417 scribendo

107 3456 168 3534 ita,
204 3473 272 3516 cum
292 3463 448 3538 pectorum
470 3475 576 3517 rerum
598 3457 704 3518 ordine
726 3457 896 3538 eapiicotae
922 3459 984 3519 sint
1005 3475 1098 3519 aures
1121 3475 1196 3538 quos
1220 3459 1301 3519 inoi-

107 3558 178 3620 diae
202 3566 235 3619 et
258 3577 339 3639 quae
362 3569 531 3622 secuntur:
558 3577 662 3641 neque
686 3560 769 3622 enim
792 3559 871 3622 haec
887 3560 1029 3640 intellegi
1048 3569 1192 3640 possunt.
1239 3562 1300 3626 Va-

107 3663 235 3723 ticanus
263 3660 347 3724 liber
376 3661 474 3725 habet
503 3682 577 3726 num
603 3670 759 3746 postorum
788 3680 894 3724 rerum
921 3663 1043 3725 ordiens
1072 3664 1211 3744 placatae
1239 3667 1302 3727 sint

106 3782 204 3827 aures
234 3765 378 3826 invidiae.
429 3767 589 3847 conspirat
617 3765 780 3847 exemplar
807 3767 998 3846 Romanum,
1030 3767 1091 3828 nisi
1121 3765 1206 3847 quod
1236 3786 1298 3829 non

106 3885 183 3930 num
207 3865 325 3929 habere
348 3867 493 3948 videtur,
525 3868 581 3931 sed
605 3877 690 3931 recte
712 3887 791 3932 cum.
837 3867 1007 3932 Accursius
1029 3889 1096 3930 cum
1118 3870 1245 3950 scripsit
1269 3880 1301 3932 et

107 3970 233 4047 ordine,
264 3979 333 4032 tum
356 3979 475 4034 temere
498 3991 558 4033 non
577 3972 736 4054 placatae,
764 3981 835 4052 post
858 3973 992 4035 incidiae
1014 3983 1119 4035 autem
1141 3991 1218 4055 quas
1241 3973 1299 4035 ad-

107 4073 203 4136 didit.
251 4072 369 4136 deinde
387 4075 576 4137 incluserunt
592 4077 733 4156 ineptum
757 4094 819 4137 uon
836 4077 1004 4138 minasset
1026 4093 1120 4156 quam
1136 4085 1197 4138 tota
1220 4075 1300 4137 haec
1365 4123 1370 4134 .

107 4177 226 4255 oratio,
258 4177 291 4237 in
321 4194 383 4258 qua
412 4177 529 4241 irustra
552 4177 755 4240 elaborarunt
777 4179 919 4240 Valesius
949 4187 980 4240 et
1003 4178 1203 4257 Erfurdtius,
1236 4179 1298 4240 nisi

107 4277 195 4360 quod
217 4277 399 4343 Erfurdtius
428 4281 593 4343 illuserunt
621 4280 827 4343 scribendum
851 4301 920 4344 esse
942 4281 1040 4344 vidit:
1073 4281 1297 4344 hebetantem

106 4383 193 4444 liber
216 4383 384 4446 Vaticanus
408 4383 600 4446 iniecerunt.
648 4403 720 4446 mox
743 4387 891 4446 contracti
910 4383 1032 4447 Gelenii
1056 4403 1126 4447 esse
1149 4383 1294 4447 videtur:

106 4487 139 4547 in
162 4485 314 4548 Vaticano
343 4484 424 4548 libro
453 4485 678 4568 scriptumest
706 4488 1055 4568 contrasiinorientaies,
1086 4486 1127 4550 ab
1148 4484 1298 4549 Accursio
