3184 5108
322 367 396 440 206
614 383 704 445 imm
726 399 893 446 ιιυτιοιινι
916 399 1096 445 inuram
1120 383 1214 445 4862.

322 570 400 632 hacc
426 569 586 652 leguntur,
619 567 720 656 βιβλία
741 564 933 657 γραψάμενος
954 566 1053 635 πολλὰ
1079 565 1132 634 καί
1158 567 1227 657 περί
1254 573 1376 635 πολλῶν
1404 567 1505 656 ἔχοντα

319 667 502 758 πρηγμάτων
531 668 682 760 σφρηγῖδά
712 697 765 760 ορι
791 673 921 759 ἐπίβαλε
947 669 1002 759 τὴν
1025 671 1165 759 Δαρείου,
1200 670 1274 758 μετὰ
1304 671 1338 738 δὲ
1359 665 1412 759 ἤιε
1433 671 1504 760 ἔχων

319 781 415 842 ταῦτα
436 777 467 850 ἐς
488 775 542 848 τὰς
565 771 685 862 Σάρδις.
734 779 878 860 ineptum
903 788 950 841 est
971 776 1082 864 ίχοντα
1109 779 1151 840 ita
1175 779 1334 859 explicare
1365 789 1404 842 ut
1425 777 1502 856 ίιιεο,
1587 843 1588 870 γ

320 875 447 964 λόγους,
483 875 605 952 λντολάς
639 882 691 944 vel
726 883 830 945 simite
863 881 985 962 aliquid
1018 884 1205 963 cogitatione
1238 881 1314 944 addi
1349 882 1503 946 iubeatur.

319 987 412 1066 plana
434 985 539 1046 omnia
563 985 642 1046 fiunt
665 994 697 1047 et
720 995 805 1047 recta
827 987 853 1046 si
877 983 1047 1048 scribimus
1066 979 1165 1049 ίὸντο.
1213 1004 1274 1048 ιιοῐι
1298 987 1408 1049 minua
1427 997 1504 1048 certa

319 1087 541 1151 emendatione
563 1089 733 1150 restituere
756 1088 850 1150 nobis
872 1087 1020 1151 videmur
1034 1087 1149 1151 Avium
1172 1107 1301 1152 vorsum
1324 1092 1400 1152 tot.
1438 1109 1505 1172 per-
1528 1155 1531 1162 ,
1587 1145 1588 1172 γ

319 1193 465 1272 sequitur
489 1193 685 1253 Pithetaerus
708 1193 875 1272 pristinam
897 1193 1003 1253 avium
1029 1193 1213 1273 potentiam,
1587 1175 1588 1180 ί

384 1291 491 1358 αὐτίκα
515 1289 542 1356 δ’
571 1289 639 1378 ὑμῖν
661 1290 751 1380 πρῶτ’
779 1292 916 1365 ἐπιδείξω
938 1289 988 1358 τὸν
1012 1289 1184 1381 ἀλεκτρυόν’
1212 1289 1253 1368 ὡς
1275 1291 1431 1382 ἐτυράννει

383 1388 461 1484 ἦρχέ
482 1421 516 1461 τι
538 1395 663 1484 Περσῶν
684 1401 803 1484 πρῶτον
824 1393 953 1480 πάντων,
981 1396 1108 1484 Δαρείου
1129 1396 1182 1464 καί
1205 1395 1404 1486 Μεγαβάζου,

382 1493 461 1566 ὥστε
482 1501 619 1566 κολεῖτοι
642 1497 789 1586 Περσικὸς
811 1493 892 1588 ὅρνις
914 1496 973 1566 ἀπὸ
994 1505 1047 1587 τῆς
1071 1498 1168 1590 ἀρχῆς
1190 1499 1233 1568 ἔτ’
1259 1502 1388 1588 ἐκείνης.

319 1607 461 1688 ineptum
492 1615 541 1668 est
567 1609 695 1692 πρῶτον.
742 1605 829 1669 unde
851 1606 1006 1669 Gnileimo
1028 1606 1189 1669 Dindoriio
1210 1609 1314 1670 visum
1345 1619 1396 1671 est
1427 1611 1505 1671 scri-

318 1709 461 1773 bendum
483 1727 552 1772 esse
580 1704 735 1794 πρότερον.
781 1709 872 1773 addit
901 1712 984 1772 ‘nam
1015 1712 1042 1772 si
1065 1711 1117 1772 ilic
1145 1712 1193 1774 uti
1222 1713 1373 1775 voluisset
1404 1725 1503 1794 poeta,

316 1817 433 1900 πρῶτος
456 1815 561 1896 potios
583 1814 786 1894 scripsisset)
831 1814 919 1894 atqui
943 1831 1015 1876 cum
1037 1823 1150 1877 neutro
1180 1817 1325 1897 oongmit
1347 1815 1436 1896 quod
1459 1835 1504 1879 so·

318 1919 428 1999 quitor
456 1913 585 2002 Δαρείου
613 1913 664 1980 καί
695 1911 890 2001 Μεγαβάζου.
942 1917 1016 1978 hinc
1042 1919 1219 1981 lieioekius
1246 1917 1395 2000 probavit
1425 1921 1503 2002 quod

317 2023 354 2082 a.
378 2023 412 2082 B.
438 2021 635 2102 Hirschigius
662 2021 791 2102 scripsit
818 2011 894 2106 ἦρχέ
922 2043 954 2085 τε
978 2017 1103 2106 Περσῶν
1133 2015 1252 2086 πάντων
1273 2016 1419 2108 πρότερος
1442 2024 1503 2087 Δο-

317 2123 399 2209 ρείου
419 2119 472 2187 κοί
494 2119 689 2210 Μεγαβάζου.
736 2123 794 2188 sed
821 2145 862 2187 ne
895 2125 952 2188 hoc
974 2124 1105 2205 quidem
1136 2124 1178 2191 ab
1198 2125 1414 2207 Aristophane
1435 2147 1503 2210 pro-

316 2229 433 2290 iectum
460 2237 519 2290 est.
573 2229 692 2292 etenim
721 2239 757 2291 ut
786 2239 944 2290 taceamus
972 2221 1092 2292 πάντων
1121 2228 1162 2291 ad
1191 2231 1356 2292 Persarum
1392 2251 1500 2294 nornen

317 2332 474 2394 inutiliter
495 2330 639 2394 additum
656 2351 735 2412 ease,
761 2351 867 2414 neque
890 2333 975 2395 enim
997 2331 1093 2414 piano
1115 2333 1218 2396 similo
1233 2343 1281 2396 est
1297 2335 1384 2415 quod
1398 2355 1432 2398 ν.
1444 2337 1499 2397 odi

290 2423 442 2496 tdi¹oitur
463 2428 616 2518 Αἰγύπτου
644 2423 675 2497 δ’
705 2425 746 2498 οὗ
771 2432 823 2499 καί
851 2434 996 2520 Φοινίκης
1023 2429 1122 2520 πάσης
1147 2432 1256 2508 κόκκυξ
1283 2435 1429 2522 pontida
1454 2430 1499 2524 ἧν,

316 2539 373 2602 sed
396 2540 455 2600 hoc
475 2548 512 2602 ut
532 2547 702 2618 taoeamns,
727 2537 923 2601 nobilissima
946 2541 1006 2603 tuit
1027 2541 1112 2601 inter
1133 2541 1245 2602 Persas
1266 2541 1501 2623 Megabamram

316 2645 383 2706 sive
399 2643 637 2724 Megabyaomm
661 2661 750 2724 gens,
775 2643 833 2705 sed
856 2645 963 2707 nutius
986 2643 1047 2705 iuit
1064 2641 1250 2724 Megabaaus
1265 2647 1321 2726 qui
1344 2655 1499 2729 tamqnam

316 2765 373 2809 rex
402 2747 568 2810 Persomm
596 2757 906 2809 commemoraretur.
957 2747 1046 2827 atqui
1076 2745 1174 2810 inisse
1204 2747 1340 2811 deberet
1368 2751 1395 2812 si
1421 2759 1499 2813 reete

315 2849 435 2912 dictum
459 2860 543 2912 esset
564 2850 718 2931 singulari
746 2869 879 2914 numero
903 2845 1099 2936 Μεγαβάζου.
1146 2850 1203 2914 sed
1232 2853 1361 2934 scripsit
1382 2853 1499 2916 Aristo-

314 2955 436 3035 phanes

378 3047 455 3142 ἦρχί
476 3079 509 3121 τε
533 3054 668 3143 Περσῶν,
694 3052 836 3144 πρότερος
857 3050 975 3121 πάντων
997 3055 1130 3143 nepetae
1152 3054 1205 3122 κοί
1229 3055 1432 3145 Μεγαβάζου.

315 3178 427 3240 inutile
452 3187 499 3240 est
528 3197 688 3260 exponere
712 3197 774 3259 qua
796 3177 984 3241 mendarum
1014 3183 1236 3260 progressione
1264 3185 1363 3244 oratio
1386 3181 1497 3263 depra-

312 3291 383 3343 vata
406 3283 458 3343 sit.
