3184 5108
312 371 385 443 202
605 387 694 447 lrnsx
717 405 881 448 nsorrorrrs
905 404 1084 450 resrrrnrs
1101 387 1196 448 teca.

311 593 406 656 synes
428 577 593 656 particula,
619 577 710 640 cuius
731 577 811 638 forte
836 595 946 638 recens
969 574 1061 638 nobis
1076 585 1124 638 est
1141 577 1303 654 memoria,
1329 577 1490 658 praestitit.

311 688 424 759 quarta
447 689 495 742 est
519 678 687 742 voluminis
710 681 797 742 noui.
844 679 889 740 ibi
912 700 945 760 p.
965 680 1027 740 392
1051 678 1246 742 demonstrat
1267 678 1375 742 Iliadis
1393 699 1422 740 rx
1436 681 1491 740 230

311 775 468 865 σαόσεμεκ
490 782 677 845 mutandum
701 803 770 846 esse
801 786 833 845 in
856 775 929 854 σόας
951 779 1033 866 ἔμεν.
1080 781 1211 846 biennio
1233 792 1306 846 ante
1329 783 1492 846 lmmanucl

311 886 476 948 Bekkerus
499 885 627 950 Iliadem
658 889 773 949 iterum
797 885 951 950 ediderat.
1000 884 1078 966 quid
1107 886 1159 948 ille
1188 886 1340 967 scripsit?
1377 885 1410 950 iv
1432 886 1492 970 δοιῇ

312 985 345 1052 δὲ
373 982 447 1060 σόας
475 985 546 1072 ἔμεν
578 981 599 1073 ἢ
630 983 799 1053 ἀπολέσθαι
826 985 913 1073 Νῆας
940 987 1131 1074 ἐυσσέλμους.
1188 1009 1220 1070 p.
1238 991 1301 1050 398
1335 989 1496 1054 ‘ridiculus

311 1111 401 1154 error
429 1111 446 1153 e
471 1094 596 1156 Platone
628 1095 816 1156 removetur’
844 1093 1041 1174 doceturque
1071 1112 1142 1156 eum
1165 1111 1198 1174 p.
1223 1093 1299 1156 932θ
1330 1113 1393 1157 non
1422 1096 1497 1156 scri-

311 1197 413 1277 psisse
435 1194 560 1260 ἕκαστον
583 1196 640 1260 sed
663 1190 780 1261 ἑκατόν.
827 1198 902 1259 anni
926 1207 1018 1259 emut
1040 1206 1162 1278 septem
1186 1207 1218 1258 et
1239 1198 1352 1278 viginti
1379 1217 1419 1259 ex
1440 1216 1497 1278 quo

312 1299 476 1364 Beklrerus
506 1303 803 1364 commentariorum
833 1301 1060 1365 Platonicomm
1084 1309 1106 1360 t.
1126 1317 1149 1360 rr
1172 1319 1204 1382 p.
1224 1301 1284 1362 iil
1315 1300 1395 1364 haec
1422 1301 1498 1364 erri-

312 1413 429 1484 pserat,
458 1403 611 1466 *ἓκαστονε
638 1423 678 1466 an
702 1397 842 1467 inordvi'
874 1401 981 1485 siquid
1011 1404 1062 1464 bic
1085 1413 1133 1465 est
1156 1401 1295 1482 ridiculi,
1327 1423 1391 1465 non
1415 1421 1499 1466 error

312 1515 433 1570 tantum
457 1508 511 1570 ille
540 1517 588 1570 est
610 1507 825 1570 librariorum.
872 1527 985 1569 verum
1015 1506 1212 1568 abstinemus
1239 1525 1257 1570 a
1282 1505 1498 1588 pertractanda

312 1611 443 1672 materia
467 1630 549 1691 quae
571 1611 734 1676 uberrima
758 1610 889 1692 quidem
911 1621 960 1673 est
983 1610 1040 1674 sed
1063 1611 1194 1672 minime
1217 1609 1372 1674 iucunda:
1399 1625 1500 1692 neque

311 1712 490 1778 timendum
514 1723 562 1778 est
583 1715 650 1777 iore
673 1725 708 1778 ut
730 1717 785 1796 qui
807 1724 880 1776 ante
905 1713 988 1778 bunc
1009 1712 1245 1794 Agamemnona
1267 1715 1379 1776 vixere
1408 1713 1501 1776 tortas

312 1816 558 1879 inlacrimabiles
581 1827 779 1898 urgueantur
808 1819 971 1899 ignotique
999 1818 1090 1898 longa
1118 1827 1221 1880 nocte.
1276 1817 1384 1898 itaque
1407 1828 1443 1881 ut
1463 1816 1500 1880 ad

310 1918 532 2001 Aristophanis
555 1922 747 1984 versiculum
770 1921 950 2000 redeamus,
982 1921 1096 1984 inutile
1119 1929 1152 1982 ot
1175 1919 1324 1984 frivolum
1346 1930 1396 1985 est
1426 1920 1500 1983 illud

312 2022 453 2085 Elmslcii
478 2023 652 2106 Cobetique
673 2025 729 2088 cai
750 2025 816 2101 παῖ,
847 2043 910 2086 non
940 2043 1002 2105 quo
1025 2023 1166 2086 scribere
1196 2026 1239 2086 ita
1269 2041 1332 2086 uon
1367 2025 1501 2106 potuerit

311 2125 552 2208 Aristophanes,
577 2128 634 2192 sed
651 2131 724 2209 quia
741 2123 806 2192 ἀντὶ
820 2129 872 2192 τοῦ
886 2120 994 2199 παιδός
1014 2128 1143 2211 scripsit
1163 2129 1352 2190 rectissime.
1388 2129 1500 2190 ‘amant

312 2240 437 2292 veteres
458 2229 516 2293 ubi
540 2232 639 2294 torma
661 2241 784 2296 tantum
807 2230 952 2294 vocabuli
984 2233 1154 2312 respicitur
1176 2251 1251 2310 non,
1283 2241 1319 2294 ut
1341 2249 1399 2294 nos
1422 2231 1502 2294 sole-

311 2352 382 2396 mus
412 2333 516 2396 laoere
540 2335 573 2397 in
595 2335 726 2400 vocibus
749 2333 901 2414 citandis,
939 2344 1027 2397 extra
1048 2337 1315 2398 constructionem
1337 2334 1419 2397 illud
1449 2355 1502 2416 po·

312 2455 400 2516 nere,
425 2436 483 2500 sed
511 2457 582 2502 oum
605 2439 745 2502 oratione
773 2440 971 2502 conectunt:’
1001 2437 1100 2500 verba
1130 2448 1205 2502 sunt
1225 2439 1348 2502 Lebrsii
1371 2440 1498 2512 Quaest.

311 2559 363 2621 ep.
388 2559 421 2622 p.
441 2541 515 2622 est,
545 2543 600 2623 qui
629 2546 704 2606 satis
728 2553 833 2608 notam
855 2540 984 2605 dicendi
1008 2540 1289 2620 consuetudinem,
1321 2543 1414 2606 cuius
1443 2559 1500 2604 non

311 2645 493 2708 meminisse
523 2647 708 2710 Elmsleium
739 2656 771 2708 et
801 2645 969 2723 Gobetum,
1008 2655 1181 2728 utrumque
1211 2645 1330 2709 Graece
1358 2644 1502 2708 doctissi-

312 2767 415 2826 mum,
447 2750 611 2830 miramur,
649 2751 759 2813 multis
785 2749 941 2830 exemplis
970 2748 1154 2812 declaravit.
1209 2748 1373 2812 Dobraeus
1400 2759 1501 2812 autem
1580 2785 1581 2847 t

311 2850 393 2914 Adv.
412 2871 435 2914 rr
457 2873 490 2934 p.
510 2854 584 2933 ili,
616 2853 766 2916 videlicet
794 2863 830 2916 ut
850 2845 958 2924 παιδός
988 2871 1049 2914 non
1074 2851 1261 2916 mutandum
1285 2871 1356 2914 esse
1382 2851 1502 2934 signifi·

311 2965 415 3032 caret,
445 2975 488 3019 ea
517 2956 709 3020 conterenda
737 2975 807 3019 esse
837 2958 958 3018 monuit
986 2973 1069 3037 quae
1098 2957 1130 3018 in
1160 2955 1412 3018 Demosthenicie
1441 2955 1502 3018 suis

311 3061 469 3138 congessit
496 3059 577 3122 Adv.
598 3081 607 3122 1
630 3081 663 3142 p.
683 3061 756 3122 tae.
815 3060 848 3120 in
878 3058 996 3140 quibus
1026 3069 1113 3122 recte
1141 3058 1183 3122 ad
1212 3058 1347 3122 eandem
1376 3053 1500 3121 dicendi

310 3162 441 3226 formam
474 3163 573 3226 refert
602 3163 686 3245 quod
716 3163 830 3228 Avium
853 3181 884 3224 v.
905 3164 965 3224 tet
998 3164 1114 3244 legitur
1142 3161 1178 3226 ix
1205 3165 1260 3226 του
1283 3157 1379 3226 πόλου
1400 3155 1502 3225 τούτου

310 3258 490 3349 κεκλήσεται
511 3261 608 3339 πόλις.
657 3285 752 3348 quem
774 3284 902 3328 versum
926 3268 981 3346 qui
1005 3266 1203 3347 praecedunt
1225 3267 1375 3347 quoniam
1402 3280 1503 3347 nuper

309 3371 426 3450 partlm
448 3371 540 3433 eiecti
564 3383 649 3447 sunt,
683 3369 916 3452 experiundum
940 3372 1100 3450 celsique
1123 3353 1230 3432 nostra
1260 3387 1321 3451 ope
1351 3369 1501 3432 reducere

311 3475 468 3554 possimus
490 3493 554 3536 non
576 3493 632 3538 sue
656 3474 747 3554 culpa
771 3473 893 3536 exules.
941 3472 1031 3536 iubet
1054 3473 1252 3536 Pitbeteerus
1274 3489 1407 3554 epopem
1430 3487 1503 3533 ecu-

311 3575 357 3638 los
379 3575 530 3640 deorsum
553 3587 585 3640 et
606 3595 734 3640 sursum
758 3578 852 3639 lerre.
900 3587 992 3658 paret
1015 3577 1079 3655 ille,
1111 3575 1169 3640 sed
1196 3575 1278 3640 nihil
1298 3575 1388 3638 videt
1410 3591 1502 3657 prae-

311 3689 362 3740 ter
382 3678 486 3744 nubes
509 3691 541 3743 et
563 3681 695 3743 caelum.
740 3689 807 3742 tum
831 3679 1028 3742 Pitbetaerus
1050 3673 1108 3765 οὐχ
1131 3670 1216 3750 οὗτος
1235 3669 1286 3744 οὖν
1310 3673 1408 3763 δήπου
1426 3673 1498 3742 ’erle
1577 3731 1578 3736 ,

310 3775 438 3866 ὀρνίθων
459 3775 565 3858 πόλσς;
592 3794 624 3846 et
647 3783 700 3846 ille
722 3775 831 3859 πόλος;
856 3780 923 3846 τίνα
945 3776 1071 3868 τρόπους
1098 3793 1165 3845 tum
1189 3784 1388 3846 l'itbetaerus

725 3877 825 3970 ὥσπερ
848 3885 875 3948 εἰ
897 3883 997 3969 λόγοις
1017 3880 1116 3957 τόπος.

517 3983 563 4056 ὅτι
586 3988 619 4055 δὲ
640 3991 777 4054 πολεῖται
797 3992 884 4052 τοῦτο
908 3986 957 4051 καλ
981 3987 1134 4075 διέρχεται

518 4085 647 4171 ἅπαντα,
673 4088 724 4156 διὰ
744 4085 830 4157 τοῦτό
853 4115 888 4176 γε
910 4091 1046 4156 καλεῖται
1068 4096 1120 4156 νῦν
1140 4087 1249 4166 πόλος·

519 4190 556 4281 ἢν
580 4192 606 4262 δ’
633 4195 766 4280 οἰκίσητε
787 4201 873 4259 τοῦτο
896 4190 947 4258 καλ
969 4189 1099 4281 φρόξηθ’
1128 4189 1224 4274 ἅπαξ,

516 4299 552 4364 ἐκ
573 4305 626 4364 τοῦ
647 4293 742 4364 πόλου
763 4295 868 4364 τοότου
890 4293 1071 4383 κεκλήσεται
1092 4293 1190 4371 πόλις.

310 4404 465 4485 scriptum
496 4415 544 4468 est
572 4405 605 4468 in
630 4403 723 4466 libris
752 4395 954 4488 disceptione
981 4425 1025 4476 τις
1052 4397 1153 4475 τόπος.
1211 4403 1296 4484 quod
1327 4423 1399 4468 oum
1428 4401 1497 4464 lerri

285 4515 461 4592 inequeat,
488 4496 667 4589 erroiigitaril
688 4517 793 4573 autam
809 4507 931 4590 possint
953 4517 1008 4570 ant
1022 4491 1198 4589 excogitata
1220 4509 1286 4572 sint
1308 4507 1409 4591 plura,
1434 4508 1498 4568 iure
1574 4521 1575 4536 .
