3184 5108
387 323 476 382 lunsx
498 339 665 384 escrionvri
686 339 866 383 inservierat
893 321 986 383 isos.
1037 389 1041 400 ¹
1207 309 1281 381 247

183 509 383 591 serpentibus
415 512 596 592 praecincta
624 508 722 572 fuisse
751 509 893 591 lingitur.
947 511 1038 573 cuius
1067 512 1128 573 tale
1156 511 1283 593 signum

183 613 332 675 Hercules
355 613 387 675 in
411 633 467 676 suo
491 613 593 695 clipeo
615 632 687 675 oum
710 612 780 675 aliis
803 632 819 674 c
843 612 975 694 gerebat
996 613 1166 694 anguibus.

244 717 275 778 l.
315 717 423 779 Stares
444 735 582 798 namque
605 717 638 777 in
662 715 750 800 ludia
769 714 920 778 dicuntur
942 717 1029 798 gigni
1052 717 1189 782 inmensi
1212 738 1284 781 cor-

180 839 274 900 pore,
311 821 399 882 vario
429 821 530 882 colore
559 819 738 900 terribiles,
774 821 830 900 qui
858 821 891 881 in
921 819 1113 901 quibusdam
1142 823 1284 902 squamis

124 923 140 982 b
180 924 248 985 auri
278 920 400 1004 fulgore
429 921 596 986 radiabant
625 932 656 986 et
685 924 717 984 in
746 921 939 1004 quibusdam
967 922 1112 986 candidis
1139 943 1175 987 ac
1204 945 1284 1007 pur-

180 1027 287 1108 pureis
310 1025 468 1091 coloribus
499 1037 531 1088 et
552 1027 654 1107 nigris
676 1025 892 1089 cernebantur
914 1025 1068 1089 distincti.
1115 1047 1187 1091 cum
1210 1029 1285 1109 qui-

180 1129 239 1191 bus
269 1129 429 1211 quondam
458 1127 641 1192 Alexander
669 1128 795 1192 Macedo
824 1128 946 1192 bellum
975 1131 1144 1193 contulisse
1174 1131 1285 1212 perhi-

180 1231 285 1295 betur.

245 1336 276 1396 5.
318 1337 353 1397 ln
383 1335 525 1398 Calabris
555 1353 681 1416 quoque
710 1335 844 1399 saltibus
876 1338 989 1417 anguis
1025 1337 1124 1398 mirae
1161 1339 1285 1419 magni-

107 1441 140 1500 lt
181 1437 301 1501 tudinis
324 1441 356 1500 in
378 1450 521 1520 tempore
538 1439 682 1501 Caesaris
697 1437 831 1519 Augusti
852 1438 921 1520 init,
947 1441 1002 1520 qui
1026 1441 1060 1502 in
1075 1459 1152 1503 vere
1174 1451 1285 1522 stagna

180 1540 377 1624 paludesque
406 1542 513 1605 colens
542 1543 629 1603 ranis
662 1561 698 1603 ac
726 1541 868 1624 piscibus
896 1542 1039 1625 rapidam
1068 1545 1205 1625 replevit
1234 1545 1286 1607 in-

182 1647 337 1726 gluviem,
381 1655 414 1708 et
446 1655 613 1727 postquam
650 1645 725 1708 solis
757 1644 871 1708 ardore
911 1645 1044 1728 paludes
1077 1645 1285 1710 dehiscebant

182 1747 322 1826 adustae,
354 1758 431 1811 tuno
452 1750 554 1830 pestis
576 1749 655 1810 irata
678 1747 748 1811 cibo
778 1759 920 1830 potuque
943 1768 1055 1812 carens
1084 1767 1176 1830 agros
1198 1751 1285 1811 scin-

182 1850 356 1914 tillantibus
393 1852 576 1932 peragravit
606 1853 707 1913 oculis
745 1860 777 1914 et
812 1852 943 1915 nimiam
977 1851 1066 1915 dedit
1098 1852 1285 1916 mortalibus

105 1956 141 2015 lb
182 1956 315 2036 plagam.
945 1951 950 1964 '

245 2060 275 2118 6.
316 2059 351 2118 ln
381 2057 516 2119 confinio
545 2057 636 2120 rubri
665 2059 763 2120 maris
794 2069 825 2121 et
850 2057 988 2121 Arabiae
1017 2069 1183 2141 serpentes
1213 2078 1284 2121 esse

182 2160 395 2243 perhibentur
423 2179 495 2223 oum
517 2160 643 2241 ¹quibus
670 2164 812 2225 nascitur
841 2163 935 2244 piper
962 2162 1088 2243 album,
1118 2161 1205 2244 quod
1234 2163 1285 2224 in-

182 2283 273 2328 censo
296 2264 363 2327 loco
385 2263 447 2326 sub
469 2273 589 2326 terram
611 2263 809 2345 fugientibus
830 2267 974 2328 homines
1000 2267 1128 2348 nigrum
1150 2265 1285 2327 llamrnis

182 2367 364 2433 labentibus
387 2366 561 2449 deripiunt.
609 2370 664 2448 qui
687 2379 855 2450 serpentes
877 2371 977 2432 corsia
1006 2379 1233 2450 nuncupantur
1255 2378 1286 2431 et

103 2473 138 2532 to
182 2490 298 2534 cornua
332 2470 451 2533 babent
480 2472 614 2534 arietina
645 2482 678 2534 et
708 2472 749 2534 ab
779 2475 826 2534 eis
854 2491 1025 2554 percussus
1054 2475 1115 2535 cito
1151 2474 1285 2534 moritur

181 2587 317 2639 tumens.
625 2588 628 2596 '

181 2735 205 2782 t.
226 2729 275 2781 aiis
295 2743 329 2781 .c.
349 2727 460 2793 gerebat
477 2727 600 2793 signibus
611 2729 648 2779 A:
672 2730 799 2795 Vergilius
810 2731 873 2781 Aea.
888 2743 923 2780 vn
937 2733 985 2782 tit
1004 2733 1066 2796 post
1082 2730 1133 2781 bos
1150 2731 1284 2794 insignem

100 2815 183 2880 palma
200 2829 250 2882 per
267 2817 389 2880 gramina
402 2827 512 2866 currum
525 2814 700 2881 Victoresque
714 2818 831 2867 ostentat
846 2828 931 2881 equos
949 2819 1024 2867 satus
1037 2815 1152 2866 llercule
1170 2815 1285 2881 pulchro

100 2901 208 2952 Pulcher
219 2901 369 2952 Aventinus
386 2901 527 2967 clipeoque
545 2901 649 2965 insigne
667 2903 780 2966 paterno
798 2902 912 2952 Centum
930 2913 1032 2965 angues
1050 2901 1220 2966 cinctamque
1239 2913 1286 2965 ge·

99 2989 130 3036 rit
152 2986 322 3053 serpentibus
346 2987 470 3051 hydram.
561 2991 586 3037 t.
605 2999 700 3036 xxxviii
719 2987 757 3036 De
776 2989 915 3052 serpentes
934 2989 1019 3038 stares
1037 2988 1067 3038 A.
1138 2987 1229 3038 stares
1247 2987 1284 3036 A:

99 3087 159 3123 usus
176 3079 213 3124 eet
228 3077 341 3136 scriptor
358 3075 501 3135 deprecato
518 3074 663 3135 emptae-i
680 3073 805 3136 epistulae
822 3073 975 3133 Aiemcadri,
997 3075 1025 3122 in
1043 3086 1095 3135 pcc
1112 3073 1176 3123 boec
1193 3075 1284 3136 tepue-

98 3164 139 3208 tar
153 3173 180 3222 p.
196 3164 236 3220 et,
263 3159 331 3209 baec
349 3158 471 3224 prodigia
489 3159 610 3210 insecuta
628 3161 671 3210 esi
691 3159 822 3209 immensa
841 3158 883 3208 vis
906 3161 1070 3208 cerastarum
1094 3157 1286 3210 humidorum-

97 3259 144 3308 que
163 3245 331 3310 serpentium
343 3245 426 3295 variis
439 3243 627 3296 distinctorum
640 3243 784 3295 coloribus.
821 3256 882 3293 nam
895 3243 1005 3308 quidam
1025 3243 1185 3294 nubentibus
1203 3257 1286 3308 squa-

98 3333 146 3381 mis
164 3337 249 3391 erunt,
270 3329 380 3395 quidam
399 3331 468 3392 nigri
491 3334 518 3381 et
536 3327 644 3380 candidi
662 3329 770 3392 coloris,
796 3327 906 3394 quidam
925 3330 984 3380 auri
1004 3328 1107 3394 iuigcre
1129 3329 1285 3382 consimiles

97 3417 316 3482 inspiciebantur.
345 3413 472 3466 sibilabat
489 3417 543 3466 tote
562 3415 645 3480 regio,
665 3427 719 3466 non
737 3427 852 3481 parvum
871 3414 949 3466 uobis
964 3414 1083 3466 iniat-eus
1095 3419 1206 3467 metum.
1236 3416 1286 3467 sed

98 3501 210 3554 frontem
228 3506 379 3553 castrorum
401 3501 612 3553 cessaveramus
635 3499 731 3564 clipeis
748 3505 795 3552 etc.
867 3500 998 3552 inmensis
1016 3503 1046 3552 A.
1136 3504 1161 3552 t.
1181 3515 1235 3565 que
1252 3504 1282 3552 A.

97 3589 192 3639 scande
210 3590 240 3638 A.
313 3590 337 3637 t.
358 3585 499 3638 radiebant
516 3587 546 3637 A.
619 3590 643 3637 t.
664 3585 811 3637 cernebant
828 3585 954 3639 distinete
972 3587 1003 3637 A.
1075 3591 1100 3638 t.
1120 3601 1226 3637 mum
1247 3587 1286 3639 De

96 3674 227 3737 anguibus
250 3675 318 3724 mire
341 3673 535 3737 magnitudinis
553 3672 583 3722 A.
655 3673 685 3721 ln
710 3670 794 3723 lubrie
811 3673 849 3722 A:
874 3673 1020 3724 emendavit
1048 3673 1165 3723 Trcseius
1186 3685 1286 3724 macor

96 3771 218 3809 versuum
238 3759 343 3823 Vergilii
359 3771 448 3823 georg.
464 3771 492 3808 ιιι
512 3760 560 3808 tas
574 3771 610 3809 ss.
635 3759 677 3808 ast
700 3759 782 3808 etiam
806 3757 851 3809 illa
872 3759 963 3810 malus
981 3757 1102 3810 Calabris
1126 3759 1154 3826 in
1172 3757 1286 3810 saltibus

95 3845 197 3907 anguis,
219 3845 350 3910 Squamea
368 3843 534 3895 convolvens
552 3842 658 3894 sublato
676 3849 786 3909 pectore
804 3847 879 3909 terga
897 3844 985 3909 Atque
1009 3845 1080 3894 notis
1101 3843 1208 3907 longam
1226 3857 1286 3895 ma-

96 3928 203 3981 culosus
221 3929 369 3994 grandibus
386 3930 486 3990 alvum,
512 3929 573 3991 Qui,
593 3927 659 3979 dum
678 3942 773 3980 amnes
792 3929 838 3980 ulli
857 3933 1020 3996 rumpuntur
1037 3930 1156 3980 lontibus
1174 3931 1202 3980 et
1219 3929 1285 3981 dum

96 4013 159 4066 Vere
178 4016 290 4067 madent
313 4017 369 4067 udo
385 4021 474 4067 terrae
497 4027 529 4066 ac
546 4013 710 4080 pluvialibus
727 4019 835 4076 austris,
862 4017 959 4081 Stagna
983 4014 1047 4066 coiit
1069 4015 1190 4080 ripisque
1208 4013 1287 4066 babi-

96 4103 153 4151 tans
170 4100 216 4152 bic
231 4101 351 4167 piscibus
363 4103 449 4152 airam
462 4099 593 4166 inprobus
609 4099 755 4164 ingluviem
771 4102 898 4166 raniaque
914 4101 1073 4167 loquacibus
1085 4100 1189 4165 explet:
1210 4102 1287 4153 Post-

96 4201 173 4250 quam
192 4191 289 4238 exusta
308 4188 396 4254 palus,
422 4189 563 4252 tenueque
586 4185 683 4238 ardore
701 4186 857 4248 debiscunt,
885 4187 966 4239 Exilit
989 4189 1016 4238 in
1035 4187 1138 4237 siccum
1163 4189 1191 4238 et
1208 4185 1287 4238 Aem-

97 4275 194 4324 mantia
212 4273 316 4324 lumine
336 4275 465 4337 torquens
483 4273 574 4324 Saevit
590 4273 661 4337 agris
679 4285 813 4338 asperque
831 4273 876 4324 siti
894 4279 975 4338 atque
994 4273 1137 4324 exterritus
1153 4275 1240 4324 aestu.

99 4363 135 4410 to.
155 4359 293 4411 caessaris
310 4358 340 4409 A.
426 4363 466 4410 te.
487 4361 578 4425 pestes
596 4357 625 4408 A.
728 4362 768 4408 tt.
789 4371 820 4410 ιι
844 4357 883 4408 De
905 4358 1081 4423 serpentibus,
1100 4371 1162 4410 cum
1186 4358 1286 4422 quibus

98 4447 213 4496 nascitur
231 4445 309 4510 piper
326 4443 417 4496 album
436 4445 465 4495 A.
549 4448 591 4495 tt.
611 4445 734 4509 percussi
752 4446 782 4497 A.
832 4445 948 4495 isidoras
965 4445 1097 4508 orivau
1117 4449 1131 4495 8
1151 4447 1165 4495 i
1184 4445 1286 4509 piperis
