<?xml version="1.0" encoding="UTF-8"?>
<!DOCTYPE html PUBLIC "-//W3C//DTD XHTML 1.0 Transitional//EN"
    "http://www.w3.org/TR/xhtml1/DTD/xhtml1-transitional.dtd">
<html xmlns="http://www.w3.org/1999/xhtml" xml:lang="en" lang="en">
 <head>
  <title>
</title>
<meta http-equiv="Content-Type" content="text/html;charset=utf-8" />
  <meta name='ocr-system' content='tesseract 3.04.00' />
  <meta name='ocr-capabilities' content='ocr_page ocr_carea ocr_par ocr_line ocrx_word'/>
</head>
<body>
  <div class='ocr_page' id='page_1' title='image "./mavriciihavptii00haupgoog/mavriciihavptii00haupgoog_0093.png"; bbox 0 0 3268 5108; ppageno 0'>
   <div class='ocr_carea' id='block_1_1' title="bbox 340 369 1225 446">
    <p class='ocr_par' dir='ltr' id='par_1_1' title="bbox 340 369 1225 446">
     <span class='ocr_line' id='line_1_1' title="bbox 340 369 1225 446; baseline 0.005 -6"><span class='ocrx_word' id='word_1_1' title='bbox 340 369 389 440; x_wconf 88' lang='grc'>80</span> <span class='ocrx_word' id='word_1_2' title='bbox 637 383 726 446; x_wconf 83' lang='lat' dir='ltr'>lnnss</span> <span class='ocrx_word' id='word_1_3' title='bbox 748 401 913 446; x_wconf 77' lang='lat' dir='ltr'>nscrronvs</span> <span class='ocrx_word' id='word_1_4' title='bbox 935 399 1113 446; x_wconf 78' lang='grc' dir='ltr'>ικετινκκνι</span> <span class='ocrx_word' id='word_1_5' title='bbox 1131 382 1225 444; x_wconf 78' lang='lat'>⁴855.</span> 
     </span>
    </p>
   </div>
   <div class='ocr_carea' id='block_1_2' title="bbox 296 563 1608 4182">
    <p class='ocr_par' dir='ltr' id='par_1_2' title="bbox 296 563 1608 4182">
     <span class='ocr_line' id='line_1_2' title="bbox 340 563 1520 658; baseline -0.002 -24"><span class='ocrx_word' id='word_1_6' title='bbox 340 581 414 636; x_wconf 91' lang='lat' dir='ltr'>sunt</span> <span class='ocrx_word' id='word_1_7' title='bbox 437 573 482 655; x_wconf 82' lang='lat' dir='ltr'>(ll.</span> <span class='ocrx_word' id='word_1_8' title='bbox 501 590 547 633; x_wconf 90' lang='lat' dir='ltr'>mr</span> <span class='ocrx_word' id='word_1_9' title='bbox 571 574 632 635; x_wconf 74' lang='lat' dir='ltr'>tta</span> <span class='ocrx_word' id='word_1_10' title='bbox 657 572 729 656; x_wconf 83' lang='lat' dir='ltr'>ss),</span> <span class='ocrx_word' id='word_1_11' title='bbox 754 565 798 644; x_wconf 69' lang='lat' dir='ltr'>d&lt;</span> <span class='ocrx_word' id='word_1_12' title='bbox 821 565 843 634; x_wconf 85' lang='grc' dir='ltr'>δ’</span> <span class='ocrx_word' id='word_1_13' title='bbox 870 563 911 635; x_wconf 78' lang='grc' dir='ltr'>ὅτ’</span> <span class='ocrx_word' id='word_1_14' title='bbox 936 570 968 635; x_wconf 76' lang='grc' dir='ltr'>ἐν</span> <span class='ocrx_word' id='word_1_15' title='bbox 992 569 1122 657; x_wconf 79' lang='grc' dir='ltr'>αἰγιαλῷ</span> <span class='ocrx_word' id='word_1_16' title='bbox 1143 569 1293 658; x_wconf 84' lang='grc' dir='ltr'>πολυηχέι</span> <span class='ocrx_word' id='word_1_17' title='bbox 1314 573 1398 656; x_wconf 88' lang='grc' dir='ltr'>κῦμα</span> <span class='ocrx_word' id='word_1_18' title='bbox 1420 568 1520 636; x_wconf 78' lang='grc' dir='ltr'>θαλύσ-</span> 
     </span>
     <span class='ocr_line' id='line_1_3' title="bbox 339 667 1520 762; baseline -0.003 -23"><span class='ocrx_word' id='word_1_19' title='bbox 339 699 393 760; x_wconf 88' lang='grc' dir='ltr'>σης</span> <span class='ocrx_word' id='word_1_20' title='bbox 414 667 543 762; x_wconf 71' lang='grc' dir='ltr'>Ὄρνυό,</span> <span class='ocrx_word' id='word_1_21' title='bbox 576 673 776 760; x_wconf 77' lang='grc' dir='ltr'>ἐπασσύτερον</span> <span class='ocrx_word' id='word_1_22' title='bbox 807 668 937 762; x_wconf 77' lang='grc' dir='ltr'>ζεφύρου</span> <span class='ocrx_word' id='word_1_23' title='bbox 965 667 1021 738; x_wconf 84' lang='lat' dir='ltr'>‘&#39;uno</span> <span class='ocrx_word' id='word_1_24' title='bbox 1049 669 1244 760; x_wconf 71' lang='grc' dir='ltr'>κινήσαντος·</span> <span class='ocrx_word' id='word_1_25' title='bbox 1283 671 1391 761; x_wconf 80' lang='grc' dir='ltr'>Πόντῳ</span> <span class='ocrx_word' id='word_1_26' title='bbox 1420 672 1469 756; x_wconf 84' lang='grc' dir='ltr'>μέν</span> <span class='ocrx_word' id='word_1_27' title='bbox 1494 696 1520 736; x_wconf 90' lang='grc' dir='ltr'>τε</span> 
     </span>
     <span class='ocr_line' id='line_1_4' title="bbox 337 773 1519 865; baseline -0.003 -24"><span class='ocrx_word' id='word_1_28' title='bbox 337 782 443 864; x_wconf 83' lang='grc' dir='ltr'>πρῶτα</span> <span class='ocrx_word' id='word_1_29' title='bbox 465 773 659 864; x_wconf 90' lang='grc' dir='ltr'>κορύσσεται,</span> <span class='ocrx_word' id='word_1_30' title='bbox 693 773 787 864; x_wconf 83' lang='grc' dir='ltr'>αότὰρ</span> <span class='ocrx_word' id='word_1_31' title='bbox 810 776 912 843; x_wconf 83' lang='grc' dir='ltr'>ἔπειτα</span> <span class='ocrx_word' id='word_1_32' title='bbox 934 774 1046 865; x_wconf 82' lang='grc' dir='ltr'>Χόροιμ</span> <span class='ocrx_word' id='word_1_33' title='bbox 1068 774 1251 864; x_wconf 72' lang='grc' dir='ltr'>ῥηγνύμενον</span> <span class='ocrx_word' id='word_1_34' title='bbox 1275 775 1395 863; x_wconf 83' lang='grc' dir='ltr'>μεγάλα</span> <span class='ocrx_word' id='word_1_35' title='bbox 1417 775 1519 864; x_wconf 82' lang='grc' dir='ltr'>βρέμει,</span> 
     </span>
     <span class='ocr_line' id='line_1_5' title="bbox 339 872 1519 969; baseline -0.003 -23"><span class='ocrx_word' id='word_1_36' title='bbox 339 877 416 968; x_wconf 78' lang='grc' dir='ltr'>ἀμφὶ</span> <span class='ocrx_word' id='word_1_37' title='bbox 440 881 473 946; x_wconf 81' lang='grc' dir='ltr'>δέ</span> <span class='ocrx_word' id='word_1_38' title='bbox 494 875 517 945; x_wconf 85' lang='grc' dir='ltr'>τ’</span> <span class='ocrx_word' id='word_1_39' title='bbox 543 873 638 969; x_wconf 75' lang='grc' dir='ltr'>ἄκρας</span> <span class='ocrx_word' id='word_1_40' title='bbox 662 877 778 969; x_wconf 83' lang='grc' dir='ltr'>Κυρτύν</span> <span class='ocrx_word' id='word_1_41' title='bbox 809 877 853 946; x_wconf 75' lang='lat' dir='ltr'>tls</span> <span class='ocrx_word' id='word_1_42' title='bbox 876 885 1077 968; x_wconf 89' lang='grc' dir='ltr'>κορυφοῦται,</span> <span class='ocrx_word' id='word_1_43' title='bbox 1107 876 1252 946; x_wconf 82' lang='grc' dir='ltr'>ἀποπτύει</span> <span class='ocrx_word' id='word_1_44' title='bbox 1275 876 1298 944; x_wconf 84' lang='grc' dir='ltr'>δ’</span> <span class='ocrx_word' id='word_1_45' title='bbox 1322 875 1396 953; x_wconf 73' lang='grc' dir='ltr'>ἁλὸς</span> <span class='ocrx_word' id='word_1_46' title='bbox 1418 872 1519 966; x_wconf 86' lang='grc' dir='ltr'>όιχνην·</span> 
     </span>
     <span class='ocr_line' id='line_1_6' title="bbox 328 976 1519 1074; baseline -0.003 -26"><span class='ocrx_word' id='word_1_47' title='bbox 328 976 391 1058; x_wconf 77' lang='grc' dir='ltr'>Ὣς</span> <span class='ocrx_word' id='word_1_48' title='bbox 411 979 467 1050; x_wconf 92' lang='grc' dir='ltr'>τότ’</span> <span class='ocrx_word' id='word_1_49' title='bbox 493 980 693 1074; x_wconf 85' lang='grc' dir='ltr'>ἐπασσύτεραι</span> <span class='ocrx_word' id='word_1_50' title='bbox 708 985 835 1052; x_wconf 79' lang='grc' dir='ltr'>Δαναῶν</span> <span class='ocrx_word' id='word_1_51' title='bbox 858 984 974 1050; x_wconf 78' lang='grc' dir='ltr'>κίνυντο</span> <span class='ocrx_word' id='word_1_52' title='bbox 997 980 1151 1071; x_wconf 86' lang='grc' dir='ltr'>φάλαγγες</span> <span class='ocrx_word' id='word_1_53' title='bbox 1167 981 1339 1070; x_wconf 79' lang='grc' dir='ltr'>Νυλεμέως</span> <span class='ocrx_word' id='word_1_54' title='bbox 1353 978 1519 1069; x_wconf 80' lang='grc' dir='ltr'>πόλεμόνδε.</span> 
     </span>
     <span class='ocr_line' id='line_1_7' title="bbox 338 1089 1521 1174; baseline -0.003 -22"><span class='ocrx_word' id='word_1_55' title='bbox 338 1089 455 1152; x_wconf 88' lang='lat' dir='ltr'>deinde</span> <span class='ocrx_word' id='word_1_56' title='bbox 479 1090 565 1172; x_wconf 90' lang='lat' dir='ltr'>quod</span> <span class='ocrx_word' id='word_1_57' title='bbox 591 1091 633 1174; x_wconf 83' lang='lat' dir='ltr'>(v.</span> <span class='ocrx_word' id='word_1_58' title='bbox 659 1092 730 1174; x_wconf 75' lang='lat' dir='ltr'>ast)</span> <span class='ocrx_word' id='word_1_59' title='bbox 759 1091 892 1172; x_wconf 86' lang='lat' dir='ltr'>pulchre</span> <span class='ocrx_word' id='word_1_60' title='bbox 915 1089 1033 1152; x_wconf 90' lang='lat' dir='ltr'>dicitur</span> <span class='ocrx_word' id='word_1_61' title='bbox 1056 1091 1172 1154; x_wconf 86' lang='lat' dir='ltr'>Chiron</span> <span class='ocrx_word' id='word_1_62' title='bbox 1201 1090 1294 1152; x_wconf 89' lang='lat' dir='ltr'>llores</span> <span class='ocrx_word' id='word_1_63' title='bbox 1317 1089 1441 1151; x_wconf 92' lang='lat' dir='ltr'>corollis</span> <span class='ocrx_word' id='word_1_64' title='bbox 1462 1089 1521 1169; x_wconf 74' lang='lat' dir='ltr'>ple</span> 
     </span>
     <span class='ocr_line' id='line_1_8' title="bbox 338 1192 1522 1278; baseline -0.003 -22"><span class='ocrx_word' id='word_1_65' title='bbox 338 1213 394 1256; x_wconf 86' lang='lat' dir='ltr'>xos</span> <span class='ocrx_word' id='word_1_66' title='bbox 416 1194 571 1275; x_wconf 81' lang='lat' dir='ltr'>attulisse,</span> <span class='ocrx_word' id='word_1_67' title='bbox 596 1213 653 1277; x_wconf 81' lang='lat' dir='ltr'>qno</span> <span class='ocrx_word' id='word_1_68' title='bbox 672 1195 832 1278; x_wconf 77' lang='lat' dir='ltr'><strong><em>permulsa</em></strong></span> <span class='ocrx_word' id='word_1_69' title='bbox 847 1194 954 1256; x_wconf 68' lang='lat' dir='ltr'>donans</span> <span class='ocrx_word' id='word_1_70' title='bbox 976 1194 1108 1256; x_wconf 83' lang='lat' dir='ltr'>ineundo</span> <span class='ocrx_word' id='word_1_71' title='bbox 1129 1195 1201 1256; x_wconf 83' lang='lat' dir='ltr'>risit</span> <span class='ocrx_word' id='word_1_72' title='bbox 1215 1193 1317 1270; x_wconf 82' lang='lat' dir='ltr'>odore,</span> <span class='ocrx_word' id='word_1_73' title='bbox 1343 1193 1424 1254; x_wconf 85' lang='lat' dir='ltr'>nihil</span> <span class='ocrx_word' id='word_1_74' title='bbox 1440 1192 1522 1254; x_wconf 87' lang='lat' dir='ltr'>hodie</span> 
     </span>
     <span class='ocr_line' id='line_1_9' title="bbox 338 1295 1523 1380; baseline -0.003 -22"><span class='ocrx_word' id='word_1_75' title='bbox 338 1297 473 1377; x_wconf 84' lang='lat' dir='ltr'>similius</span> <span class='ocrx_word' id='word_1_76' title='bbox 489 1308 575 1361; x_wconf 87' lang='lat' dir='ltr'>extat</span> <span class='ocrx_word' id='word_1_77' title='bbox 590 1298 640 1360; x_wconf 92' lang='lat' dir='ltr'>his</span> <span class='ocrx_word' id='word_1_78' title='bbox 656 1296 804 1362; x_wconf 88' lang='lat' dir='ltr'>versibus</span> <span class='ocrx_word' id='word_1_79' title='bbox 819 1299 928 1380; x_wconf 82' lang='lat' dir='ltr'>hymni</span> <span class='ocrx_word' id='word_1_80' title='bbox 944 1299 977 1360; x_wconf 93' lang='lat' dir='ltr'>in</span> <span class='ocrx_word' id='word_1_81' title='bbox 991 1297 1140 1360; x_wconf 78' lang='lat' dir='ltr'>Cererem</span> <span class='ocrx_word' id='word_1_82' title='bbox 1153 1295 1202 1380; x_wconf 87' lang='lat' dir='ltr'>(l3</span> <span class='ocrx_word' id='word_1_83' title='bbox 1212 1296 1267 1380; x_wconf 72' lang='grc' dir='ltr'>α),</span> <span class='ocrx_word' id='word_1_84' title='bbox 1285 1316 1365 1378; x_wconf 91' lang='lat' dir='ltr'>quos</span> <span class='ocrx_word' id='word_1_85' title='bbox 1380 1296 1523 1358; x_wconf 82' lang='lat' dir='ltr'>Ruhnke-</span> 
     </span>
     <span class='ocr_line' id='line_1_10' title="bbox 338 1392 1522 1487; baseline -0.002 -25"><span class='ocrx_word' id='word_1_86' title='bbox 338 1403 411 1462; x_wconf 89' lang='lat' dir='ltr'>nius</span> <span class='ocrx_word' id='word_1_87' title='bbox 426 1401 570 1480; x_wconf 85' lang='lat' dir='ltr'>eontulit,</span> <span class='ocrx_word' id='word_1_88' title='bbox 593 1395 709 1486; x_wconf 84' lang='grc' dir='ltr'>κηοίδει</span> <span class='ocrx_word' id='word_1_89' title='bbox 731 1395 753 1464; x_wconf 81' lang='grc' dir='ltr'>δ’</span> <span class='ocrx_word' id='word_1_90' title='bbox 780 1395 859 1486; x_wconf 82' lang='grc' dir='ltr'>όδμῇ</span> <span class='ocrx_word' id='word_1_91' title='bbox 882 1403 941 1472; x_wconf 77' lang='grc' dir='ltr'>πᾶς</span> <span class='ocrx_word' id='word_1_92' title='bbox 962 1394 983 1463; x_wconf 87' lang='grc' dir='ltr'>τ’</span> <span class='ocrx_word' id='word_1_93' title='bbox 1010 1394 1138 1484; x_wconf 85' lang='grc' dir='ltr'>ούρανός</span> <span class='ocrx_word' id='word_1_94' title='bbox 1156 1395 1244 1487; x_wconf 85' lang='grc' dir='ltr'>εύρύς</span> <span class='ocrx_word' id='word_1_95' title='bbox 1267 1392 1392 1486; x_wconf 75' lang='grc' dir='ltr'>ὕπερθεν</span> <span class='ocrx_word' id='word_1_96' title='bbox 1408 1393 1482 1463; x_wconf 89' lang='grc' dir='ltr'>Γοῖό</span> <span class='ocrx_word' id='word_1_97' title='bbox 1495 1420 1522 1460; x_wconf 89' lang='grc' dir='ltr'>τε</span> 
     </span>
     <span class='ocr_line' id='line_1_11' title="bbox 336 1498 1524 1590; baseline -0.004 -23"><span class='ocrx_word' id='word_1_98' title='bbox 336 1499 403 1568; x_wconf 77' lang='grc' dir='ltr'>τᾶρ’</span> <span class='ocrx_word' id='word_1_99' title='bbox 430 1504 576 1589; x_wconf 76' lang='grc' dir='ltr'>ἐγέλασσε</span> <span class='ocrx_word' id='word_1_100' title='bbox 602 1501 654 1568; x_wconf 89' lang='grc' dir='ltr'>καί</span> <span class='ocrx_word' id='word_1_101' title='bbox 676 1498 809 1590; x_wconf 79' lang='grc' dir='ltr'>ἁλμυρὸν</span> <span class='ocrx_word' id='word_1_102' title='bbox 836 1501 927 1588; x_wconf 78' lang='grc' dir='ltr'>οἶδμα</span> <span class='ocrx_word' id='word_1_103' title='bbox 950 1498 1114 1588; x_wconf 76' lang='grc' dir='ltr'>θαλάσσης.</span> <span class='ocrx_word' id='word_1_104' title='bbox 1155 1523 1249 1587; x_wconf 91' lang='lat' dir='ltr'>porro</span> <span class='ocrx_word' id='word_1_105' title='bbox 1270 1502 1457 1586; x_wconf 86' lang='lat' dir='ltr'>Euripidem</span> <span class='ocrx_word' id='word_1_106' title='bbox 1477 1512 1524 1564; x_wconf 85' lang='lat' dir='ltr'>aut</span> 
     </span>
     <span class='ocr_line' id='line_1_12' title="bbox 337 1606 1522 1690; baseline -0.002 -22"><span class='ocrx_word' id='word_1_107' title='bbox 337 1609 434 1670; x_wconf 86' lang='lat' dir='ltr'>alium</span> <span class='ocrx_word' id='word_1_108' title='bbox 457 1619 580 1690; x_wconf 89' lang='lat' dir='ltr'>poetam</span> <span class='ocrx_word' id='word_1_109' title='bbox 602 1609 658 1690; x_wconf 90' lang='lat' dir='ltr'>qui</span> <span class='ocrx_word' id='word_1_110' title='bbox 680 1607 827 1671; x_wconf 78' lang='lat' dir='ltr'>simililer</span> <span class='ocrx_word' id='word_1_111' title='bbox 849 1609 971 1670; x_wconf 89' lang='lat' dir='ltr'>locutus</span> <span class='ocrx_word' id='word_1_112' title='bbox 993 1617 1061 1670; x_wconf 89' lang='lat' dir='ltr'>erat</span> <span class='ocrx_word' id='word_1_113' title='bbox 1074 1617 1171 1689; x_wconf 90' lang='lat' dir='ltr'>atque</span> <span class='ocrx_word' id='word_1_114' title='bbox 1187 1607 1359 1689; x_wconf 85' lang='lat' dir='ltr'>Euripides</span> <span class='ocrx_word' id='word_1_115' title='bbox 1375 1606 1522 1670; x_wconf 88' lang='lat' dir='ltr'>Catullum</span> 
     </span>
     <span class='ocr_line' id='line_1_13' title="bbox 296 1700 1522 1796; baseline -0.005 -20"><span class='ocrx_word' id='word_1_116' title='bbox 296 1731 327 1776; x_wconf 85' lang='lat' dir='ltr'>ts</span> <span class='ocrx_word' id='word_1_117' title='bbox 338 1711 388 1773; x_wconf 90' lang='lat' dir='ltr'>his</span> <span class='ocrx_word' id='word_1_118' title='bbox 404 1700 559 1776; x_wconf 73' lang='lat' dir='ltr'>ver&#39;srous</span> <span class='ocrx_word' id='word_1_119' title='bbox 578 1711 650 1795; x_wconf 78' lang='grc'>(320</span> <span class='ocrx_word' id='word_1_120' title='bbox 667 1716 705 1796; x_wconf 86' lang='lat' dir='ltr'>s.)</span> <span class='ocrx_word' id='word_1_121' title='bbox 727 1713 883 1775; x_wconf 89' lang='lat' dir='ltr'>imitatum</span> <span class='ocrx_word' id='word_1_122' title='bbox 897 1731 968 1774; x_wconf 89' lang='lat' dir='ltr'>csse</span> <span class='ocrx_word' id='word_1_123' title='bbox 983 1713 1194 1793; x_wconf 84' lang='lat' dir='ltr'>suspicamur,</span> <span class='ocrx_word' id='word_1_124' title='bbox 1220 1712 1277 1776; x_wconf 84' lang='lat' dir='ltr'>lae</span> <span class='ocrx_word' id='word_1_125' title='bbox 1297 1719 1361 1774; x_wconf 86' lang='lat' dir='ltr'>tum</span> <span class='ocrx_word' id='word_1_126' title='bbox 1377 1711 1522 1775; x_wconf 76' lang='lat' dir='ltr'>clarisona</span> 
     </span>
     <span class='ocr_line' id='line_1_14' title="bbox 335 1812 1524 1898; baseline -0.003 -22"><span class='ocrx_word' id='word_1_127' title='bbox 335 1815 478 1896; x_wconf 78' lang='lat' dir='ltr'>pellentes</span> <span class='ocrx_word' id='word_1_128' title='bbox 500 1816 616 1878; x_wconf 74' lang='lat' dir='ltr'>vellera</span> <span class='ocrx_word' id='word_1_129' title='bbox 637 1834 707 1879; x_wconf 87' lang='lat' dir='ltr'>voce</span> <span class='ocrx_word' id='word_1_130' title='bbox 725 1816 812 1878; x_wconf 85' lang='lat' dir='ltr'>Talia</span> <span class='ocrx_word' id='word_1_131' title='bbox 834 1815 938 1878; x_wconf 76' lang='lat' dir='ltr'>divim</span> <span class='ocrx_word' id='word_1_132' title='bbox 957 1813 1108 1896; x_wconf 78' lang='lat' dir='ltr'>[odoratu</span> <span class='ocrx_word' id='word_1_133' title='bbox 1121 1817 1256 1879; x_wconf 81' lang='lat' dir='ltr'>carmine</span> <span class='ocrx_word' id='word_1_134' title='bbox 1275 1815 1355 1898; x_wconf 78' lang='lat' dir='ltr'>foto.</span> <span class='ocrx_word' id='word_1_135' title='bbox 1396 1815 1447 1876; x_wconf 90' lang='lat' dir='ltr'>hie</span> <span class='ocrx_word' id='word_1_136' title='bbox 1463 1812 1524 1895; x_wconf 89' lang='lat' dir='ltr'>pcl-</span> 
     </span>
     <span class='ocr_line' id='line_1_15' title="bbox 338 1918 1523 2001; baseline -0.004 -21"><span class='ocrx_word' id='word_1_137' title='bbox 338 1919 431 1980; x_wconf 78' lang='lat' dir='ltr'>lentes</span> <span class='ocrx_word' id='word_1_138' title='bbox 453 1919 570 1981; x_wconf 80' lang='lat' dir='ltr'>eellcru</span> <span class='ocrx_word' id='word_1_139' title='bbox 592 1937 705 1982; x_wconf 89' lang='lat' dir='ltr'>verum</span> <span class='ocrx_word' id='word_1_140' title='bbox 728 1937 798 1982; x_wconf 89' lang='lat' dir='ltr'>esse</span> <span class='ocrx_word' id='word_1_141' title='bbox 827 1919 913 1982; x_wconf 90' lang='lat' dir='ltr'>nullo</span> <span class='ocrx_word' id='word_1_142' title='bbox 942 1918 1034 1981; x_wconf 91' lang='lat' dir='ltr'>modo</span> <span class='ocrx_word' id='word_1_143' title='bbox 1056 1929 1158 2000; x_wconf 89' lang='lat' dir='ltr'>potest</span> <span class='ocrx_word' id='word_1_144' title='bbox 1182 1938 1288 2001; x_wconf 89' lang='lat' dir='ltr'>neque</span> <span class='ocrx_word' id='word_1_145' title='bbox 1312 1919 1460 1982; x_wconf 90' lang='lat' dir='ltr'>inscitum</span> <span class='ocrx_word' id='word_1_146' title='bbox 1483 1925 1523 1977; x_wconf 88' lang='lat' dir='ltr'>est</span> 
     </span>
     <span class='ocr_line' id='line_1_16' title="bbox 338 2019 1523 2106; baseline -0.005 -22"><span class='ocrx_word' id='word_1_147' title='bbox 338 2020 423 2102; x_wconf 92' lang='lat' dir='ltr'>quod</span> <span class='ocrx_word' id='word_1_148' title='bbox 446 2021 645 2086; x_wconf 88' lang='lat' dir='ltr'>Theodorum</span> <span class='ocrx_word' id='word_1_149' title='bbox 668 2022 817 2106; x_wconf 71' lang='lat' dir='ltr'>lleysium</span> <span class='ocrx_word' id='word_1_150' title='bbox 840 2023 1034 2102; x_wconf 75' lang='lat' dir='ltr'>excogitasse</span> <span class='ocrx_word' id='word_1_151' title='bbox 1057 2023 1196 2086; x_wconf 89' lang='lat' dir='ltr'>Orellius</span> <span class='ocrx_word' id='word_1_152' title='bbox 1219 2032 1328 2085; x_wconf 89' lang='lat' dir='ltr'>narrat</span> <span class='ocrx_word' id='word_1_153' title='bbox 1359 2024 1390 2085; x_wconf 93' lang='lat' dir='ltr'>in</span> <span class='ocrx_word' id='word_1_154' title='bbox 1414 2019 1523 2098; x_wconf 63' lang='lat' dir='ltr'>eclogis</span> 
     </span>
     <span class='ocr_line' id='line_1_17' title="bbox 338 2126 1521 2208; baseline -0.003 -21"><span class='ocrx_word' id='word_1_155' title='bbox 338 2135 503 2206; x_wconf 90' lang='lat' dir='ltr'>poetarum</span> <span class='ocrx_word' id='word_1_156' title='bbox 533 2128 715 2190; x_wconf 89' lang='lat' dir='ltr'>Latinorum</span> <span class='ocrx_word' id='word_1_157' title='bbox 751 2126 973 2208; x_wconf 88' lang='lat' dir='ltr'>prolatumque</span> <span class='ocrx_word' id='word_1_158' title='bbox 1001 2136 1111 2207; x_wconf 86' lang='lat' dir='ltr'>postea</span> <span class='ocrx_word' id='word_1_159' title='bbox 1140 2127 1233 2189; x_wconf 85' lang='lat' dir='ltr'>etism</span> <span class='ocrx_word' id='word_1_160' title='bbox 1262 2126 1438 2206; x_wconf 83' lang='lat' dir='ltr'>aBerglrio</span> <span class='ocrx_word' id='word_1_161' title='bbox 1469 2133 1521 2197; x_wconf 84' lang='lat' dir='ltr'>est,</span> 
     </span>
     <span class='ocr_line' id='line_1_18' title="bbox 336 2228 1523 2311; baseline -0.003 -20"><span class='ocrx_word' id='word_1_162' title='bbox 336 2230 478 2293; x_wconf 84' lang='lat' dir='ltr'>uellentes</span> <span class='ocrx_word' id='word_1_163' title='bbox 507 2230 632 2293; x_wconf 86' lang='lat' dir='ltr'>vellera.</span> <span class='ocrx_word' id='word_1_164' title='bbox 680 2240 785 2292; x_wconf 88' lang='lat' dir='ltr'>tamen</span> <span class='ocrx_word' id='word_1_165' title='bbox 809 2249 958 2293; x_wconf 88' lang='lat' dir='ltr'>veremur</span> <span class='ocrx_word' id='word_1_166' title='bbox 986 2248 1027 2292; x_wconf 90' lang='lat' dir='ltr'>ne</span> <span class='ocrx_word' id='word_1_167' title='bbox 1057 2228 1136 2292; x_wconf 92' lang='lat' dir='ltr'>illud</span> <span class='ocrx_word' id='word_1_168' title='bbox 1166 2231 1403 2311; x_wconf 90' lang='lat' dir='ltr'>paronomasiae</span> <span class='ocrx_word' id='word_1_169' title='bbox 1429 2245 1523 2308; x_wconf 79' lang='lat' dir='ltr'>genus</span> 
     </span>
     <span class='ocr_line' id='line_1_19' title="bbox 336 2329 1524 2415; baseline -0.003 -21"><span class='ocrx_word' id='word_1_170' title='bbox 336 2331 376 2394; x_wconf 87' lang='lat' dir='ltr'>ab</span> <span class='ocrx_word' id='word_1_171' title='bbox 407 2333 466 2396; x_wconf 92' lang='lat' dir='ltr'>hoc</span> <span class='ocrx_word' id='word_1_172' title='bbox 495 2331 625 2415; x_wconf 89' lang='lat' dir='ltr'>quidem</span> <span class='ocrx_word' id='word_1_173' title='bbox 648 2335 789 2396; x_wconf 83' lang='lat' dir='ltr'>carmine</span> <span class='ocrx_word' id='word_1_174' title='bbox 812 2333 953 2397; x_wconf 89' lang='lat' dir='ltr'>alienum</span> <span class='ocrx_word' id='word_1_175' title='bbox 981 2335 1022 2396; x_wconf 93' lang='lat' dir='ltr'>sit</span> <span class='ocrx_word' id='word_1_176' title='bbox 1044 2332 1236 2415; x_wconf 88' lang='lat' dir='ltr'>videturque</span> <span class='ocrx_word' id='word_1_177' title='bbox 1260 2331 1352 2395; x_wconf 88' lang='lat' dir='ltr'>nobis</span> <span class='ocrx_word' id='word_1_178' title='bbox 1378 2329 1524 2414; x_wconf 88' lang='lat' dir='ltr'>probabi-</span> 
     </span>
     <span class='ocr_line' id='line_1_20' title="bbox 337 2434 1523 2519; baseline -0.003 -21"><span class='ocrx_word' id='word_1_179' title='bbox 337 2437 399 2500; x_wconf 87' lang='lat' dir='ltr'>lius</span> <span class='ocrx_word' id='word_1_180' title='bbox 414 2457 485 2500; x_wconf 90' lang='lat' dir='ltr'>esse</span> <span class='ocrx_word' id='word_1_181' title='bbox 500 2445 650 2519; x_wconf 83' lang='lat' dir='ltr'>pectentes</span> <span class='ocrx_word' id='word_1_182' title='bbox 665 2437 792 2518; x_wconf 86' lang='lat' dir='ltr'>vellere,</span> <span class='ocrx_word' id='word_1_183' title='bbox 818 2437 850 2498; x_wconf 90' lang='lat' dir='ltr'>in</span> <span class='ocrx_word' id='word_1_184' title='bbox 867 2435 952 2517; x_wconf 89' lang='lat' dir='ltr'>quod</span> <span class='ocrx_word' id='word_1_185' title='bbox 967 2434 1107 2500; x_wconf 79' lang='lat' dir='ltr'>Achilles</span> <span class='ocrx_word' id='word_1_186' title='bbox 1123 2439 1242 2501; x_wconf 80' lang='lat' dir='ltr'>Statius</span> <span class='ocrx_word' id='word_1_187' title='bbox 1262 2435 1386 2500; x_wconf 84' lang='lat' dir='ltr'>incidit.</span> <span class='ocrx_word' id='word_1_188' title='bbox 1417 2453 1523 2498; x_wconf 88' lang='lat' dir='ltr'>verum</span> 
     </span>
     <span class='ocr_line' id='line_1_21' title="bbox 337 2539 1522 2622; baseline -0.003 -20"><span class='ocrx_word' id='word_1_189' title='bbox 337 2541 456 2602; x_wconf 81' lang='lat' dir='ltr'>Statius</span> <span class='ocrx_word' id='word_1_190' title='bbox 480 2559 573 2603; x_wconf 91' lang='lat' dir='ltr'>suum</span> <span class='ocrx_word' id='word_1_191' title='bbox 597 2539 676 2604; x_wconf 92' lang='lat' dir='ltr'>illud</span> <span class='ocrx_word' id='word_1_192' title='bbox 695 2547 844 2622; x_wconf 87' lang='lat' dir='ltr'>pectentes</span> <span class='ocrx_word' id='word_1_193' title='bbox 875 2559 937 2602; x_wconf 89' lang='lat' dir='ltr'>non</span> <span class='ocrx_word' id='word_1_194' title='bbox 962 2551 1047 2622; x_wconf 81' lang='lat' dir='ltr'>recte</span> <span class='ocrx_word' id='word_1_195' title='bbox 1071 2541 1257 2604; x_wconf 88' lang='lat' dir='ltr'>confirmare</span> <span class='ocrx_word' id='word_1_196' title='bbox 1286 2539 1410 2604; x_wconf 89' lang='lat' dir='ltr'>studuit</span> <span class='ocrx_word' id='word_1_197' title='bbox 1432 2557 1522 2601; x_wconf 88' lang='lat' dir='ltr'>versu</span> 
     </span>
     <span class='ocr_line' id='line_1_22' title="bbox 338 2642 1524 2728; baseline -0.002 -22"><span class='ocrx_word' id='word_1_198' title='bbox 338 2643 516 2724; x_wconf 58' lang='lat' dir='ltr'>Vergiliano</span> <span class='ocrx_word' id='word_1_199' title='bbox 544 2642 660 2726; x_wconf 79' lang='lat' dir='ltr'>(georg.</span> <span class='ocrx_word' id='word_1_200' title='bbox 680 2663 701 2705; x_wconf 88' lang='lat' dir='ltr'>rr</span> <span class='ocrx_word' id='word_1_201' title='bbox 719 2642 790 2726; x_wconf 78' lang='grc'>424)</span> <span class='ocrx_word' id='word_1_202' title='bbox 817 2645 989 2726; x_wconf 78' lang='lat' dir='ltr'>vellereque</span> <span class='ocrx_word' id='word_1_203' title='bbox 1010 2652 1045 2706; x_wconf 88' lang='lat' dir='ltr'>nt</span> <span class='ocrx_word' id='word_1_204' title='bbox 1062 2644 1147 2727; x_wconf 79' lang='lat' dir='ltr'>soliis</span> <span class='ocrx_word' id='word_1_205' title='bbox 1169 2647 1327 2728; x_wconf 83' lang='lat' dir='ltr'>depectant</span> <span class='ocrx_word' id='word_1_206' title='bbox 1348 2645 1451 2708; x_wconf 67' lang='lat' dir='ltr'>unum</span> <span class='ocrx_word' id='word_1_207' title='bbox 1473 2645 1524 2704; x_wconf 84' lang='lat' dir='ltr'>Se-</span> 
     </span>
     <span class='ocr_line' id='line_1_23' title="bbox 336 2747 1523 2830; baseline -0.001 -22"><span class='ocrx_word' id='word_1_208' title='bbox 336 2765 406 2810; x_wconf 88' lang='lat' dir='ltr'>res:</span> <span class='ocrx_word' id='word_1_209' title='bbox 437 2748 465 2809; x_wconf 91' lang='lat' dir='ltr'>is</span> <span class='ocrx_word' id='word_1_210' title='bbox 487 2749 572 2810; x_wconf 91' lang='lat' dir='ltr'>enim</span> <span class='ocrx_word' id='word_1_211' title='bbox 595 2749 719 2812; x_wconf 85' lang='lat' dir='ltr'>alienus</span> <span class='ocrx_word' id='word_1_212' title='bbox 742 2757 802 2826; x_wconf 86' lang='lat' dir='ltr'>est,</span> <span class='ocrx_word' id='word_1_213' title='bbox 827 2758 972 2810; x_wconf 88' lang='lat' dir='ltr'>accurate</span> <span class='ocrx_word' id='word_1_214' title='bbox 994 2758 1099 2811; x_wconf 86' lang='lat' dir='ltr'>autern</span> <span class='ocrx_word' id='word_1_215' title='bbox 1123 2750 1269 2830; x_wconf 81' lang='lat' dir='ltr'>congruit</span> <span class='ocrx_word' id='word_1_216' title='bbox 1291 2747 1377 2830; x_wconf 92' lang='lat' dir='ltr'>quod</span> <span class='ocrx_word' id='word_1_217' title='bbox 1399 2748 1523 2827; x_wconf 90' lang='lat' dir='ltr'>Euripi-</span> 
     </span>
     <span class='ocr_line' id='line_1_24' title="bbox 336 2842 1523 2938; baseline 0 -26"><span class='ocrx_word' id='word_1_218' title='bbox 336 2850 394 2912; x_wconf 89' lang='lat' dir='ltr'>des</span> <span class='ocrx_word' id='word_1_219' title='bbox 416 2853 448 2912; x_wconf 91' lang='lat' dir='ltr'>in</span> <span class='ocrx_word' id='word_1_220' title='bbox 472 2851 584 2915; x_wconf 89' lang='lat' dir='ltr'>Oresta</span> <span class='ocrx_word' id='word_1_221' title='bbox 606 2851 645 2934; x_wconf 86' lang='grc' dir='ltr'>(ν.</span> <span class='ocrx_word' id='word_1_222' title='bbox 667 2852 715 2934; x_wconf 77' lang='lat' dir='ltr'>tt)</span> <span class='ocrx_word' id='word_1_223' title='bbox 743 2851 830 2932; x_wconf 85' lang='lat' dir='ltr'>dicit,</span> <span class='ocrx_word' id='word_1_224' title='bbox 856 2842 882 2937; x_wconf 81' lang='grc' dir='ltr'><strong><em>ᾧ</em></strong></span> <span class='ocrx_word' id='word_1_225' title='bbox 904 2849 1058 2936; x_wconf 82' lang='grc' dir='ltr'>στέμματα</span> <span class='ocrx_word' id='word_1_226' title='bbox 1081 2846 1184 2938; x_wconf 82' lang='grc' dir='ltr'>ξήναο’</span> <span class='ocrx_word' id='word_1_227' title='bbox 1210 2846 1256 2918; x_wconf 73' lang='lat' dir='ltr'>‘dr’</span> <span class='ocrx_word' id='word_1_228' title='bbox 1281 2851 1450 2918; x_wconf 79' lang='grc' dir='ltr'>ἐπέκλωσεν</span> <span class='ocrx_word' id='word_1_229' title='bbox 1474 2843 1523 2914; x_wconf 83' lang='grc' dir='ltr'>θεὰ</span> 
     </span>
     <span class='ocr_line' id='line_1_25' title="bbox 335 2947 1523 3040; baseline 0 -24"><span class='ocrx_word' id='word_1_230' title='bbox 335 2951 416 3040; x_wconf 71' lang='lat' dir='ltr'>ipss:</span> <span class='ocrx_word' id='word_1_231' title='bbox 449 2975 544 3037; x_wconf 81' lang='lat' dir='ltr'>aegre</span> <span class='ocrx_word' id='word_1_232' title='bbox 572 2958 657 3018; x_wconf 90' lang='lat' dir='ltr'>enim</span> <span class='ocrx_word' id='word_1_233' title='bbox 680 2974 824 3018; x_wconf 84' lang='lat' dir='ltr'>caremus</span> <span class='ocrx_word' id='word_1_234' title='bbox 845 2947 896 3018; x_wconf 83' lang='grc' dir='ltr'>ῦτε</span> <span class='ocrx_word' id='word_1_235' title='bbox 922 2957 1076 3036; x_wconf 87' lang='lat' dir='ltr'>particula</span> <span class='ocrx_word' id='word_1_236' title='bbox 1107 2976 1202 3038; x_wconf 89' lang='lat' dir='ltr'>quam</span> <span class='ocrx_word' id='word_1_237' title='bbox 1225 2956 1425 3020; x_wconf 88' lang='lat' dir='ltr'>Godolredus</span> <span class='ocrx_word' id='word_1_238' title='bbox 1447 2957 1523 3018; x_wconf 89' lang='lat' dir='ltr'>ller-</span> 
     </span>
     <span class='ocr_line' id='line_1_26' title="bbox 336 3056 1522 3141; baseline 0 -21"><span class='ocrx_word' id='word_1_239' title='bbox 336 3077 471 3122; x_wconf 90' lang='lat' dir='ltr'>mannus</span> <span class='ocrx_word' id='word_1_240' title='bbox 493 3057 628 3122; x_wconf 89' lang='lat' dir='ltr'>addidit.</span> <span class='ocrx_word' id='word_1_241' title='bbox 676 3057 804 3121; x_wconf 88' lang='lat' dir='ltr'>videtur</span> <span class='ocrx_word' id='word_1_242' title='bbox 826 3056 1047 3122; x_wconf 75' lang='lat' dir='ltr'>autem&#39;verbi</span> <span class='ocrx_word' id='word_1_243' title='bbox 1069 3059 1156 3141; x_wconf 89' lang='lat' dir='ltr'>quod</span> <span class='ocrx_word' id='word_1_244' title='bbox 1179 3071 1225 3124; x_wconf 88' lang='lat' dir='ltr'>cst</span> <span class='ocrx_word' id='word_1_245' title='bbox 1248 3058 1357 3132; x_wconf 76' lang='grc' dir='ltr'>ξαίνειν</span> <span class='ocrx_word' id='word_1_246' title='bbox 1387 3079 1450 3124; x_wconf 92' lang='lat' dir='ltr'>non</span> <span class='ocrx_word' id='word_1_247' title='bbox 1477 3061 1522 3120; x_wconf 92' lang='lat' dir='ltr'>iu-</span> 
     </span>
     <span class='ocr_line' id='line_1_27' title="bbox 335 3161 1521 3245; baseline -0.002 -21"><span class='ocrx_word' id='word_1_248' title='bbox 335 3163 440 3225; x_wconf 89' lang='lat' dir='ltr'>solens</span> <span class='ocrx_word' id='word_1_249' title='bbox 470 3161 568 3226; x_wconf 86' lang='lat' dir='ltr'>luisse</span> <span class='ocrx_word' id='word_1_250' title='bbox 595 3163 727 3226; x_wconf 85' lang='lat' dir='ltr'>liberior</span> <span class='ocrx_word' id='word_1_251' title='bbox 755 3181 844 3225; x_wconf 89' lang='lat' dir='ltr'>usus.</span> <span class='ocrx_word' id='word_1_252' title='bbox 892 3181 964 3225; x_wconf 91' lang='lat' dir='ltr'>nam</span> <span class='ocrx_word' id='word_1_253' title='bbox 989 3174 1024 3226; x_wconf 93' lang='lat' dir='ltr'>ut</span> <span class='ocrx_word' id='word_1_254' title='bbox 1047 3163 1219 3245; x_wconf 87' lang='lat' dir='ltr'>Euripides</span> <span class='ocrx_word' id='word_1_255' title='bbox 1250 3164 1329 3227; x_wconf 91' lang='lat' dir='ltr'>illud</span> <span class='ocrx_word' id='word_1_256' title='bbox 1358 3164 1399 3228; x_wconf 92' lang='lat' dir='ltr'>ad</span> <span class='ocrx_word' id='word_1_257' title='bbox 1429 3161 1521 3227; x_wconf 89' lang='lat' dir='ltr'>nendi</span> 
     </span>
     <span class='ocr_line' id='line_1_28' title="bbox 335 3265 1523 3349; baseline -0.002 -21"><span class='ocrx_word' id='word_1_258' title='bbox 335 3267 497 3349; x_wconf 84' lang='lat' dir='ltr'>negotium</span> <span class='ocrx_word' id='word_1_259' title='bbox 519 3267 680 3330; x_wconf 87' lang='lat' dir='ltr'>transtulit</span> <span class='ocrx_word' id='word_1_260' title='bbox 703 3267 745 3328; x_wconf 87' lang='lat' dir='ltr'>ita</span> <span class='ocrx_word' id='word_1_261' title='bbox 768 3267 864 3328; x_wconf 89' lang='lat' dir='ltr'>etiam</span> <span class='ocrx_word' id='word_1_262' title='bbox 892 3265 933 3329; x_wconf 93' lang='lat' dir='ltr'>ad</span> <span class='ocrx_word' id='word_1_263' title='bbox 955 3277 1116 3330; x_wconf 81' lang='lat' dir='ltr'>texturam</span> <span class='ocrx_word' id='word_1_264' title='bbox 1137 3269 1324 3330; x_wconf 87' lang='lat' dir='ltr'>translatum</span> <span class='ocrx_word' id='word_1_265' title='bbox 1348 3287 1418 3332; x_wconf 89' lang='lat' dir='ltr'>esse</span> <span class='ocrx_word' id='word_1_266' title='bbox 1446 3268 1523 3329; x_wconf 91' lang='lat' dir='ltr'>notis</span> 
     </span>
     <span class='ocr_line' id='line_1_29' title="bbox 335 3367 1522 3453; baseline -0.003 -21"><span class='ocrx_word' id='word_1_267' title='bbox 335 3370 490 3452; x_wconf 82' lang='lat' dir='ltr'>exemplis</span> <span class='ocrx_word' id='word_1_268' title='bbox 520 3379 639 3434; x_wconf 84' lang='lat' dir='ltr'>constat</span> <span class='ocrx_word' id='word_1_269' title='bbox 666 3367 886 3451; x_wconf 84' lang='lat' dir='ltr'>Aristophanis</span> <span class='ocrx_word' id='word_1_270' title='bbox 915 3380 947 3433; x_wconf 91' lang='lat' dir='ltr'>et</span> <span class='ocrx_word' id='word_1_271' title='bbox 974 3371 1114 3453; x_wconf 83' lang='lat' dir='ltr'>Dionysii</span> <span class='ocrx_word' id='word_1_272' title='bbox 1144 3371 1338 3453; x_wconf 81' lang='lat' dir='ltr'>periegetae.</span> <span class='ocrx_word' id='word_1_273' title='bbox 1391 3388 1522 3452; x_wconf 91' lang='lat' dir='ltr'>quorum</span> 
     </span>
     <span class='ocr_line' id='line_1_30' title="bbox 335 3469 1521 3561; baseline 0 -25"><span class='ocrx_word' id='word_1_274' title='bbox 335 3474 388 3536; x_wconf 90' lang='lat' dir='ltr'>ille</span> <span class='ocrx_word' id='word_1_275' title='bbox 417 3476 449 3536; x_wconf 91' lang='lat' dir='ltr'>in</span> <span class='ocrx_word' id='word_1_276' title='bbox 473 3473 587 3537; x_wconf 87' lang='lat' dir='ltr'>avibus</span> <span class='ocrx_word' id='word_1_277' title='bbox 607 3473 647 3556; x_wconf 85' lang='lat' dir='ltr'>(v.</span> <span class='ocrx_word' id='word_1_278' title='bbox 666 3473 728 3536; x_wconf 86' lang='grc'>827</span> <span class='ocrx_word' id='word_1_279' title='bbox 745 3473 784 3556; x_wconf 81' lang='lat' dir='ltr'>s.)</span> <span class='ocrx_word' id='word_1_280' title='bbox 812 3473 890 3535; x_wconf 89' lang='lat' dir='ltr'>haec</span> <span class='ocrx_word' id='word_1_281' title='bbox 913 3473 1025 3554; x_wconf 87' lang='lat' dir='ltr'>habet,</span> <span class='ocrx_word' id='word_1_282' title='bbox 1058 3469 1239 3561; x_wconf 68' lang='lat' dir='ltr'>incepisti</span> <span class='ocrx_word' id='word_1_283' title='bbox 1261 3479 1369 3561; x_wconf 83' lang='grc' dir='ltr'>χρῆμα</span> <span class='ocrx_word' id='word_1_284' title='bbox 1390 3477 1444 3561; x_wconf 74' lang='grc' dir='ltr'>τῆς</span> <span class='ocrx_word' id='word_1_285' title='bbox 1463 3497 1521 3536; x_wconf 86' lang='lat' dir='ltr'>no-</span> 
     </span>
     <span class='ocr_line' id='line_1_31' title="bbox 334 3571 1522 3664; baseline -0.003 -22"><span class='ocrx_word' id='word_1_286' title='bbox 334 3576 422 3650; x_wconf 81' lang='grc' dir='ltr'>λίιυς.</span> <span class='ocrx_word' id='word_1_287' title='bbox 451 3576 495 3651; x_wconf 86' lang='grc' dir='ltr'>τίς</span> <span class='ocrx_word' id='word_1_288' title='bbox 518 3573 569 3641; x_wconf 79' lang='lat' dir='ltr'>cal</span> <span class='ocrx_word' id='word_1_289' title='bbox 592 3571 658 3650; x_wconf 83' lang='grc' dir='ltr'>θεὸς</span> <span class='ocrx_word' id='word_1_290' title='bbox 679 3573 848 3663; x_wconf 78' lang='grc' dir='ltr'>Πολιοῦχος</span> <span class='ocrx_word' id='word_1_291' title='bbox 869 3574 969 3652; x_wconf 86' lang='grc' dir='ltr'>ἔσται;</span> <span class='ocrx_word' id='word_1_292' title='bbox 993 3581 1036 3664; x_wconf 86' lang='grc' dir='ltr'>τῷ</span> <span class='ocrx_word' id='word_1_293' title='bbox 1058 3579 1201 3662; x_wconf 75' lang='grc' dir='ltr'>ξανοῦμεν</span> <span class='ocrx_word' id='word_1_294' title='bbox 1223 3573 1273 3643; x_wconf 81' lang='grc' dir='ltr'>τόν</span> <span class='ocrx_word' id='word_1_295' title='bbox 1295 3577 1427 3656; x_wconf 73' lang='grc' dir='ltr'>πέπλονς</span> <span class='ocrx_word' id='word_1_296' title='bbox 1452 3579 1522 3640; x_wconf 83' lang='grc' dir='ltr'>1)ἰο-</span> 
     </span>
     <span class='ocr_line' id='line_1_32' title="bbox 333 3679 1522 3770; baseline 0.003 -28"><span class='ocrx_word' id='word_1_297' title='bbox 333 3682 415 3763; x_wconf 81' lang='grc' dir='ltr'>υγεὶἰ</span> <span class='ocrx_word' id='word_1_298' title='bbox 439 3692 545 3744; x_wconf 81' lang='lat' dir='ltr'>autern</span> <span class='ocrx_word' id='word_1_299' title='bbox 575 3681 607 3742; x_wconf 90' lang='lat' dir='ltr'>hi</span> <span class='ocrx_word' id='word_1_300' title='bbox 630 3690 705 3744; x_wconf 90' lang='lat' dir='ltr'>sunt</span> <span class='ocrx_word' id='word_1_301' title='bbox 726 3701 839 3745; x_wconf 89' lang='lat' dir='ltr'>versus</span> <span class='ocrx_word' id='word_1_302' title='bbox 867 3680 938 3763; x_wconf 80' lang='lat'>(755</span> <span class='ocrx_word' id='word_1_303' title='bbox 955 3682 1027 3766; x_wconf 80' lang='lat' dir='ltr'>ss),</span> <span class='ocrx_word' id='word_1_304' title='bbox 1059 3679 1151 3748; x_wconf 82' lang='grc' dir='ltr'>αἰόλα</span> <span class='ocrx_word' id='word_1_305' title='bbox 1180 3679 1214 3746; x_wconf 85' lang='grc' dir='ltr'>δὲ</span> <span class='ocrx_word' id='word_1_306' title='bbox 1236 3681 1383 3756; x_wconf 79' lang='grc' dir='ltr'>ξαίνοντες</span> <span class='ocrx_word' id='word_1_307' title='bbox 1410 3679 1522 3770; x_wconf 82' lang='grc' dir='ltr'>ἐρήμης</span> 
     </span>
     <span class='ocr_line' id='line_1_33' title="bbox 333 3775 1521 3872; baseline -0.001 -23"><span class='ocrx_word' id='word_1_308' title='bbox 333 3775 426 3849; x_wconf 73' lang='grc' dir='ltr'>ἄνθεα</span> <span class='ocrx_word' id='word_1_309' title='bbox 456 3783 545 3870; x_wconf 89' lang='grc' dir='ltr'>γαίης</span> <span class='ocrx_word' id='word_1_310' title='bbox 574 3780 696 3870; x_wconf 73' lang='lat' dir='ltr'>Elpeno</span> <span class='ocrx_word' id='word_1_311' title='bbox 726 3778 883 3871; x_wconf 89' lang='grc' dir='ltr'>τεύχουσιν</span> <span class='ocrx_word' id='word_1_312' title='bbox 911 3784 1136 3866; x_wconf 83' lang='grc' dir='ltr'>πολυῦαίῦαλα,</span> <span class='ocrx_word' id='word_1_313' title='bbox 1174 3781 1318 3872; x_wconf 90' lang='grc' dir='ltr'>τιμήεντα</span> <span class='ocrx_word' id='word_1_314' title='bbox 1325 3811 1354 3865; x_wconf 94' lang='grc'>,·</span> <span class='ocrx_word' id='word_1_315' title='bbox 1374 3783 1521 3871; x_wconf 83' lang='grc' dir='ltr'>Είδόμενα</span> 
     </span>
     <span class='ocr_line' id='line_1_34' title="bbox 332 3879 1521 3976; baseline -0.003 -23"><span class='ocrx_word' id='word_1_316' title='bbox 332 3892 422 3976; x_wconf 80' lang='grc' dir='ltr'>χροιῇ</span> <span class='ocrx_word' id='word_1_317' title='bbox 447 3885 621 3975; x_wconf 83' lang='grc' dir='ltr'>λειμωνίῦος</span> <span class='ocrx_word' id='word_1_318' title='bbox 643 3879 746 3954; x_wconf 78' lang='grc' dir='ltr'>ἄνθεσι</span> <span class='ocrx_word' id='word_1_319' title='bbox 767 3887 866 3974; x_wconf 84' lang='grc' dir='ltr'>ποίης.</span> <span class='ocrx_word' id='word_1_320' title='bbox 907 3909 1012 3972; x_wconf 89' lang='lat' dir='ltr'>neque</span> <span class='ocrx_word' id='word_1_321' title='bbox 1029 3911 1106 3954; x_wconf 84' lang='lat' dir='ltr'>vero</span> <span class='ocrx_word' id='word_1_322' title='bbox 1122 3891 1263 3954; x_wconf 84' lang='lat' dir='ltr'>Catullus</span> <span class='ocrx_word' id='word_1_323' title='bbox 1285 3911 1358 3954; x_wconf 91' lang='lat' dir='ltr'>cum</span> <span class='ocrx_word' id='word_1_324' title='bbox 1377 3897 1521 3974; x_wconf 84' lang='lat' dir='ltr'>pectentes</span> 
     </span>
     <span class='ocr_line' id='line_1_35' title="bbox 334 3992 1608 4086; baseline 0 -32"><span class='ocrx_word' id='word_1_325' title='bbox 334 3994 451 4056; x_wconf 75' lang='grc' dir='ltr'>υυίίενα</span> <span class='ocrx_word' id='word_1_326' title='bbox 472 3992 513 4056; x_wconf 90' lang='lat' dir='ltr'>de</span> <span class='ocrx_word' id='word_1_327' title='bbox 535 3993 687 4058; x_wconf 88' lang='lat' dir='ltr'>uentibus</span> <span class='ocrx_word' id='word_1_328' title='bbox 714 3993 793 4056; x_wconf 87' lang='lat' dir='ltr'>dicit</span> <span class='ocrx_word' id='word_1_329' title='bbox 815 3995 1004 4058; x_wconf 89' lang='lat' dir='ltr'>insolentius</span> <span class='ocrx_word' id='word_1_330' title='bbox 1032 3996 1204 4077; x_wconf 81' lang='lat' dir='ltr'>graecissat</span> <span class='ocrx_word' id='word_1_331' title='bbox 1226 4013 1322 4076; x_wconf 87' lang='lat' dir='ltr'>quam</span> <span class='ocrx_word' id='word_1_332' title='bbox 1348 3997 1407 4058; x_wconf 91' lang='lat' dir='ltr'>hoc</span> <span class='ocrx_word' id='word_1_333' title='bbox 1429 4011 1520 4057; x_wconf 83' lang='lat' dir='ltr'>versu</span> <span class='ocrx_word' id='word_1_334' title='bbox 1607 4013 1608 4086; x_wconf 61' lang='grc' dir='ltr'>γ</span> 
     </span>
     <span class='ocr_line' id='line_1_36' title="bbox 339 4094 1519 4182; baseline 0 -26"><span class='ocrx_word' id='word_1_335' title='bbox 339 4094 416 4180; x_wconf 74' lang='lat' dir='ltr'>(llll,</span> <span class='ocrx_word' id='word_1_336' title='bbox 447 4099 600 4161; x_wconf 71' lang='lat' dir='ltr'>nutricum</span> <span class='ocrx_word' id='word_1_337' title='bbox 631 4106 717 4162; x_wconf 86' lang='lat' dir='ltr'>tenus</span> <span class='ocrx_word' id='word_1_338' title='bbox 747 4106 886 4162; x_wconf 77' lang='lat' dir='ltr'>calentes</span> <span class='ocrx_word' id='word_1_339' title='bbox 916 4100 1071 4182; x_wconf 74' lang='lat' dir='ltr'>aporpite</span> <span class='ocrx_word' id='word_1_340' title='bbox 1099 4119 1194 4162; x_wconf 90' lang='lat' dir='ltr'>cano:</span> <span class='ocrx_word' id='word_1_341' title='bbox 1225 4097 1311 4181; x_wconf 89' lang='lat' dir='ltr'>quod</span> <span class='ocrx_word' id='word_1_342' title='bbox 1341 4109 1377 4162; x_wconf 94' lang='lat' dir='ltr'>ut</span> <span class='ocrx_word' id='word_1_343' title='bbox 1402 4099 1519 4162; x_wconf 85' lang='lat' dir='ltr'>diceret</span> 
     </span>
    </p>
   </div>
   <div class='ocr_carea' id='block_1_3' title="bbox 332 4199 1608 4389">
    <p class='ocr_par' dir='ltr' id='par_1_3' title="bbox 332 4199 1608 4389">
     <span class='ocr_line' id='line_1_37' title="bbox 333 4199 1608 4292; baseline 0 -30"><span class='ocrx_word' id='word_1_344' title='bbox 333 4203 529 4281; x_wconf 87' lang='lat' dir='ltr'>permovisse</span> <span class='ocrx_word' id='word_1_345' title='bbox 552 4220 625 4266; x_wconf 89' lang='lat' dir='ltr'>eum</span> <span class='ocrx_word' id='word_1_346' title='bbox 647 4201 776 4265; x_wconf 89' lang='lat' dir='ltr'>videtur</span> <span class='ocrx_word' id='word_1_347' title='bbox 798 4202 989 4266; x_wconf 87' lang='lat' dir='ltr'>Graecorum</span> <span class='ocrx_word' id='word_1_348' title='bbox 1011 4202 1270 4292; x_wconf 36' lang='lat' dir='ltr'>sermopquibus</span> <span class='ocrx_word' id='word_1_349' title='bbox 1291 4199 1386 4267; x_wconf 85' lang='grc' dir='ltr'>τίτθαι</span> <span class='ocrx_word' id='word_1_350' title='bbox 1409 4214 1441 4266; x_wconf 88' lang='lat' dir='ltr'>et</span> <span class='ocrx_word' id='word_1_351' title='bbox 1461 4221 1520 4263; x_wconf 92' lang='lat' dir='ltr'>nu·</span> <span class='ocrx_word' id='word_1_352' title='bbox 1607 4249 1608 4262; x_wconf 72' lang='grc'>.</span> 
     </span>
     <span class='ocr_line' id='line_1_38' title="bbox 332 4291 1608 4389; baseline 0.001 -25"><span class='ocrx_word' id='word_1_353' title='bbox 332 4305 429 4366; x_wconf 88' lang='lat' dir='ltr'>trices</span> <span class='ocrx_word' id='word_1_354' title='bbox 451 4315 525 4368; x_wconf 90' lang='lat' dir='ltr'>suut</span> <span class='ocrx_word' id='word_1_355' title='bbox 554 4316 586 4368; x_wconf 92' lang='lat' dir='ltr'>et</span> <span class='ocrx_word' id='word_1_356' title='bbox 609 4325 774 4368; x_wconf 86' lang='lat' dir='ltr'>mammae.</span> <span class='ocrx_word' id='word_1_357' title='bbox 820 4316 856 4368; x_wconf 91' lang='lat' dir='ltr'>ut</span> <span class='ocrx_word' id='word_1_358' title='bbox 885 4304 1002 4369; x_wconf 89' lang='lat' dir='ltr'>deinde</span> <span class='ocrx_word' id='word_1_359' title='bbox 1030 4307 1093 4369; x_wconf 88' lang='lat' dir='ltr'>alia</span> <span class='ocrx_word' id='word_1_360' title='bbox 1114 4308 1305 4387; x_wconf 83' lang='lat' dir='ltr'>omittamus,</span> <span class='ocrx_word' id='word_1_361' title='bbox 1338 4327 1410 4370; x_wconf 91' lang='lat' dir='ltr'>cum</span> <span class='ocrx_word' id='word_1_362' title='bbox 1432 4314 1519 4389; x_wconf 86' lang='lat' dir='ltr'>poeta</span> <span class='ocrx_word' id='word_1_363' title='bbox 1607 4291 1608 4332; x_wconf 64' lang='grc' dir='ltr'>ί</span> 
     </span>
    </p>
   </div>
   <div class='ocr_carea' id='block_1_4' title="bbox 332 4408 1608 4596">
    <p class='ocr_par' dir='ltr' id='par_1_4' title="bbox 332 4408 1608 4596">
     <span class='ocr_line' id='line_1_39' title="bbox 333 4408 1608 4502; baseline 0.006 -35"><span class='ocrx_word' id='word_1_364' title='bbox 333 4408 488 4472; x_wconf 89' lang='lat' dir='ltr'>Venerem</span> <span class='ocrx_word' id='word_1_365' title='bbox 517 4410 563 4470; x_wconf 91' lang='lat' dir='ltr'>sic</span> <span class='ocrx_word' id='word_1_366' title='bbox 592 4408 775 4490; x_wconf 88' lang='lat' dir='ltr'>adloquitur</span> <span class='ocrx_word' id='word_1_367' title='bbox 801 4409 843 4493; x_wconf 83' lang='grc' dir='ltr'>(ν.</span> <span class='ocrx_word' id='word_1_368' title='bbox 870 4411 936 4494; x_wconf 81' lang='grc'>96),</span> <span class='ocrx_word' id='word_1_369' title='bbox 973 4429 1107 4493; x_wconf 79' lang='lat' dir='ltr'>quaeqae</span> <span class='ocrx_word' id='word_1_370' title='bbox 1133 4409 1215 4494; x_wconf 79' lang='lat' dir='ltr'>repis</span> <span class='ocrx_word' id='word_1_371' title='bbox 1248 4411 1356 4494; x_wconf 77' lang='lat' dir='ltr'>Calpes</span> <span class='ocrx_word' id='word_1_372' title='bbox 1392 4427 1520 4494; x_wconf 69' lang='lat' dir='ltr'>peccem</span> <span class='ocrx_word' id='word_1_373' title='bbox 1607 4477 1608 4502; x_wconf 38' lang='grc' dir='ltr'>γ</span> 
     </span>
     <span class='ocr_line' id='line_1_40' title="bbox 332 4511 1608 4596; baseline 0.002 -24"><span class='ocrx_word' id='word_1_374' title='bbox 332 4511 464 4574; x_wconf 79' lang='lat' dir='ltr'>idolium</span> <span class='ocrx_word' id='word_1_375' title='bbox 483 4512 675 4596; x_wconf 73' lang='lat' dir='ltr'>frondosum,</span> <span class='ocrx_word' id='word_1_376' title='bbox 701 4519 793 4575; x_wconf 86' lang='lat' dir='ltr'>nemo</span> <span class='ocrx_word' id='word_1_377' title='bbox 817 4524 866 4576; x_wconf 91' lang='lat' dir='ltr'>est</span> <span class='ocrx_word' id='word_1_378' title='bbox 888 4515 965 4595; x_wconf 90' lang='lat' dir='ltr'>quin</span> <span class='ocrx_word' id='word_1_379' title='bbox 989 4515 1158 4577; x_wconf 88' lang='lat' dir='ltr'>Theocritli</span> <span class='ocrx_word' id='word_1_380' title='bbox 1190 4514 1274 4576; x_wconf 92' lang='lat' dir='ltr'>illius</span> <span class='ocrx_word' id='word_1_381' title='bbox 1297 4515 1444 4578; x_wconf 79' lang='lat' dir='ltr'>versiculi</span> <span class='ocrx_word' id='word_1_382' title='bbox 1467 4532 1518 4574; x_wconf 86' lang='lat' dir='ltr'>re·</span> <span class='ocrx_word' id='word_1_383' title='bbox 1607 4551 1608 4594; x_wconf 61' lang='grc' dir='ltr'>γ</span> 
     </span>
    </p>
   </div>
   <div class='ocr_carea' id='block_1_5' title="bbox 0 0 1638 5108">
    <p class='ocr_par' dir='ltr' id='par_1_5' title="bbox 0 0 1638 5108">
     <span class='ocr_line' id='line_1_41' title="bbox 0 0 1638 5108; baseline 0 1"><span class='ocrx_word' id='word_1_384' title='bbox 0 0 1638 5108; x_wconf 95' lang='lat' dir='ltr'> </span> 
     </span>
    </p>
   </div>
  </div>
 </body>
</html>
