3204 5104
350 369 423 441 384
646 388 733 448 trous
756 406 920 452 nrcrronrrr
942 407 1120 451 ιιιτιιιιιιι
1141 389 1235 449 tues.

349 574 521 636 clamitante
543 582 689 636 steterunt
710 577 819 640 milites
834 579 968 661 vestiatis
980 579 1073 658 fluis,
1096 577 1244 659 propredi
1263 577 1350 638 ιιῑιτα
1371 595 1429 636 non
1448 577 1516 638 mni.

350 677 466 738 Valesii
489 686 537 738 est
560 677 662 740 actuo
685 679 752 742 licet
774 681 835 742 levi
855 681 1038 742 tendentium
1060 681 1170 742 sonitu.
1217 678 1303 760 quod
1319 699 1360 741 ex
1375 677 1519 740 codicibus

348 779 527 842 Florentino
562 791 593 842 et
626 778 807 844 Golbertino
841 781 985 845 adfertur
1017 783 1120 846 audito
1154 784 1221 846 licet
1251 782 1519 864 rmoetemmeutrbm

309 883 451 945 trsonr‘tu
473 883 559 945 idem
582 893 630 946 esl
653 884 685 945 in
708 886 867 948 Vaticano.
914 887 1088 948 Romanurn
1110 886 1275 967 exemplar
1303 873 1408 948 nabat*
1430 883 1519 945 audito

348 987 415 1049 licet
443 1006 516 1048 reue
661 987 795 1050 dentium
824 989 935 1052 sonitu.
989 990 1107 1070 Regius
1137 989 1238 1051 codex
1271 988 1390 1052 babere
1417 987 1519 1050 dieitur

348 1089 450 1152 credito
473 1091 540 1153 licet
559 1093 774 1152 revertentium
788 1093 888 1153 sonitu
903 1100 934 1154 et
951 1092 982 1152 in
999 1093 1142 1173 margine
1156 1091 1354 1172 adscriptum
1369 1091 1515 1153 mentum.

348 1191 432 1273 quod
455 1193 625 1256 Tolosanus
653 1195 747 1255 etiarn
778 1193 877 1255 codex
905 1193 1025 1256 habere
1054 1205 1212 1257 narratur.
1266 1194 1419 1257 Castellus
1446 1193 1517 1254 fatue

347 1295 450 1358 audax
473 1298 600 1377 scripsit
622 1297 725 1360 andito
748 1297 889 1359 limarum
912 1299 1064 1361 utentium
1086 1300 1203 1374 sonitu,
1229 1297 1315 1378 quod
1331 1297 1517 1378 quantumvis

347 1397 521 1461 absurdum
559 1401 691 1462 retinuit
722 1397 904 1462 Aeaursius
965 1411 1072 1464 contra
1109 1400 1262 1464 Gelenius
1297 1403 1411 1462 omisso
1444 1396 1516 1479 quod

347 1501 518 1564 emendare
541 1501 732 1582 desperabat
755 1504 883 1584 scripsit
905 1503 1008 1566 auena
1030 1505 1183 1566 ruentium
1201 1506 1313 1567 sonitu.
1361 1501 1416 1565 sed
1437 1521 1516 1564 ruere

347 1607 454 1687 inepte
478 1604 629 1667 dicuntur
651 1606 729 1668 Galli
753 1625 832 1687 quos
854 1616 947 1669 antea
970 1607 1073 1686 ipsum
1088 1607 1235 1687 spiritum
1251 1608 1440 1688 repressisse
1453 1603 1517 1665 bm-

346 1709 471 1771 mianus
500 1710 652 1770 narravit.
704 1710 957 1790 antiquissimam
986 1708 1094 1770 mendi
1124 1709 1252 1771 formam
1287 1708 1421 1790 praebet
1451 1706 1515 1768 illud

345 1811 641 1893 reuelempdentium.
688 1811 853 1893 probabile
883 1822 930 1875 est
952 1813 1069 1876 Valesii
1096 1814 1171 1889 levi,
1204 1810 1406 1894 inprobabile
1427 1829 1515 1890 neque

345 1916 421 1976 satis
443 1924 551 1995 aptum
574 1913 766 1977 tendentium.
809 1916 937 1997 scripsit
953 1913 1085 1978 tortasse
1099 1914 1285 1979 Ammianus
1300 1933 1406 1978 verum
1427 1913 1513 1976 arrdr'to

345 2017 413 2080 licet
434 2035 499 2078 ιιιι
523 2036 703 2078 meorumue
726 2021 836 2080 sonim

430 2120 549 2182 Eodem
573 2119 654 2181 libro
676 2139 725 2182 ιιιι
748 2123 781 2182 ll
812 2123 825 2182 l
854 2122 1044 2202 Limigantes
1066 2124 1228 2184 Sarmatae
1251 2123 1284 2184 in
1307 2123 1368 2184 alia
1390 2123 1450 2184 loca
1470 2139 1512 2180 re-

344 2225 420 2285 moti
443 2243 513 2286 esse
543 2223 711 2304 dicuntur,
743 2244 798 2302 ne,
830 2232 865 2286 ut
892 2232 965 2288 sunt
991 2223 1174 2300 natabiles,
1206 2225 1325 2306 aliquid
1352 2225 1511 2286 molirentur·

344 2328 509 2389 inimicum.
562 2325 698 2408 probum
728 2337 777 2389 est
803 2347 864 2409 per
892 2347 927 2388 se
956 2327 1016 2389 boc
1043 2329 1214 2404 inimicum,
1246 2327 1304 2392 sed
1333 2328 1395 2389 sola
1416 2327 1511 2388 nititur

343 2430 542 2509 coniectura,
567 2429 607 2492 de
624 2449 686 2511 qua
702 2429 842 2493 dubitari
857 2439 971 2511 potest.
1018 2431 1123 2492 omisit
1141 2431 1222 2492 banc
1236 2449 1347 2494 vocem
1362 2430 1506 2492 Gelenius:

343 2533 463 2595 scilieet
493 2532 701 2614 depravatum
730 2533 853 2613 aliquid
882 2535 1058 2596 invenerat.
1112 2535 1267 2615 scriptum
1300 2543 1350 2596 est
1381 2533 1457 2595 enim
1482 2531 1506 2590 iu
1589 2569 1590 2610 3

345 2637 519 2716 exemplari
542 2637 679 2698 Romano
706 2638 738 2698 in
760 2655 846 2713 eum,
879 2637 911 2698 iu
934 2635 1115 2698 Golbertiuo
1143 2636 1224 2698 libro
1253 2647 1285 2698 et
1314 2636 1356 2698 ab
1380 2634 1508 2698 onursio

344 2741 375 2800 in
398 2757 483 2816 cum,
508 2741 541 2800 in
564 2740 744 2802 Florentino
766 2741 881 2818 imaum,
914 2741 947 2800 in
970 2740 1065 2819 Regio
1089 2741 1192 2818 ιἰιοοιι,
1224 2739 1366 2820 denique
1388 2739 1417 2800 iu
1437 2737 1507 2798 Vati·

343 2860 421 2903 cauo
449 2844 538 2904 moin
566 2844 607 2905 ita
636 2851 671 2906 ut
700 2861 721 2903 n
747 2845 907 2923 posterius
928 2843 1043 2905 lineola
1065 2842 1251 2904 transfixum
1275 2861 1347 2904 esse
1368 2840 1502 2902 videatur.

342 2945 463 3007 Valesio
478 2945 575 3007 scribi
591 2965 683 3027 posse
699 2945 869 3008 videbatur
883 2945 1110 3008 incommodum.
1149 2963 1186 3006 eo
1199 2955 1342 3026 praestat
1357 2945 1504 3006 inimicum.¹

341 3048 399 3111 sed
430 3031 538 3111 meridi
567 3049 690 3129 speeies
718 3047 854 3111 suadere
885 3047 1013 3110 videtur
1041 3058 1077 3111 ut
1104 3046 1281 3110 scribamus
1308 3066 1360 3125 ne,
1393 3054 1426 3107 ut
1450 3049 1505 3106 sunt

341 3151 524 3228 versabiles,
550 3152 666 3233 aliquid
687 3152 867 3214 molirentur
889 3169 1002 3214 ruram.

427 3253 519 3316 Libro
541 3273 577 3315 xx
602 3255 635 3314 ll
657 3255 692 3314 3l
721 3253 872 3316 scribitur
893 3252 941 3315 luis
963 3273 1000 3316 ac
1022 3253 1133 3316 talibus
1155 3255 1322 3335 imperator
1343 3255 1420 3316 inter
1438 3267 1504 3332 spen

340 3365 507 3439 mentuque
522 3355 711 3432 iactabatur,
736 3358 962 3439 inpravescenle
976 3356 1081 3420 biemis
1096 3356 1304 3440 maqnimdine
1326 3356 1504 3438 auspicamur

335 3479 395 3541 per
416 3462 502 3522 avios
524 3467 641 3522 tractem
664 3459 803 3534 insidiis,·
834 3460 914 3522 inter
942 3478 1019 3540 quae
1047 3462 1137 3522 eliam
1165 3460 1327 3522 tammum
1349 3455 1505 3540 emosperol‘

338 3564 443 3626 militis
465 3561 639 3625 verebatur.
686 3571 843 3643 postrema
867 3563 1042 3626 rectissime
1065 3562 1215 3625 Gelenius
1241 3564 1288 3624 sia
1310 3562 1462 3625 constituit
1478 3565 1505 3618 ut

339 3667 499 3728 tumultum
521 3665 694 3744 scriberet,
728 3666 796 3727 sive
825 3664 858 3727 id
887 3667 920 3727 in
943 3665 1050 3727 codice
1073 3664 1288 3728 Hersieldensi
1313 3666 1432 3728 invenit
1450 3662 1503 3724 sire

339 3771 407 3850 ipse
429 3788 538 3831 vocem
560 3788 624 3830 uon
648 3768 802 3848 integram
826 3767 995 3849 conplevit.
1041 3767 1161 3849 quippe
1184 3769 1214 3830 iu
1239 3768 1388 3831 Vaticano
1408 3767 1504 3846 legitur

338 3873 516 3952 internatae
537 3874 627 3934 etiam
655 3881 686 3933 et
715 3880 785 3951 post
806 3881 874 3933 octo
895 3872 963 3933 lere
985 3867 1178 3952 syllabarum
1201 3871 1339 3951 spatium
1362 3879 1421 3934 tum
1440 3885 1503 3930 un-

337 3977 455 4056 sperati
475 3975 583 4037 milites
605 3972 772 4036 lambatur:
801 3973 925 4036 foedam
949 3973 1091 4054 Castelli,
1124 3984 1159 4037 ut
1181 3972 1326 4052 videtur,
1353 3971 1502 4052 interpola·

336 4079 453 4142 tionem
476 4077 567 4140 dedit
587 4075 773 4156 Acoursius,
799 4078 878 4139 inter
900 4094 976 4158 quoe
998 4079 1060 4152 eris
1083 4079 1186 4158 inopr'a
1206 4079 1395 4158 exasperari
1414 4075 1501 4138 mlier

336 4179 511 4244 umebalur.
550 4181 661 4261 spatiis
682 4190 787 4242 autem
802 4199 886 4260 quae
901 4181 934 4242 iu
950 4181 1096 4242 Vatioauo
1112 4179 1193 4242 libro
1208 4197 1308 4242 vacua
1324 4189 1397 4242 sunt
1413 4193 1500 4256 neque

336 4285 524 4346 amissarum
551 4284 729 4345 litterarum
752 4301 905 4345 uumerus
927 4281 1078 4344 adcurate
1100 4281 1252 4345 definitur
1273 4301 1379 4363 neque
1400 4279 1498 4357 ubique

337 4387 423 4448 loeus
444 4386 501 4449 ubi
524 4384 646 4466 aliquid
668 4383 787 4447 excidit
809 4395 894 4448 reete
909 4385 1116 4464 significatur.
1162 4394 1254 4447 autea
1270 4383 1496 4461 Lindenbrogius

336 4509 376 4552 ex
398 4488 505 4551 oodioe
520 4489 625 4552 attulit
647 4507 740 4570 super
755 4506 804 4552 eos
819 4506 896 4570 quae
916 4507 972 4569 per
986 4490 1095 4552 octena
1110 4495 1257 4566 saeuus,
1283 4489 1316 4550 iu
1330 4485 1495 4551 naaman
