3204 5104
387 348 476 409 lunen
500 365 666 410 nortem
689 365 872 414 armatur!
889 350 983 412 teor.
1205 337 1282 410 359

98 555 248 620 nemeaea
269 537 397 616 demere,
430 543 492 600 tum
515 535 556 598 od
579 537 737 601 masinile
765 540 901 615 venium,
935 559 978 603 ero
1004 559 1061 623 que
1089 542 1162 606 laec
1184 545 1280 606 omnis

99 649 139 703 est
159 649 233 703 uoto
254 644 368 722 oratio,
400 641 606 722 proferuntur
628 659 645 702 a
668 641 784 714 Quinto
813 661 895 723 qnae
918 644 950 705 in
974 647 1100 726 optimis
1123 645 1215 708 libris
1237 647 1279 708 lta

98 746 210 825 scripta
232 754 323 824 sunt,
349 751 382 807 tu
404 761 475 805 vero
493 761 654 825 papauere
675 745 798 808 seilicet.
845 763 887 808 ecc
908 747 955 809 liis
978 747 1057 810 euim
1079 767 1156 830 quae
1171 749 1283 812 dimisti

97 849 180 910 utute
208 848 329 910 ouemr
357 847 431 908 mili
457 847 577 927 quidem
605 855 684 910 certe
712 865 755 910 see
776 857 892 912 notare
913 859 1013 912 ortum
1035 869 1101 915 esse
1122 855 1181 916 ios.
1229 853 1280 914 in-

98 952 198 1032 tellegi
221 951 300 1013 haeo
321 969 384 1012 non
406 959 549 1031 possunt.
596 949 715 1014 habent
737 961 841 1016 autem
864 956 951 1016 attt'ee
973 954 1047 1016 libri
1063 955 1223 1035 Vossiani,
1249 967 1281 1018 et

95 1055 173 1116 altor
194 1053 326 1136 quidem
349 1063 383 1114 et
403 1053 514 1114 melior
535 1053 576 1114 ab
600 1053 667 1134 ipsa
689 1056 792 1135 prima
815 1075 927 1136 manu,
952 1059 1034 1120 alter
1054 1057 1095 1120 ab
1117 1059 1176 1120 alia
1200 1061 1280 1120 sori-

97 1167 197 1238 ptum,
234 1175 307 1219 nam
336 1159 439 1239 prima
466 1157 639 1238 scripserat
665 1159 771 1235 attico,
807 1159 893 1241 quod
922 1161 1016 1223 etiam
1046 1161 1079 1223 in
1110 1163 1279 1224 lleinsiano

95 1260 174 1323 libro
196 1261 324 1342 legitur.
371 1279 412 1322 ex
435 1278 498 1342 quo
519 1259 652 1341 adparet
674 1261 771 1324 luisse
794 1263 868 1324 olim
891 1265 946 1344 qui
964 1265 1107 1345 ineptum
1130 1265 1208 1327 illud
1231 1273 1279 1328 or-

95 1365 147 1426 tiee
169 1365 212 1426 ita
235 1363 458 1445 eorrigendum
482 1373 631 1445 putarent
652 1375 688 1426 ut
710 1367 941 1446 ooniungerent
956 1383 1033 1448 quoe
1047 1367 1158 1430 dimisti
1171 1366 1276 1431 Attico.

95 1469 180 1548 atqui
204 1468 284 1529 nihil
299 1470 420 1530 llarous
443 1467 499 1528 soli
515 1465 616 1529 Attieo
637 1466 729 1529 dixit.
770 1487 844 1549 ergo
859 1480 991 1550 peccant
1006 1471 1060 1550 qui
1084 1471 1280 1533 oonieeturas

97 1589 133 1632 en
159 1589 196 1633 ea
226 1569 319 1632 verbi
348 1571 447 1632 torma
475 1569 675 1652 suspendunt
704 1589 785 1654 quae
815 1573 892 1652 quin
921 1562 1148 1636 aeonieotura'
1178 1587 1303 1657 eaqust

97 1675 172 1736 mala
197 1674 334 1756 proiecta
361 1674 402 1735 sit
429 1683 461 1734 et
483 1673 550 1753 ipsa
573 1691 635 1736 non
658 1684 762 1754 potest
782 1673 934 1737 dubitari.
983 1678 1089 1757 itaque
1113 1675 1209 1740 lalsus
1231 1687 1278 1740 est

95 1779 225 1841 Vrsinus
248 1797 319 1840 eum
341 1778 466 1858 putavit
488 1774 694 1840 scribendum
717 1795 786 1840 esse
815 1795 858 1840 ew
886 1778 934 1840 liis
956 1779 1033 1840 enim
1056 1798 1134 1862 quoe
1156 1781 1276 1856 dimitti,

94 1884 152 1944 nr'si
172 1881 247 1963 quid
269 1877 363 1944 Attico
385 1879 523 1956 uidetur,
554 1880 628 1942 milri
652 1880 771 1961 quedem
793 1888 872 1943 certe
893 1899 936 1944 em
958 1890 1072 1945 aeterra
1094 1891 1192 1945 ortum
1214 1901 1279 1946 ease

93 1987 148 2047 ias.
182 1983 307 2046 eooedit
320 1982 406 2063 quod
421 1983 573 2064 perplexa
590 1992 638 2044 est
654 1983 711 2046 ista
728 1985 841 2064 oratio,
867 1986 993 2066 qualern
1010 2003 1104 2066 aegre
1123 1985 1279 2049 terremus

94 2087 255 2167 traditam,
282 2088 342 2168 ipsi
359 2087 540 2166 eontingere
556 2087 641 2148 nullo
657 2095 747 2168 pacto
770 2087 936 2150 debemus.
983 2089 1129 2152 nolumus
1145 2107 1181 2152 ee
1204 2110 1279 2171 per-

93 2209 224 2254 censere
255 2209 338 2272 quae
366 2198 475 2270 postea
503 2187 544 2250 ab
572 2189 643 2251 aliis
670 2191 792 2271 prolata
821 2200 913 2253 sunt:
946 2209 1079 2272 quorum
1110 2209 1173 2254 nen
1200 2194 1279 2256 nulli

93 2295 195 2356 Vrsini
226 2294 359 2374 vestigia
390 2294 548 2372 persecuti
578 2303 670 2372 sunt,
702 2291 831 2374 qnidam
860 2301 948 2356 attice
977 2293 1056 2357 illud
1080 2297 1171 2358 novis
1193 2315 1279 2358 oom-

93 2501 232 2578 deleret,
258 2499 338 2562 illud
360 2509 465 2561 autern
487 2517 580 2561 nemo
597 2497 725 2562 videtur
748 2507 930 2580 reputasse,
955 2518 1033 2564 num
1056 2520 1114 2582 pro
1136 2521 1172 2563 eo
1195 2499 1279 2583 quod

93 2615 138 2666 est
161 2623 204 2666 em
226 2603 273 2665 liis
296 2602 448 2683 adparere
470 2601 545 2664 melu
566 2601 686 2665 videtur
708 2601 770 2666 diei
788 2621 812 2664 a
835 2603 987 2666 Cicerone
1010 2603 1149 2684 potuerit
1170 2606 1280 2668 emitis

94 2707 212 2770 uidetur
234 2705 326 2781 milti;
357 2703 443 2786 quod
465 2721 536 2768 oum
560 2713 644 2767 reoto
668 2714 699 2767 et
720 2707 852 2787 antiquo
874 2719 1036 2785 sermone,
1067 2705 1185 2770 nedum
1209 2727 1280 2770 curn

93 2811 249 2888 Tulliano,
281 2827 339 2871 nos
361 2807 491 2888 quidem
514 2818 662 2889 putamus
684 2808 814 2871 minime
837 2827 1024 2890 congruere.
1072 2811 1177 2890 itaque
1201 2810 1280 2873 illud

92 2915 179 2976 ottus
201 2915 245 2975 ita
268 2911 491 2992 corrigendum
514 2921 619 2974 estut
640 2927 703 2972 non
734 2910 828 2974 modo
849 2914 994 2994 ineptum
1016 2911 1204 2976 vocabulum
1228 2915 1281 2976 liat

91 3027 216 3098 agotum,
249 3014 307 3078 sed
336 3015 464 3076 omnino
492 3025 527 3077 ut
558 3015 639 3076 iusta
661 3023 694 3076 et
716 3017 869 3077 eoneinna
892 3017 1042 3078 orationis
1064 3017 1163 3078 iorma
1186 3018 1280 3079 resti-

93 3130 210 3184 tuatur.
258 3119 437 3182 restituitur
458 3128 562 3180 autern
585 3119 611 3180 si
635 3117 804 3180 scribimus
826 3126 858 3180 tu
880 3135 953 3181 vero
971 3137 1131 3201 perpauca
1156 3119 1277 3182 seilicet.

92 3241 132 3286 ero
161 3223 210 3286 leis
239 3224 319 3284 enim
347 3239 424 3303 quae
452 3221 564 3284 dimisti
583 3237 675 3282 norror
698 3221 836 3301 videtur,
868 3221 943 3284 milli
970 3223 1088 3304 quedem
1110 3231 1206 3302 certe,
1238 3241 1281 3284 ece

92 3335 208 3388 autore
235 3331 336 3388 ortena
364 3341 429 3385 esse
452 3325 510 3386 itte.
558 3343 619 3386 non
643 3326 759 3386 mirum
782 3334 831 3386 est
851 3325 1019 3388 librarium
1042 3324 1083 3388 ad
1104 3325 1199 3388 Attioi
1222 3345 1281 3388 no—

92 3451 182 3510 men,
208 3427 295 3510 quod
315 3429 507 3508 aliquotiens
527 3427 717 3507 scripserat,
742 3446 759 3488 a
782 3427 941 3491 similibus
963 3429 1078 3490 litteris
1100 3428 1277 3492 aberrasse.

91 3533 175 3614 quod
198 3542 305 3596 autem
327 3529 540 3594 adfirmationi
563 3539 598 3594 ut
620 3529 790 3592 modestior
813 3529 866 3592 liat
895 3531 1031 3594 adicitur
1059 3533 1133 3594 milti
1162 3533 1281 3614 quidem
1306 3598 1308 3606 ,

91 3645 178 3714 certe,
205 3635 353 3698 similiter
369 3635 477 3697 Cicero
493 3634 621 3714 saepius
635 3633 757 3696 loeutus
773 3643 831 3695 est.
872 3634 905 3694 in
923 3634 1040 3696 Catone
1062 3633 1081 3718 §
1097 3637 1115 3696 6
1138 3637 1279 3717 quonium

91 3757 269 3822 speramus,
295 3739 434 3800 sommus
456 3737 575 3818 quidem
597 3744 691 3815 certe,
718 3755 805 3800 senes
823 3738 902 3818 fieri.
950 3737 990 3799 de
1012 3736 1125 3800 eilieiis
1146 3755 1156 3800 ι
1180 3736 1197 3822 §
1219 3740 1279 3800 t38

91 3846 233 3924 quoniam
254 3844 356 3904 emota
375 3842 605 3922 persequenter,
631 3840 769 3902 volumus
792 3840 911 3922 quidem
933 3849 1023 3904 certe.
1062 3839 1101 3902 ed
1117 3839 1254 3904 Atticum
1272 3863 1281 3903 ι

93 3947 104 4006 t
127 3949 144 4009 l
168 3964 258 4027 spero
282 3944 336 4007 tibi
356 3963 402 4006 ree
416 3962 542 4007 emtam
554 3943 717 4026 probasse,
742 3945 828 4024 rapio
843 3944 963 4025 quidem
977 3953 1067 4007 oerle.
1107 3953 1172 4008 tum
1196 3945 1281 4026 quod

92 4050 246 4126 Quintus,
278 4067 320 4110 ne
341 4045 438 4110 Attici
460 4050 651 4111 sententiam
673 4065 827 4127 oeoupare
849 4045 1012 4125 videatur,
1046 4046 1196 4109 modestis
1219 4048 1281 4110 illis

93 4153 193 4216 utitur
212 4150 338 4228 verbis,
363 4149 438 4214 milti
458 4151 577 4232 quidem
600 4157 696 4229 certe,
721 4152 798 4212 satis
820 4159 868 4212 est
890 4168 995 4231 neque
1018 4151 1190 4232 quiequam
1212 4169 1281 4212 am-

90 4257 175 4335 plius
204 4255 381 4336 requiritur
409 4263 445 4316 ut
475 4253 676 4334 intellegatur
699 4253 784 4334 quod
807 4272 879 4316 inex
900 4250 1023 4316 Atticus
1045 4252 1122 4316 dicit
1144 4273 1186 4314 aa
1209 4254 1283 4316 milti

93 4358 182 4422 aliter
210 4358 312 4421 videri
335 4358 455 4439 possit?
499 4357 618 4420 lallitur
640 4357 725 4418 enim
748 4357 799 4418 oui
823 4376 862 4418 ex
886 4359 944 4418 hoe
967 4375 1134 4438 responso,
1166 4366 1201 4419 ut
1222 4359 1279 4435 ait,

93 4461 201 4524 conlisi
236 4461 367 4525 videtur
398 4461 534 4524 similem
569 4469 662 4522 antee
696 4460 848 4542 postulari
880 4461 1071 4522 sententiam
1106 4461 1150 4522 illi
1185 4477 1281 4542 quam
