3268 5108
322 354 370 428 38
622 371 711 432 lrruux
734 389 900 434 merrom!
923 389 1103 433 oneramur!
1128 370 1221 431 4854.

321 580 384 624 nou
408 579 593 642 possumus:
621 579 725 642 neque
750 569 854 622 lauien
878 559 1062 622 refutandas
1086 579 1139 622 eas
1161 579 1230 622 esse
1254 559 1419 636 ducimus,
1446 577 1517 620 cum

321 673 353 726 el
376 664 554 744 simplicem
570 665 738 726 veritatem
763 665 892 727 molesta
916 663 1129 744 disputatione
1151 683 1215 726 non
1239 681 1335 744 egere
1358 670 1390 723 et
1413 663 1519 742 ipsum

321 767 482 830 hominem
498 766 713 830 doctissimum
729 769 821 838 aliter
836 766 929 829 hodie
951 776 1047 847 alque
1062 768 1134 828 olim
1152 767 1227 828 lecit
1243 765 1383 829 iudicare
1406 765 1522 826 existi-
1623 831 1624 846 .

322 891 455 933 memus.
503 891 539 932 ae
567 873 707 953 primum
738 869 868 950 quidem
898 871 1045 932 tellurem
1075 873 1142 932 totis
1172 871 1258 932 cavis
1286 870 1436 932 rimosam
1458 867 1523 930 diei

323 994 414 1056 posse
438 994 608 1054 negamus:
640 983 763 1055 poterat
793 973 856 1036 dici
888 983 951 1036 lota
975 975 1088 1036 rimosa
1118 976 1220 1053 cavis,
1254 972 1310 1036 sed
1334 991 1448 1035 verum
1473 983 1523 1034 esi
1624 989 1625 1000 ¹

322 1077 408 1158 quod
431 1097 471 1140 ex
489 1077 742 1158 Cantabrigiensi
766 1077 872 1140 codice
891 1077 1115 1158 depromptum
1131 1079 1278 1142 Davisius
1300 1078 1333 1138 iu
1357 1095 1523 1138 commen·
1625 1129 1626 1133 ,

322 1183 402 1244 lario
424 1181 465 1243 ad
489 1181 651 1244 Ciceronis
673 1181 713 1244 de
737 1192 850 1244 natura
873 1181 1006 1244 deorum
1030 1180 1148 1244 librum
1172 1200 1193 1242 u
1219 1182 1258 1242 ls
1282 1179 1441 1262 probavit,
1469 1181 1525 1242 sed
1626 1193 1627 1212 ³

323 1304 428 1348 rosus
452 1287 567 1348 rimosa
588 1287 684 1348 eoois.
732 1286 839 1366 itaque
870 1286 916 1348 uli
945 1294 1067 1366 poterat
1097 1285 1156 1346 hoc
1184 1303 1279 1346 versu
1303 1283 1526 1346 Lachmannus

323 1409 394 1451 eum
424 1388 608 1470 disputabat
637 1388 678 1450 de
708 1390 844 1450 lucretii
875 1407 921 1450 mr
945 1389 1019 1450 545.
1066 1387 1184 1450 deinde
1213 1406 1310 1450 exrurr
1339 1388 1524 1450 coniectura

324 1494 490 1554 inventum
513 1511 583 1555 esse
600 1492 740 1570 videtur,
766 1490 823 1554 sed
842 1493 1025 1554 verissima:
1052 1499 1144 1554 exeat
1166 1489 1285 1553 habent
1307 1490 1391 1554 libor
1407 1491 1526 1552 Canta-
1629 1541 1630 1552 ,

285 1594 497 1676 robrigieusis
521 1583 559 1656 el¹
583 1596 656 1656 olim
680 1595 835 1676 inpressi,
864 1595 987 1678 ecoiil‚*)
1016 1593 1101 1676 quod
1125 1595 1256 1676 propius
1277 1613 1296 1666 a
1319 1613 1395 1656 vero
1418 1593 1524 1670 abest,

325 1699 586 1762 llelmstadiensis
602 1708 632 1760 et
649 1697 900 1778 Rehdigeranus.
941 1700 973 1778 ip
997 1699 1141 1779 proximo
1165 1717 1261 1760 versu
1283 1699 1357 1760 olim
1382 1699 1524 1780 inpressi
1554 1727 1557 1734 Α

326 1803 441 1885 parlim
464 1801 583 1864 hebent
605 1809 740 1864 vacuabo
761 1801 917 1882 corymbo,
951 1803 1066 1882 parlim
1089 1809 1220 1864 varsula
1242 1802 1417 1882 corymbos,
1442 1821 1527 1883 quo-

326 1926 396 1968 rum
420 1905 499 1968 illud
523 1904 664 1984 intellegi
688 1906 817 1986 nequit,
843 1906 901 1967 hoo
925 1904 1001 1967 lorri
1025 1905 1158 1968 fortasse
1181 1915 1287 1986 posses
1309 1906 1370 1968 uisi
1394 1906 1528 1968 lemini-

325 2029 402 2074 num
425 2007 565 2089 corymbi
590 2027 692 2087 genus
707 2008 853 2073 vitiosum
877 2020 961 2070 esser
984 2018 1015 2072 et
1035 2026 1168 2089 prorsus
1191 2007 1402 2072 intolerabile.
1440 2028 1527 2090 quae

325 2133 396 2174 cum
420 2114 462 2174 ila
486 2120 603 2190 essent,
630 2112 764 2174 multum
787 2113 820 2174 in
845 2113 902 2174 hoc
917 2131 1014 2174 versu
1036 2111 1235 2174 emendando
1258 2111 1435 2174 laboratum
1459 2125 1524 2192 esl,

327 2237 437 2279 verum
472 2234 578 2296 neque
609 2213 784 2296 probabilis
813 2215 994 2278 coniectura
1025 2214 1105 2276 lact-a
1136 2197 1190 2276 esl
1214 2233 1319 2295 neque
1350 2217 1527 2297 quicquam

325 2319 521 2384 adiuvabant
543 2316 685 2380 codices:
713 2319 745 2381 in
769 2318 861 2380 libris
883 2319 968 2380 enim
985 2318 1229 2382 llelmslodiensi
1253 2329 1285 2380 el
1299 2318 1529 2400 Rehdigerano

327 2424 405 2486 haec
427 2422 489 2485 duo
513 2421 611 2484 verba
634 2430 767 2484 vacuabo
794 2421 947 2504 coryrnbos
970 2423 1085 2484 omissa
1113 2433 1198 2485 sunt.
1246 2441 1332 2486 nunc
1354 2433 1529 2505 postquam

328 2525 599 2606 Cantabrigiensis
632 2525 749 2588 codicis
782 2525 1002 2588 adiumentum
1038 2525 1287 2606 adquisivimus,
1324 2527 1530 2608 exploratum

328 2629 420 2692 nobis
443 2640 492 2690 est
513 2627 654 2709 corymbi
679 2628 866 2692 vocabulum
894 2628 934 2690 ab
964 2629 1048 2692 ltalis
1071 2627 1247 2710 proiectum
1271 2649 1359 2692 esse:
1392 2649 1468 2692 uam
1496 2634 1530 2695 in

329 2734 379 2794 illo
402 2730 484 2792 libro
506 2732 559 2792 hic
581 2750 695 2794 vorsus
718 2733 759 2794 ita
782 2733 920 2813 scriptus
942 2742 1006 2810 est,
1043 2735 1075 2794 Vl
1097 2732 1222 2796 crebrer
1249 2734 1404 2796 introrsus
1426 2739 1532 2816 spallo

328 2844 417 2898 vocal
440 2842 508 2897 acta
530 2834 696 2898 charibdis.
744 2835 921 2900 scribemus
942 2837 1039 2917 igitur
1067 2839 1100 2899 Vr
1121 2835 1226 2898 crebro
1250 2837 1403 2900 r'olrorsus
1425 2841 1531 2919 spolio
1629 2915 1630 2918 Ἴ

328 2959 457 3000 siurim
485 2958 646 3000 enisurum
677 2939 807 3001 Pecdecl
835 2942 867 3000 ic
894 2958 970 3002 sese.
1016 2932 1163 3024 χάρυβδιν
1194 2939 1235 3002 de
1264 2941 1350 3002 omni
1374 2944 1530 3022 voragine

329 3042 445 3106 dietam
476 3041 650 3104 Lobeclsius
679 3043 784 3123 teligit
813 3043 845 3104 iu
875 3043 1106 3123 prolegomenis
1140 3043 1336 3124 pnlhologiee
1368 3046 1531 3108 sermonis
1629 3029 1630 3036 ἵ

329 3148 440 3208 Graeci
465 3167 497 3226 p.
517 3146 577 3207 290
603 3155 635 3208 el
659 3147 690 3207 in
714 3144 870 3231 ῥηματικῷ
893 3167 924 3227 p.
943 3147 1018 3208 303.
1065 3165 1128 3209 uon
1152 3147 1257 3210 miuus
1278 3156 1386 3210 aulem
1406 3145 1531 3230 depra-
1629 3215 1630 3224 χ

331 3259 401 3312 vala
424 3260 499 3312 sunl
516 3267 597 3330 quae
621 3259 784 3312 secuntur.
831 3269 905 3312 nam
927 3260 1020 3312 natae
1043 3251 1168 3312 telluris
1191 3250 1295 3329 faciei,
1322 3251 1343 3312 i.
1363 3272 1391 3314 e.
1410 3253 1440 3313 ei
1462 3253 1532 3314 lor·
1629 3231 1630 3240 ἵ

331 3373 399 3414 mae
416 3372 510 3432 quam
533 3350 574 3414 nb
597 3352 720 3433 origiue
737 3352 848 3416 muudi
872 3352 1022 3416 habuisse
1039 3353 1170 3418 loriasse
1187 3353 1344 3433 videatur,
1371 3355 1532 3435 quomodo

330 3454 458 3519 tandem
481 3475 578 3518 occsa
599 3463 719 3518 vetusto
740 3457 857 3537 opponi
880 3459 1005 3536 polest?
1041 3468 1095 3520 aul
1111 3457 1266 3539 quomodo
1289 3460 1418 3539 spiritus
1442 3460 1533 3522 intre

331 3561 476 3642 effugiens
498 3558 586 3620 dici?
630 3578 693 3640 quo
723 3560 830 3621 minus
859 3563 945 3622 enim
974 3562 1058 3622 inira
1087 3560 1128 3622 ab
1159 3561 1218 3624 hoc
1240 3562 1409 3642 participio
1432 3581 1533 3644 sepa-

331 3682 439 3725 remus
470 3663 537 3743 ipsa
565 3663 716 3724 orationis
745 3661 844 3726 iorma
875 3662 1021 3744 inpedire
1051 3663 1189 3728 videtur.
1238 3665 1332 3726 immo
1363 3667 1406 3728 ila
1435 3679 1532 3748 pocla

271 3775 273 3782 ⁴
331 3769 519 3847 scripserat,
552 3768 617 3828 sive
639 3767 686 3829 illi
707 3786 803 3829 consa
825 3785 966 3830 vervsrss
994 3769 1055 3830 Ner
1075 3776 1151 3830 notu
1174 3775 1218 3830 est
1236 3767 1350 3850 socies,
1375 3769 1430 3831 sed
1452 3770 1533 3833 liber

331 3871 460 3952 spiritus
490 3888 583 3931 virm
612 3869 767 3952 Effugieos
796 3871 920 3934 molini·
948 3873 1020 3948 iter,
1057 3873 1078 3931 i.
1104 3891 1133 3934 e.
1158 3872 1226 3933 sive
1259 3873 1345 3952 longi
1375 3877 1533 3954 temporis

332 3973 487 4036 decursus
510 3971 585 4034 feeit
607 3981 642 4036 ul
664 3973 760 4036 lellus
784 3974 865 4036 hanc
881 3973 1013 4036 formam
1035 3975 1206 4056 acciperet.
1253 3974 1339 4056 quod
1361 3977 1448 4038 oltra
1471 3999 1532 4060 po-

332 4078 471 4153 suimus,
505 4076 653 4138 similiter
681 4085 774 4158 poeta
801 4077 925 4140 locutus
954 4087 1002 4140 est
1031 4097 1062 4139 v.
1084 4079 1162 4154 ll0,
1197 4079 1304 4141 Cernis
1334 4086 1362 4142 el
1384 4081 1417 4142 irs
1439 4083 1531 4146 sllm‘s

332 4182 468 4263 spetiosa
490 4179 603 4241 cubilia
625 4187 707 4240 reiro
735 4177 891 4262 Antraque
920 4181 1066 4243 densersr's
1092 4183 1215 4262 penitus
1237 4181 1351 4245 sedisse
1380 4183 1530 4248 latebris.-

420 4506 442 4568 ι)
464 4506 561 4576 [llobol
581 4508 801 4572 Coalebripierrsr's
818 4507 893 4558 exilit
911 4521 946 4558 oc
962 4509 1065 4559 cimelio
1083 4507 1246 4575 Memoris]
