3184 5108
416 402 504 464 lrtnnx
526 420 690 464 cncrrorrvu
714 421 897 466 nicanorem
916 404 1009 464 4863.
1231 392 1303 463 237

699 662 725 723 ll

271 783 300 842 4.
341 782 438 844 Belua
467 783 644 862 nuncupari
677 792 780 863 potest
808 782 967 864 quidquid
1002 786 1034 846 in
1064 786 1159 846 terris
1188 797 1241 847 aut
1272 787 1304 847 in

207 887 331 966 gurgite
362 886 394 946 in
418 884 569 948 horrendi
593 887 732 966 corporis
763 887 866 965 ignota
896 897 927 949 et
948 887 1119 950 metuenda
1147 889 1306 970 reperitur

207 985 315 1048 lorma.
355 997 387 1050 et
409 1000 483 1052 sunt
500 988 600 1050 ierme
624 987 867 1052 innumerabilia
891 992 1084 1054 marinarum
1108 1010 1225 1072 genera
1247 991 1306 1053 be-

146 1087 163 1145 5
206 1089 340 1170 inarum,
373 1111 454 1173 quae
477 1103 538 1154 tam
562 1092 745 1156 enormibus
768 1093 952 1174 corporibus
976 1114 1159 1176 magnorum
1187 1095 1228 1158 ed
1255 1097 1305 1156 in-

204 1203 268 1254 star
304 1197 457 1259 montium
489 1207 592 1258 vastas
624 1196 781 1260 undarum
817 1199 913 1260 moles
941 1209 971 1260 et
1000 1197 1127 1260 deserta
1161 1197 1305 1261 lunditus

204 1309 415 1379 contorquent
436 1289 623 1380 pectoribus*
648 1301 755 1379 maria,
781 1301 857 1364 dum
874 1321 985 1364 cursus
1007 1301 1048 1364 ad
1066 1301 1169 1364 dulcia
1192 1303 1346 1364 lluvio-tr

204 1419 273 1462 rum
305 1403 385 1465 ireta
414 1402 557 1484 dirigunt
592 1414 623 1465 et
651 1423 813 1484 spumosos
848 1404 985 1468 natando
1019 1407 1161 1486 gurgites
1195 1424 1306 1487 magno

201 1505 393 1584 perturbant
415 1525 590 1586 murmure,
616 1518 648 1569 et
671 1508 703 1568 in
727 1509 780 1569 illo
797 1509 1045 1570 vastissimorum
1066 1510 1192 1590 agmine
1216 1529 1306 1572 mon-

124 1605 160 1666 to
203 1619 359 1688 strorum,
399 1610 523 1690 turgida
558 1610 634 1672 dum
661 1611 786 1672 caerula
817 1612 960 1690 trudunt,
992 1630 1086 1674 auras
1120 1615 1305 1676 marmoreis

202 1712 413 1775 diverberant
435 1717 556 1794 spumis
587 1724 618 1774 et
641 1715 682 1776 ita
705 1717 826 1776 enormi
850 1714 1064 1778 membrorum
1088 1717 1168 1778 mole
1191 1718 1305 1797 agitata

201 1825 295 1878 tenus
327 1818 417 1879 litore
447 1837 584 1898 aequora
614 1817 826 1880 tremebundo
856 1820 979 1899 gurgite
1009 1828 1142 1880 verrunt
1178 1829 1212 1881 ut
1242 1839 1304 1881 non

201 1930 265 1982 tam
288 1921 504 2000 spectaculum
529 1919 726 1984 intuentibus
742 1940 836 2002 quarn
860 1923 1021 1983 horrorem
1046 1921 1231 2003 praebeant.
1265 1923 1304 1984 de

201 2021 322 2103 quibus
347 2025 407 2086 iam
429 2024 488 2086 tibi
512 2024 591 2086 nibil
615 2023 819 2088 scribendum
843 2027 962 2105 putavi,
995 2024 1080 2106 quod
1103 2036 1134 2087 et
1157 2027 1304 2088 innume-

120 2125 156 2185 45
201 2125 315 2188 rabilia
338 2139 411 2190 sunt
435 2138 466 2189 et
489 2146 599 2190 eorum
614 2129 749 2209 cognitio
773 2129 863 2210 longe
885 2128 926 2190 ab
949 2129 1085 2192 humano
1108 2148 1227 2210 genere
1248 2150 1304 2191 ve-

200 2231 248 2292 lut
272 2231 442 2293 horrendis
464 2231 622 2294 undarum
645 2230 788 2294 turribus
804 2243 836 2294 et
853 2234 974 2294 marino
989 2231 1184 2312 disiungitur
1200 2252 1301 2295 muro.

199 2345 249 2397 set
274 2345 390 2410 tamen,
420 2355 460 2396 ne
485 2336 647 2397 lucernam
670 2335 761 2396 verbi
784 2337 971 2416 postulantis
993 2355 1108 2417 gurges
1131 2335 1304 2416 neglegen-

200 2441 264 2500 tiae
288 2437 463 2518 demergat‚
493 2437 533 2500 de
557 2439 606 2500 bis
629 2457 727 2519 pauca
750 2438 808 2500 tibi
831 2459 934 2502 sermo
957 2438 1123 2520 depromet
1146 2438 1250 2502 beluis
1273 2451 1305 2501 et

200 2540 411 2604 horribilibus
435 2543 611 2622 ignotarum
634 2543 742 2604 lormis
765 2541 938 2606 bestiarum
958 2563 1040 2625 quae
1065 2546 1096 2606 in
1119 2543 1304 2607 lluminibus

116 2647 153 2708 itt
198 2647 253 2707 vel
283 2648 404 2724 stagnis
439 2645 674 2726 paludibusque
704 2649 771 2708 sive
801 2649 833 2708 in
862 2645 998 2710 desertis
1027 2648 1113 2710 orbis
1147 2659 1303 2710 terrarum

198 2748 333 2812 latebris
355 2750 451 2812 luisse
474 2749 634 2830 quondam
657 2759 768 2830 poetae
791 2769 827 2811 ac
849 2751 1025 2832 philosophi
1048 2761 1156 2814 aurato
1183 2754 1215 2812 in
1238 2753 1305 2812 suis

199 2873 347 2915 sermone
371 2853 558 2915 litteraturis
581 2854 719 2915 inaniter
741 2853 931 2935 depingunt.

267 2959 298 3018 Ξ.
340 2959 492 3036 Leonem,
531 2976 625 3036 quem
661 2975 768 3036 regem
799 2977 868 3019 esse
903 2958 1076 3021 bestiarum
1109 2958 1150 3020 oh
1185 2969 1302 3021 metum

199 3063 272 3123 eius
296 3070 328 3122 et
351 3061 479 3121 nimiam
503 3059 719 3122 tortitudinem
742 3071 852 3143 poetae
884 3073 916 3122 et
937 3071 1077 3123 oratores
1099 3081 1170 3123 cum
1194 3063 1304 3143 physi-

115 3166 152 3226 25
198 3167 247 3227 cis
270 3165 404 3244 lingunt,
442 3168 473 3225 in
498 3165 601 3225 ironte
624 3163 788 3226 beluarum
823 3164 1021 3226 horribilium
1044 3165 1201 3246 ponimus.
1249 3169 1303 3246 qui

113 3341 145 3390 de
169 3339 262 3389 beluis
279 3339 315 3397 A,
340 3339 367 3387 io
385 3351 434 3398 ouo
458 3339 575 3398 sequitur
597 3339 677 3387 lodex
699 3339 872 3399 capitulorum
893 3345 930 3386 tt
953 3351 1013 3388 cum
1036 3339 1084 3388 huc
1107 3339 1302 3401 subscriptione,

112 3427 265 3493 expliciunt
288 3423 402 3489 cepitule
428 3423 460 3474 de
486 3425 596 3474 marinis
619 3423 716 3474 beluis.
812 3423 836 3474 i.
858 3440 866 3474 t
886 3425 922 3475 De
942 3425 1051 3474 marinis
1075 3425 1161 3475 beluis
1178 3424 1197 3474 A
1217 3428 1244 3474 to
1262 3429 1303 3474 tu-

113 3515 174 3574 dere,
197 3511 331 3562 Praelatio
352 3511 391 3561 li?
460 3511 589 3575 quicquid
608 3511 637 3559 A.
728 3517 751 3560 a.
774 3511 880 3560 orrendi
899 3512 929 3570 A,
953 3511 1064 3562 oriendo
1084 3513 1113 3561 B.
1203 3515 1227 3562 t.
1249 3512 1304 3562 ior-

113 3613 171 3651 mae
195 3599 293 3662 (terme
314 3599 343 3660 rt)
364 3601 426 3648 sunt
445 3596 545 3647 lermee
564 3597 616 3647 AB.
707 3602 731 3647 5.
753 3595 903 3647 inormibus
921 3599 973 3648 Art.
1046 3599 1167 3662 corporis
1185 3579 1215 3649 A.

114 3697 274 3749 inagnarum
295 3687 385 3734 uastos
403 3684 536 3734 undarum
558 3683 641 3733 moles
659 3685 693 3734 ed
712 3685 795 3734 instor
814 3685 943 3734 montium
965 3685 994 3734 Β.
1090 3689 1113 3734 6.
1135 3683 1259 3735 deserete
1273 3684 1303 3745 A,

112 3772 196 3823 diluta
219 3774 259 3822 lt:
284 3773 345 3821 tutet
361 3771 473 3833 fortusse
491 3771 563 3820 ctiori
580 3783 658 3832 qoem
675 3769 791 3821 deserta.
876 3774 899 3821 8.
921 3772 1055 3836 spumosis
1068 3772 1097 3820 A.
1181 3775 1205 3820 9.
1226 3783 1303 3822 mur-

114 3858 311 3909 morecorrA.
395 3863 419 3908 o.
437 3863 477 3907 to.
493 3860 691 3907 monstruorum
707 3857 734 3906 A.
802 3858 908 3907 caerulo
921 3873 961 3908 om
974 3859 1004 3909 A.
1067 3859 1230 3908 murmurcis
1243 3858 1272 3908 A.

115 3949 153 3995 tt.
175 3943 429 3996 deverberontAlt.
509 3945 604 3994 inormi
623 3944 675 3994 Aa.
767 3949 807 3993 ta.
830 3944 917 3995 littore
937 3950 1013 3996 tenus
1033 3946 1062 3994 B.
1141 3946 1255 4006 vergunt
1272 3945 1302 4003 A,

114 4033 228 4082 veniunt
249 4031 279 4082 B.
372 4035 412 4082 444.
435 4031 600 4080 intuentihus
619 4030 655 4079 u.-
680 4032 883 4094 expectantibus
901 4031 930 4082 A.
1013 4031 1149 4080 herrorem
1169 4031 1198 4080 e.

114 4123 155 4168 tt.
176 4117 254 4184 quod
272 4115 307 4166 A:
333 4118 393 4181 quie
415 4119 444 4167 B.
500 4119 677 4180 recognito.
700 4119 722 4166 ὀ.
745 4117 868 4181 longeA.
930 4119 1019 4181 generi
1038 4117 1067 4166 A.
1141 4119 1304 4167 thmue-

114 4204 158 4254 lud
180 4205 311 4254 horrendi
326 4205 354 4254 B.
428 4203 560 4254 undarum
580 4205 713 4266 gurgitum
736 4205 861 4268 (gurgites
875 4204 904 4266 rt)
925 4204 1043 4255 turribus
1056 4204 1107 4252 Aa.
1181 4207 1222 4253 tr.
1244 4207 1303 4254 ton-

115 4297 171 4342 tum
192 4293 222 4342 A.
302 4291 458 4356 pestolenlis
478 4293 508 4342 a.
589 4293 707 4354 gurgites
731 4291 897 4354 neglegentia
922 4289 1054 4354 dimergat
1072 4289 1102 4342 A.
1192 4288 1303 4340 rottei

113 4378 355 4443 sermepeucolt.
426 4377 602 4442 depromitA.
687 4381 728 4426 to.
748 4376 904 4427 horroribus
917 4377 946 4426 A.
1030 4381 1072 4428 2⁰.
1093 4375 1136 4426 uel
1149 4377 1179 4436 A,
1199 4379 1229 4426 ut
1242 4378 1271 4426 B.

112 4464 375 4530 repostellum.
463 4463 814 4515 tascrmoncinsuislt.
889 4463 1084 4514 literaturusA.
1163 4462 1303 4513 sunm

114 4551 192 4604 leone
214 4551 245 4608 A,
272 4553 454 4602 theonesti?
535 4551 756 4602 2l.eiusomA.
829 4548 936 4600 lisilisA
1031 4548 1274 4598 astronomo.
