3186 5108
414 426 503 498 laum
525 443 900 501 ιιοιιοιιινιιιινεειιιινιι
919 427 1013 491 4855.
1192 447 1202 500 3
1262 411 1311 492 99

122 615 292 681 Porsonurn
313 635 407 682 usum
431 636 500 680 esse
524 615 659 688 Kiddius
682 626 790 680 narrat
813 617 845 683 in
864 617 1064 688 Persouianis
1085 637 1117 699 p.
1136 615 1211 698 257,
1236 618 1314 680 idei-

122 718 234 785 nelias
258 719 328 784 iure
351 719 430 787 dicit
445 739 556 790 omues
570 721 700 788 criticae
715 721 793 786 artis
816 720 896 788 lines
911 720 1080 792 excedere.
1129 721 1213 785 intra
1234 739 1314 801 qnos

122 839 176 885 nos
203 821 439 889 continebimus
466 843 539 888 cum
570 824 612 887 ita
640 822 837 903 scribemus,
873 824 1033 892 sententia
1062 844 1123 894 non
1153 823 1312 904 dissimili,

120 924 177 990 sed
199 927 373 994 mutatione
395 927 558 1009 aliquanto
580 927 713 1007 leniore,
960 989 961 992 ,

369 1023 444 1096 ‘oti
466 1027 553 1115 Ζῆνα
574 1027 678 1102 ξείνιον
702 1023 860 1115 αἰδόμενος

248 1126 381 1208 σπονδάς
399 1127 426 1201 τ’
453 1132 485 1200 to
508 1131 623 1220 Φαβίου
644 1129 695 1200 eorl
717 1126 777 1199 ἅλα
799 1133 930 1206 interito
951 1131 1096 1218 θελείης,

120 1233 318 1306 substantivo
333 1234 460 1310 θαλείας
480 1239 609 1304 conane
625 1238 709 1302 Plato
725 1257 803 1306 usus
817 1248 865 1300 est
885 1239 933 1300 rei
950 1236 1097 1318 publicae
1114 1255 1178 1302 run
1194 1257 1227 1319 p.
1239 1237 1314 1314 573,

121 1335 206 1422 οἶμαι
228 1333 300 1425 γάρ,
328 1335 362 1406 τὸ
392 1335 467 1425 μετὰ
493 1343 583 1412 τοῦτο
607 1336 708 1426 ἑορταί
729 1338 881 1426 γίγνονται
908 1334 981 1427 παρ’
1010 1335 1111 1417 αὐτοῖς
1137 1337 1189 1404 ναί
1219 1343 1317 1424 κῶμοι

120 1438 170 1509 ael
198 1437 325 1513 θάλειαι
352 1441 404 1511 καί
433 1443 553 1530 ἑταῖραι
581 1439 633 1512 καί
653 1439 838 1510 τὰτοιαῦτα
865 1439 975 1513 πάντα.
1021 1455 1095 1508 nota
1124 1454 1172 1506 est
1201 1445 1317 1509 eximia

122 1544 161 1614 de
184 1546 244 1610 hcc
266 1547 419 1615 vocabulo
435 1548 606 1631 disputatio
622 1548 743 1612 Lehrsii
768 1549 800 1612 in
817 1545 1058 1629 quaestionibus
1073 1548 1183 1628 epicis.
1224 1546 1318 1612 deni-

122 1669 184 1730 que
208 1649 296 1732 quod
325 1652 359 1714 in
382 1671 480 1720 versu
502 1651 697 1734 paenultima
726 1652 844 1734 legitur
873 1645 956 1737 ἠρίον
979 1643 1109 1735 banalem
1136 1644 1170 1714 τὸ
1200 1673 1318 1736 μεμορ-

123 1751 209 1836 μένον
240 1773 314 1822 cum
335 1756 515 1820 llainokius
545 1755 746 1836 intellegeret
775 1757 862 1819 nullo
890 1754 982 1823 modo
1012 1754 1190 1836 significare
1226 1773 1317 1836 posse

119 1856 248 1938 [ιιαίοοι
270 1859 420 1922 mnndum
445 1866 565 1940 premet
590 1867 645 1922 aut
667 1857 753 1922 idem
776 1877 845 1923 esse
868 1869 964 1940 atque
993 1851 1205 1943 ὃμιιοθήοεται
1225 1852 1317 1944 ἠρίιρ,

125 1961 153 2022 iu
176 1980 248 2023 eam
271 1960 429 2024 adductus
452 1971 500 2023 est
523 1962 713 2024 sententiam
735 1972 771 2026 ut
793 1963 991 2026 existimaret
1009 1981 1124 2028 vorum
1139 1981 1210 2026 esse
1232 1955 1319 2047 ἠρίον

124 2058 258 2149 οἰκήσει,
298 2063 384 2146 quod
413 2065 593 2131 Brunckius
621 2064 830 2132 scribendum
860 2085 930 2130 esse
967 2066 1112 2133 coniecit.
1160 2065 1186 2127 si
1215 2066 1320 2126 omnia

125 2177 271 2230 accurate
295 2170 460 2248 rimamur,
491 2187 555 2235 non
586 2167 681 2233 nimis
710 2169 864 2233 concinne
895 2177 1172 2250 congruenterque
1192 2167 1321 2254 dicitur

125 2268 270 2337 datheus
292 2273 476 2354 sepulcrum
499 2270 717 2352 habitaturus,
751 2291 832 2336 uxor
860 2282 967 2338 autem
998 2271 1107 2336 Phobii
1129 2272 1225 2338 simul
1248 2291 1320 2334 cum

125 2394 162 2436 eo
183 2375 216 2438 in
239 2374 357 2440 Orcum
379 2374 505 2438 abitura
528 2393 609 2440 esse.
657 2393 850 2458 quamquam
874 2376 944 2440 iure
967 2375 1099 2441 fortasse
1117 2373 1241 2442 dixeris
1263 2377 1321 2441 boc

127 2497 196 2559 esse
217 2480 371 2560 argutari,
403 2499 477 2543 oum
497 2489 642 2558 veteres,
675 2481 795 2560 quippe
818 2479 874 2560 qui
897 2479 984 2542 nullo
1007 2477 1152 2560 dogmate
1177 2479 1321 2542 adstricti

127 2593 227 2662 erant,
261 2601 315 2646 eas
339 2601 391 2648 res
414 2601 496 2664 quae
518 2579 559 2644 ad
582 2580 701 2644 inleros
726 2583 895 2666 pertinent
923 2591 1048 2647 tantum
1076 2581 1212 2646 obscura
1242 2601 1323 2664 qua-

127 2683 198 2750 dam
213 2695 245 2748 ot
260 2683 390 2752 confusa
413 2687 540 2750 notione
561 2684 871 2768 conprehenderint3
899 2702 961 2765 quo
984 2684 1102 2748 lactum
1117 2695 1165 2748 est
1187 2696 1223 2748 ut
1245 2705 1323 2767 poe-

127 2797 177 2853 tae
199 2799 233 2854 et
253 2789 367 2854 Graeci
391 2800 422 2852 et
445 2791 546 2871 magis
568 2791 663 2854 ctiam
685 2789 788 2852 Latini
817 2787 970 2855 vocabula
992 2788 1132 2869 sepulcri
1156 2791 1224 2869 rogi
1246 2790 1320 2852 Orci

127 2893 249 2958 animae
280 2892 416 2958 umbrae
443 2894 568 2974 aliaque
596 2893 712 2958 similia
742 2909 1003 2972 nonnumquam
1033 2890 1224 2954 mirabiliter
1246 2912 1323 2975 per-

129 2996 299 3063 miscerent
325 3005 424 3078 atque
454 2996 619 3079 disparilia
648 2997 889 3076 coniungerent.
936 2995 1084 3058 similiter
1110 2995 1207 3076 igitur
1229 2995 1322 3058 Pleu-

130 3101 237 3166 ronias
265 3109 359 3180 pocta
381 3098 486 3164 lacere
509 3101 623 3183 potuit.
670 3118 777 3181 neque
804 3108 911 3162 nmen
934 3107 1084 3179 putamus
1106 3119 1179 3163 eum
1205 3093 1323 3184 οἰκήσει

129 3199 259 3286 unisse,
283 3201 343 3266 sed
358 3202 445 3286 quod
466 3207 688 3286 scriptumest
708 3197 794 3288 ἠρίον
809 3195 941 3287 ὁμοιώσει,
960 3195 993 3266 τὸ
1013 3201 1211 3288 μεμορμένον.
1249 3222 1322 3266 nam

129 3305 212 3384 quod
241 3307 372 3388 proprie
401 3308 444 3369 ita
471 3306 644 3370 dicendum
674 3317 759 3386 erat,
792 3314 855 3384 tum
872 3306 925 3388 fiet
945 3313 979 3368 ut
1001 3325 1094 3388 suaper
1116 3305 1322 3388 infelicissimo

128 3405 241 3491 bospite
259 3407 369 3492 soloin
392 3409 527 3473 tumulato
550 3411 583 3472 ι’νι
605 3411 701 3473 cltum
724 3417 902 3489 extruetur,
934 3408 979 3490 id,
1011 3418 1046 3472 nt
1074 3409 1199 3472 Bestius
1228 3410 1323 3472 intel-

131 3511 218 3592 lexit,
250 3511 292 3576 ad
314 3515 420 3595 ipsum
442 3512 604 3576 lintheum
627 3515 817 3576 translatum
840 3521 903 3594 est,
935 3521 970 3575 ut
999 3512 1144 3575 effecisse
1166 3513 1322 3575 tumulum

131 3611 265 3696 dicatur,
296 3614 331 3679 id
353 3627 402 3680 est
423 3626 524 3679 morte
546 3637 603 3681 sua
626 3628 658 3680 et
679 3616 855 3698 sepultura.
904 3635 985 3698 quae
1015 3615 1113 3677 oratio
1142 3635 1205 3678 non
1228 3617 1324 3677 nimis

132 3718 269 3782 insolens
292 3731 351 3801 est,
375 3722 565 3801 praesertim
588 3719 674 3802 apud
697 3720 792 3788 talem
815 3729 940 3802 poetam
964 3720 1091 3801 qualem
1106 3715 1323 3782 Alexandrum

133 3821 228 3886 luisse
255 3825 308 3886 vel
343 3824 478 3906 paucula
506 3825 559 3886 illa
590 3823 704 3886 docent
733 3842 814 3905 quae
849 3822 890 3885 de
922 3826 992 3886 eius
1022 3821 1218 3885 carminibus
1249 3823 1325 3884 reli-

132 3943 195 4005 qua
217 3937 299 3990 sunt.

218 4030 253 4092 V.
285 4032 431 4094 llusaeus
459 4030 637 4094 Leandrum
667 4032 770 4094 Herus
805 4030 957 4111 adspectu
992 4029 1246 4112 obstupefactum
1281 4031 1323 4090 ita

134 4129 289 4196 describit
308 4154 341 4196 ν.
363 4137 416 4215 96,

262 4233 324 4302 εἷλε
347 4237 380 4301 δέ
403 4261 453 4322 μιν
475 4231 541 4302 τότε
563 4232 697 4324 θάμβος,
722 4232 880 4322 ἀναιδείη,
904 4232 1031 4323 τρόμος,
1055 4233 1160 4310 αἰδώς.

262 4339 368 4428 ἔτρεμε
391 4339 445 4426 μὲν
467 4339 605 4428 κραδίην,
631 4337 725 4413 oliui<
750 4339 783 4404 δέ
806 4364 855 4426 μιν
878 4338 960 4428 εἶχεν
984 4335 1117 4404 ἁλῶναι·

261 4439 378 4530 θάμβεε
401 4440 428 4508 δ’
455 4442 536 4516 εἶδος
559 4436 691 4531 ἄριστον,
715 4442 792 4531 ἔρως
815 4438 841 4506 δ’
869 4438 1068 4530 ἀπενόσφισεν
1091 4439 1180 4508 αίδώ.

135 4543 270 4608 nibilin
294 4550 343 4611 his
366 4547 520 4629 estquod
549 4567 612 4610 non
642 4551 740 4629 possit
769 4547 910 4626 intellegi
940 4567 1046 4628 neque
1076 4549 1223 4628 cuiquam
1254 4557 1325 4607 nata

1085 4669 1120 4716 ἶ*
