3184 5108
321 298 396 374 248
620 315 710 376 lanu
733 332 897 378 uscrrosrrr
921 335 1100 380 msrrrssur
1118 319 1211 382 4863.

469 501 500 566 7.
541 503 580 564 Et
603 501 636 564 in
652 501 741 568 ludia
762 505 849 584 gigni
870 515 1036 585 serpentes
1058 507 1153 572 huius
1168 508 1394 574 describuntur
1407 511 1487 590 modi,

405 607 472 687 qui,
497 615 534 670 ut
555 605 739 686 perhibent,
765 605 982 674 columnarum
998 611 1242 674 crassitudinem
1265 622 1298 678 et
1318 613 1391 676 bina
1405 615 1490 675 trine-

403 728 467 789 que
490 707 650 772 hebebant
679 711 816 790 crispata
839 713 942 792 eapite
972 721 1005 776 et
1026 715 1177 795 proselyti
1207 714 1249 780 de
1279 717 1425 782 montium
1451 717 1490 778 la·
1551 731 1555 742 ·

403 812 505 876 tebris
527 811 568 878 ad
590 831 707 893 aquam
729 814 844 876 erectis
870 814 1048 896 pergebant
1073 817 1257 898 pectoribus
1281 829 1313 880 et
1335 822 1377 884 ita
1397 821 1491 882 sinuo-

337 916 356 976 5
402 917 447 978 sis
468 915 607 979 motibus
626 934 663 977 ac
677 917 818 996 squamis
833 927 952 983 terrem
968 918 1181 984 reddiderunt
1195 921 1343 988 adtritcm
1362 934 1393 986 et
1406 923 1490 988 oculis

271 1039 305 1086 as
403 1009 569 1084 horrendo¹
598 1019 846 1084 scintillantibus
875 1041 1000 1086 veneno
1027 1024 1145 1106 linguis
1173 1044 1227 1089 ore
1248 1025 1416 1090 vibrabant
1440 1029 1490 1086 tri-

401 1124 498 1186 sulcis
520 1133 552 1186 et
575 1123 754 1186 mortiferos
776 1123 945 1188 exulabant
967 1127 1072 1190 alitus.

467 1229 498 1286 8.
538 1229 652 1289 Fertur
673 1238 705 1288 et
728 1229 760 1289 in
785 1229 891 1291 Sicilie
913 1231 1001 1291 visus
1029 1230 1127 1293 luisse
1150 1250 1284 1312 serpens
1307 1233 1361 1312 qui
1384 1230 1489 1294 lubrico

400 1331 535 1394 laterum
558 1329 737 1394 sinuamine
760 1329 873 1396 labens
895 1341 1027 1414 septena
1042 1334 1202 1398 volumina
1225 1334 1352 1415 globoso
1373 1353 1488 1415 corporo

315 1435 353 1496 to
398 1434 496 1496 traxit
519 1443 550 1496 et
565 1435 743 1496 caeruleam
765 1433 888 1514 fulgore
911 1437 1050 1516 speciem
1065 1455 1162 1500 aureo
1185 1456 1246 1518 per
1260 1457 1370 1502 omnes
1389 1439 1489 1502 misec-

399 1537 453 1600 bat
475 1555 633 1617 squamas.

463 1643 494 1702 9.
535 1639 671 1714 Quidam
700 1659 827 1721 quoque
857 1661 991 1724 serpens
1022 1643 1199 1710 horrendae
1228 1645 1488 1726 magnitudinisa

398 1746 536 1806 Romano
558 1745 703 1808 exercitu
725 1745 758 1807 in
778 1742 885 1808 Airics
907 1748 995 1810 iuxta
1018 1746 1136 1812 flumen
1159 1748 1334 1829 Bagradam
1357 1757 1488 1830 repertus

396 1847 603 1926 describitur,
635 1857 668 1910 et
696 1867 754 1929 pro
782 1849 903 1912 ultione
935 1851 1071 1914 militum
1100 1870 1179 1934 quos
1208 1854 1311 1932 primo
1340 1851 1488 1914 devoravit

314 1951 352 2010 ie
399 1953 520 2032 impetu
543 1971 615 2012 eum
639 1952 762 2014 cunctis
784 1954 889 2013 cuncti
912 1954 1042 2015 Romani
1067 1953 1350 2018 circumdederunt
1378 1954 1485 2030 iaculis,

398 2065 429 2116 et
458 2053 586 2118 tandem
616 2053 752 2118 ballistis
781 2055 879 2118 infixo
907 2057 1017 2120 molari
1047 2057 1152 2138 lapide
1185 2060 1286 2123 iactus
1316 2059 1349 2120 in
1378 2059 1487 2139 spinam

396 2159 532 2240 crepuit,
558 2159 614 2238 qui
636 2159 726 2238 prius
749 2168 863 2224 cuncta
886 2161 1027 2240 squamis
1049 2161 1112 2224 tela
1135 2161 1224 2223 velut
1245 2160 1375 2243 oblique
1395 2169 1486 2224 scute

396 2277 467 2324 rum
497 2260 658 2326 testudine
689 2262 816 2343 repulit.
864 2263 954 2329 cuius
983 2264 1103 2330 corium
1133 2274 1221 2328 trans
1249 2283 1337 2328 mare
1362 2263 1486 2346 Tyrrhe-

395 2383 471 2428 num
492 2363 533 2427 ad
549 2367 677 2428 liomam
699 2382 801 2445 usque
817 2364 991 2431 deductum
1007 2378 1066 2444 est,
1092 2366 1178 2448 qued
1200 2387 1255 2430 cxx
1275 2367 1375 2448 pedes
1397 2367 1485 2446 longi-

308 2472 348 2530 eo
394 2468 515 2532 tudinis
538 2468 687 2532 habuisse
710 2467 909 2548 perhibetur.

307 2640 389 2691 arbor
406 2641 526 2690 nascitur
543 2641 569 2690 in
588 2639 663 2691 indie
682 2643 708 2690 el
727 2641 754 2690 in
766 2639 855 2690 'latere
875 2641 974 2691 montis
990 2639 1102 2692 Caucasi
1121 2641 1194 2706 quod
1213 2641 1263 2693 soli
1281 2643 1425 2694 obversum
1441 2643 1482 2691 est.

307 2727 370 2778 lolia
387 2727 422 2777 ad
441 2727 556 2790 iuniperi
574 2725 789 2778 similitudinem.
825 2725 903 2778 cuius
921 2725 1004 2778 silvas
1028 2732 1168 2792 serpentes
1190 2727 1362 2790 custodiunt,
1387 2725 1433 2780 sed
1449 2727 1484 2776 in·

304 2813 383 2865 colae
400 2813 517 2877 regionis
541 2811 614 2864 iliius
637 2825 701 2864 cum
720 2813 842 2862 maturae
867 2810 966 2864 luerint
984 2813 1141 2874 incendunt,
1167 2817 1194 2866 et
1211 2817 1351 2879 serpentes
1374 2813 1430 2876 igne
1448 2809 1484 2862 lu·

304 2903 412 2964 gantur,
433 2902 461 2950 et
479 2897 541 2951 inde
559 2911 593 2948 ex
612 2897 720 2948 llemms
738 2897 846 2960 nigrum
865 2898 942 2963 piper
959 2897 1084 2958 officitur.
1122 2912 1185 2950 nam
1204 2904 1300 2950 natura
1318 2899 1416 2966 piperis
1431 2895 1483 2948 alba

305 2988 355 3046 est,
376 2985 455 3036 cuius
473 2983 584 3050 quidem
607 2983 733 3034 diversus
750 2987 792 3036 est
814 2983 926 3036 iructus.
965 2997 1027 3036 nem
1049 2983 1124 3049 quod
1147 2986 1323 3036 immaturum
1345 2987 1394 3044 est,
1417 2983 1483 3050 piper

307 3071 417 3136 longum
435 3073 556 3129 vocetur,
582 3067 655 3133 quod
673 3070 860 3134 incorruptum
879 3067 913 3120 ab
931 3070 1008 3133 igne,
1037 3071 1116 3135 piper
1137 3069 1229 3122 album
1248 3074 1305 3132 est,
1334 3070 1406 3138 quod
1427 3079 1483 3118 sero

304 3159 368 3208 cute
387 3169 485 3220 rugcse
503 3158 530 3206 et
547 3154 656 3206 horrida
674 3154 763 3214 luerit,
783 3154 923 3208 excolere
941 3156 1010 3218 ignis
1029 3155 1111 3207 trehit
1127 3160 1154 3207 et
1170 3155 1291 3210 colorem
1308 3161 1335 3208 et
1352 3167 1453 3208 nomeu.
1570 3213 1571 3216 Ἴ

306 3248 332 3293 i.
353 3257 393 3293 xci
412 3243 450 3294 De
468 3241 640 3307 serpentibus
658 3239 802 3307 quiobent
819 3240 883 3292 bina
901 3242 1018 3305 crispata
1035 3243 1123 3306 copiis
1135 3242 1166 3293 A.
1237 3246 1304 3294 Μ.
1325 3239 1464 3306 triaqueA.
1570 3227 1571 3266 3

302 3330 415 3394 crispeii
432 3329 461 3378 A.
534 3325 655 3392 proseliti
673 3326 703 3378 A.
758 3327 879 3380 Aetbicur
896 3340 922 3378 ru
940 3328 956 3378 t
977 3330 986 3375 4
1008 3329 1160 3380 Amazonas
1180 3326 1307 3394 prologos
1325 3331 1404 3392 etque
1427 3338 1482 3392 pro·

303 3414 415 3480 selytae.
459 3414 513 3464 ntia
530 3413 649 3464 vocatus
670 3414 708 3463 ric
730 3415 852 3475 oramate·
875 3414 996 3475 cecropio
1010 3414 1118 3476 praebet
1138 3413 1261 3479 Congius.
1352 3418 1375 3463 5.
1395 3411 1482 3462 scamis

302 3502 333 3552 A.
405 3499 554 3550 redderuct
572 3499 602 3548 A.
703 3501 727 3548 8.
748 3497 863 3550 errando
882 3499 911 3549 A.
984 3499 1010 3549 ui
1033 3497 1148 3564 probant
1171 3498 1201 3549 A.
1305 3503 1329 3550 7.
1350 3495 1481 3550 mortiferis

302 3586 333 3637 A.
405 3583 520 3637 saltibus
537 3585 567 3635 A.
621 3583 767 3636 Alexandri
784 3585 896 3646 epistula
910 3595 938 3645 p.
954 3586 986 3632 88
1009 3583 1133 3636 binorum
1159 3587 1353 3649 terrorumque
1374 3583 1479 3650 capitum

302 3673 404 3724 cristati
429 3674 569 3736 serpentes
587 3669 764 3728 advenerunt,
790 3667 981 3720 columnarum
1004 3670 1181 3722 crassitudine
1199 3669 1338 3734 aliquanto
1356 3667 1480 3736 procerio-

302 3770 360 3819 res,
387 3758 435 3822 qui
454 3757 488 3808 ad
512 3756 655 3822 potandam
674 3768 773 3819 aquarn
796 3768 831 3805 ex
848 3756 944 3806 vicinis
969 3756 1102 3806 montium
1128 3755 1266 3821 speluncis
1293 3754 1475 3820 processerunt

301 3843 395 3894 oribus
410 3842 559 3906 (orhibnsii
573 3843 748 3906 squamisque
764 3841 821 3892 suis
835 3840 949 3892 humum
961 3844 1115 3893 atterentes.
1147 3854 1264 3906 quorum
1282 3845 1389 3906 pectora
1400 3840 1477 3890 erecto

300 3942 365 3980 cum
383 3928 501 3980 trisulcis
519 3927 618 3991 linguis
635 3926 727 3978 lauces
744 3926 909 3986 esertcbant,
934 3925 1143 3978 scintillantibus
1160 3939 1266 3978 veneno
1290 3926 1384 3978 oculis.
1418 3935 1476 3990 quo-

301 4027 361 4065 rum
381 4014 481 4066 halitus
499 4025 608 4078 queque
627 4017 685 4064 erat
701 4011 820 4078 pestiler.
910 4016 936 4062 8.
957 4025 1008 4064 mn
1027 4013 1065 4064 De
1084 4016 1209 4078 serpente
1228 4013 1254 4064 in
1274 4011 1360 4064 sicilia
1376 4011 1404 4062 A.
1569 4077 1570 4080 Ἴ

302 4105 344 4152 to.
364 4099 469 4166 iulgure
487 4100 517 4150 A.
588 4111 672 4150 curce
690 4099 720 4150 A.
793 4100 834 4148 48.
854 4111 917 4150 stru
935 4097 974 4148 ile
991 4102 1117 4163 serpente
1134 4099 1213 4151 cuius
1230 4099 1336 4152 conum
1356 4111 1418 4148 nu.
1435 4105 1475 4158 pe·

299 4185 349 4236 dee
376 4184 552 4249 longitudinis
579 4182 680 4236 habere
708 4183 865 4250 perhibetur
885 4184 916 4236 A.
986 4185 1058 4247 sequi
1084 4185 1187 4236 ematur
1211 4187 1333 4236 eumaeo
1362 4183 1474 4234 Vcterien

301 4273 518 4322 Aactmomrs.
597 4273 639 4322 48.
660 4269 804 4333 bregadcm
817 4268 846 4320 A.
920 4273 961 4322 it.
982 4269 1125 4334 impetiiA.
1186 4269 1306 4322 romitA.
1377 4270 1415 4318 48.
1432 4263 1473 4314 ba-

301 4357 369 4408 listis
387 4357 417 4405 A.
490 4357 576 4413 iectus
594 4355 624 4407 A.
697 4359 737 4406 ii.
758 4367 828 4421 ques
845 4354 874 4405 A.
957 4357 999 4406 47.
1015 4359 1055 4408 48.
1076 4354 1420 4426 scuicdorumtestiludinc
1436 4363 1472 4400 re-

299 4443 384 4508 pulsit
401 4443 430 4492 A.
520 4447 562 4495 48.
582 4444 623 4492 48.
643 4425 752 4498 frenum
770 4442 801 4492 A.
