3184 5108
371 329 459 388 lunnx
482 347 647 390 nsnrroavn
671 349 848 391 lacrimavit
874 330 966 390 l863.
1189 317 1262 388 233

166 519 369 584 describitur.
406 537 501 598 quem
520 519 601 580 nihil
620 519 718 582 latere
735 520 861 582 omnino
876 520 1016 601 potuisse
1032 519 1152 600 dicunt,
1175 522 1260 602 quia,

166 634 199 685 ut
222 624 364 704 fingitur,
391 621 580 704 quibusdam
603 624 702 685 oeulis
724 642 852 704 semper
873 623 1026 704 vigilavit.

230 729 283 788 40.
323 729 377 788 Est
399 744 477 807 gens
499 727 605 808 aliqua
627 727 802 788 conmixtae
831 737 962 789 naturae
993 730 1025 789 in
1055 728 1143 790 rubri
1168 730 1264 790 maris

166 830 266 892 insula
291 849 385 911 quam
408 830 532 910 linguas
554 831 694 892 omnium
717 833 878 891 nationum
908 832 992 912 loqui
1022 851 1114 912 posse
1144 841 1264 894 testan-

106 933 123 992 5
165 943 226 1010 tur,
252 943 283 996 et
307 933 377 996 ideo
400 933 543 996 homines
565 933 605 996 de
628 933 771 1014 longinoo
796 922 969 996 venien¹tes
991 954 1098 997 eorum
1124 938 1303 1016 cognitostt

164 1037 356 1100 nominando
386 1037 541 1100 adtonitos
577 1037 711 1116 iaciunt,
746 1046 781 1100 ut
809 1037 969 1119 decipiant
999 1048 1030 1099 et
1059 1038 1173 1102 crudos
1207 1039 1265 1102 de-

163 1151 288 1202 vorent.

230 1246 283 1306 il.
325 1247 526 1307 innumerosa
550 1262 675 1324 quoque
699 1254 838 1306 monstra
861 1247 894 1306 in
911 1245 1057 1308 Circaeae
1082 1245 1178 1309 luisse
1199 1256 1266 1308 ter-

161 1368 215 1410 rae
242 1348 360 1411 linibus
383 1350 542 1429 leguntur,
575 1349 682 1409 leones
711 1358 742 1409 ct
764 1349 847 1426 ursi,
880 1350 950 1430 apri
973 1369 1100 1430 quoque
1126 1369 1162 1411 ac
1184 1351 1261 1432 lupi,

88 1452 118 1512 tt
162 1455 218 1534 qui
235 1463 341 1515 cetero
357 1471 487 1533 corpore
511 1451 703 1513 inferarum
728 1461 839 1513 natura
862 1464 1009 1516 manent-e
1033 1454 1194 1516 hominum
1218 1452 1266 1516 la-

161 1559 227 1619 cies
252 1556 443 1618 habuerunt.

229 1679 282 1738 iil.
323 1678 362 1738 Et
395 1675 521 1754 dieunt,
565 1674 648 1756 quod
683 1674 744 1736 dici
779 1674 952 1738 nefandum
987 1686 1053 1754 est,
1090 1688 1264 1741 monstrum

159 1779 322 1862 quoddam
347 1791 535 1842 nocturnum
559 1778 656 1842 luisse
673 1777 757 1859 quod
779 1798 906 1860 semper
928 1790 1021 1842 noctu
1044 1801 1103 1862 per
1119 1781 1264 1844 umbram

159 1886 241 1946 caeli
266 1893 298 1945 et
313 1893 417 1946 terrae
433 1881 557 1944 volabat
580 1883 722 1944 homines
746 1883 778 1943 in
802 1881 937 1945 urbibus
959 1883 1105 1945 horribili
1128 1884 1264 1946 stridore

82 1989 115 2046 tt
159 1990 327 2064 territans,
353 1997 385 2048 et
400 1996 476 2067 quot
499 1986 621 2066 plumas
641 1987 674 2047 in
690 2005 821 2067 corpore
842 1985 964 2065 habuit,
989 1997 1034 2048 tot
1048 1988 1165 2068 oculos,
1191 1990 1265 2050 toti-

159 2091 237 2154 dem
268 2110 362 2152 aures
385 2101 416 2152 et
438 2109 503 2151 ora.
550 2108 677 2170 semper
707 2108 832 2170 quoque
862 2092 931 2152 sine
962 2092 1073 2172 requie
1104 2099 1135 2154 et
1157 2111 1264 2153 somno

157 2197 262 2259 luisse
287 2192 490 2256 describitur.
1264 2207 1268 2216 ’

227 2318 281 2378 43.
322 2316 500 2378 Nascuntur
529 2315 672 2376 homines
702 2316 734 2376 in
758 2314 965 2378 orientalibus
993 2317 1095 2397 plagis
1125 2317 1198 2397 qui,
1230 2327 1266 2380 ut

157 2419 289 2482 labulae
312 2420 431 2498 lerunt,
456 2438 494 2480 rr
516 2418 615 2499 pedes
638 2418 814 2480 altitudinis
830 2419 960 2500 capiunt
982 2428 1013 2480 et
1029 2439 1158 2501 corpora
1180 2439 1265 2481 mar-

76 2527 110 2584 io
157 2525 261 2586 morel
286 2522 431 2585 candoris
461 2521 579 2583 habent
605 2531 637 2582 et
658 2541 814 2584 vannosas
836 2541 947 2601 aures,
979 2522 1096 2603 quibus
1123 2544 1156 2586 se
1187 2523 1265 2586 sub-

156 2636 312 2690 sternunt
348 2636 441 2688 noctu
471 2635 503 2687 et
530 2627 731 2706 cooperiunt,
768 2635 800 2687 et
835 2626 994 2688 hominem
1025 2646 1095 2689 cnm
1124 2627 1265 2690 viderint

74 2811 76 2818 Α
157 2731 280 2796 erectis
303 2727 434 2792 auribus
457 2728 664 2810 perdeserta
687 2730 863 2792 vastissima
886 2730 1021 2810 lugiunt.

228 2835 281 2897 ll.
322 2834 451 2914 Legitur
480 2832 564 2914 quod
598 2833 749 2914 harpyiae
772 2832 927 2913 quaedam
957 2843 1095 2896 monstra
1119 2834 1151 2895 in
1176 2835 1264 2896 Stro-

71 3095 139 3146 bitur
157 3095 357 3162 qnemomli.
428 3091 616 3157 mquibusrl.
653 3092 720 3155 coos.
744 3093 1048 3144 beniuolentiae.
1122 3095 1264 3144 acerbe

71 3183 110 3234 his
127 3183 175 3249 qni
188 3180 316 3234 omnium
335 3179 453 3243 linguam
473 3176 619 3243 loquuntur
631 3177 661 3238 A,
687 3193 747 3228 xant
767 3179 804 3230 De
822 3181 901 3242 gente
916 3179 1006 3244 aliqua
1026 3179 1130 3242 linguas
1142 3179 1264 3228 omnium

70 3271 210 3320 nationum
231 3266 359 3331 loquente
380 3266 457 3315 B?-
508 3270 531 3314 5.
554 3264 698 3330 longinquo
716 3266 747 3316 Δ,
845 3270 868 3316 6.
889 3266 1005 3316 atonitos
1025 3266 1055 3315 B.
1127 3264 1265 3328 decipiunt

70 3357 97 3406 Α,
154 3359 180 3404 o.
198 3357 225 3402 7.
242 3353 376 3403 decorant
386 3350 416 3402 A.
454 3354 602 3403 norroticoi
618 3352 721 3402 aucerre
739 3353 868 3416 serpeus
883 3357 959 3414 potat
978 3365 1009 3402 eo
1026 3365 1092 3414 quoa
1109 3353 1140 3401 de
1157 3351 1265 3413 bpoeoir

70 3449 91 3491 et
109 3442 237 3491 erocottis
255 3443 412 3498 comantur,
430 3439 511 3488 veluti
528 3451 545 3488 a
564 3439 647 3488 Plinio
666 3442 720 3488 not.
741 3439 799 3488 bist.
814 3451 859 3487 vm
880 3442 921 3488 itt.
1014 3441 1038 3488 8.
1059 3450 1110 3486 mu
1130 3437 1167 3486 lle
1187 3449 1264 3486 mon·

69 3531 122 3578 stro
142 3529 170 3578 in
191 3526 277 3588 circle
289 3525 320 3584 l,
345 3538 403 3574 xnrv
422 3524 459 3574 De
478 3525 605 3574 monstris
618 3524 741 3575 Circaeae
761 3527 848 3574 tarrae
868 3525 908 3574 li?
961 3523 1110 3575 Numerone
1128 3523 1157 3572 Α.
1211 3524 1265 3572 cir-

67 3616 122 3664 ciae
141 3613 233 3664 luisse
253 3616 341 3661 terrae
360 3608 459 3660 tinibus
472 3609 502 3669 A,
528 3610 608 3660 circle
627 3613 714 3660 terrae
733 3608 831 3660 linibus
849 3609 931 3660 luisse
946 3610 982 3660 B:
1007 3611 1080 3674 Verp.
1100 3610 1162 3660 Aac.
1179 3623 1213 3658 ru
1233 3613 1262 3658 to

68 3702 193 3764 proxima
215 3698 343 3748 Circaeae
360 3696 492 3748 raduntur
510 3697 586 3747 litora
607 3699 702 3748 terrae.
782 3700 822 3748 tt.
843 3695 993 3746 habuerant
1012 3696 1041 3746 B.
1084 3701 1187 3759 compto
1204 3701 1265 3746 aaut

68 3789 155 3838 omnio
179 3799 199 3835 a
224 3783 343 3846 Verpiiio.
434 3787 473 3834 tt.
501 3796 560 3832 mur
584 3781 622 3832 Dc
648 3784 767 3833 monstro
793 3786 925 3832 nocturno
943 3783 973 3842 Α,
1006 3796 1053 3832 rm·
1081 3783 1118 3832 De
1144 3784 1264 3832 monstro

67 3873 189 3938 quodam
212 3871 346 3919 nocturno
366 3870 406 3919 li?
495 3872 535 3918 tn.
556 3871 660 3918 marana
678 3868 714 3918 A:
740 3870 813 3932 Verp.
829 3868 891 3920 Aeo.
908 3881 945 3917 uu
964 3872 1012 3918 t8'l
1033 3881 1143 3932 magnas
1162 3869 1265 3919 territat

69 3957 161 4010 urbas.
203 3969 268 4006 nam
285 3961 338 4006 toto
355 3956 401 4006 itio
425 3955 571 4019 l'erpiliooo
588 3955 682 4006 Famae
700 3957 836 4018 dormitatio
853 3957 880 4004 in
898 3960 1074 4005 owartrorom
1091 3957 1265 4006 enumeratio-

67 4061 126 4096 nem
144 4045 230 4097 stulte
247 4043 396 4093 relutaeet.
476 4041 549 4105 quod
568 4041 597 4092 Α.
688 4045 729 4092 ts.
755 4054 826 4090 raam
849 4041 885 4090 De
905 4041 1036 4092 inmensis
1060 4039 1214 4091 bominibus
1232 4040 1262 4100 A,

68 4145 123 4182 mu
144 4129 296 4180 hlonstrosi
316 4126 438 4178 homines
458 4129 484 4177 in
502 4127 679 4178 orientalibus
701 4127 785 4192 plagis
803 4127 849 4191 qui
868 4126 978 4177 auribus
997 4141 1026 4176 se
1045 4126 1221 4178 substernunt
1238 4130 1266 4177 ct

65 4215 289 4284 cooperiuntli?
360 4217 401 4262 ta.
423 4211 512 4264 lerunt
530 4213 565 4263 l.-
585 4213 732 4278 linguntli.
786 4212 935 4264 altitudinis
953 4213 1080 4278 pedesli.
1152 4217 1195 4263 2⁰.
1216 4225 1265 4263 va-

67 4316 149 4354 nosas
170 4303 203 4352 Α.
245 4297 398 4355 <moliamur
417 4299 549 4362 Seplocam
566 4305 669 4351 secutus
686 4301 806 4350 decerem
828 4299 1173 4350 rectractationum.
1212 4299 1264 4348 Lo-

68 4395 116 4441 tioi
135 4389 279 4452 emptoris
296 4389 341 4449 qui
357 4385 467 4448 fabulosi
481 4388 571 4450 populi
588 4400 666 4438 aaran
684 4401 741 4438 euro
758 4388 851 4436 vaceis
869 4387 1050 4448 conparaverit
1073 4398 1125 4435 ooo
1142 4387 1264 4436 reeorda-

67 4491 137 4528 mor.
238 4477 279 4524 28.
301 4486 348 4525 xnr
367 4472 404 4522 lle
424 4473 516 4538 arpitis
534 4472 564 4534 A,
591 4487 656 4526 aevu
676 4473 713 4525 De
733 4471 847 4538 Harpyis
866 4472 907 4523 B?
976 4472 1050 4536 arpie
1068 4471 1122 4522 Aa.
1193 4474 1265 4521 stro-
