3186 5108
331 387 402 464 158
625 401 715 466 itant
736 421 903 466 minum
926 420 1104 468 amariora
1122 399 1218 464 ⁴85⁹.

328 591 406 654 liaeo
434 601 470 656 ut
498 591 709 658 emendarent
738 593 883 658 homines
909 591 995 658 dooti
1025 592 1124 656 multa
1153 593 1367 674 protulerunt,
1396 589 1450 656 sed
1475 601 1504 656 ut

325 697 430 758 omnia
464 698 561 760 unias
589 698 794 760 testimonum
821 697 913 760 assia.
981 713 1054 758 nam
1090 715 1162 760 oum
1191 696 1410 760 armenum
1434 693 1504 758 libor

327 799 404 862 lraee
426 798 592 880 praebeat,
624 803 668 863 lte
689 800 760 863 ltine
780 818 924 862 camerone
951 817 1008 862 rior
1029 817 1144 881 quoquae
1173 801 1236 864 iem
1264 803 1304 864 ite
1324 818 1409 875 anne,
1437 795 1504 878 quid

326 912 430 983 potest
461 921 535 966 esso
569 904 713 985 apertius
749 923 844 985 quam
877 903 1019 966 traiectis
1055 901 1181 966 duabus
1211 902 1343 966 vocibus
1376 901 1505 966 seriben-

326 1005 404 1068 dum
432 1023 502 1070 esse
525 1023 572 1070 rra
595 1008 671 1069 rarii
700 1007 760 1070 sod
784 1016 856 1088 post
889 1015 953 1070 tam
986 1006 1111 1086 longam
1140 1006 1388 1088 disputationem
1420 1015 1504 1068 totum

326 1127 454 1174 aermon
476 1108 726 1174 adsoribendum
745 1121 805 1190 est,
830 1119 866 1174 ut
887 1109 1022 1174 sublntls
1044 1110 1176 1174 maoulis
1198 1111 1356 1189 elegantia
1374 1109 1441 1172 eius
1456 1105 1505 1170 ad-

326 1221 448 1294 pareat.

456 1335 500 1396 lte
521 1333 601 1412 ltine,
626 1336 735 1396 marma
757 1337 797 1396 ite
817 1333 974 1397 rmumm
987 1331 1165 1416 'ampullam

456 1437 564 1519 r'osluto
586 1455 657 1500 rore
678 1455 739 1499 noo
761 1433 891 1500 Aoloioo
913 1437 1018 1511 verbo,

455 1549 483 1604 et
504 1559 568 1622 ooo,
596 1541 729 1623 Stiloqm
754 1543 947 1623 inimemor
975 1543 1139 1623 eropue,

455 1644 702 1708 redoleatiomrm
724 1646 808 1708 ηαείο
829 1645 956 1708 madeus
975 1646 1095 1729 pispiri,

456 1749 495 1812 ite
516 1748 596 1828 ltine,
622 1750 715 1810 morte
736 1747 893 1830 epmbolon
916 1751 1091 1811 mammet.

456 1859 556 1932 mmm,
580 1871 598 1914 o
620 1869 759 1914 meomtm
780 1869 887 1928 omrem
913 1853 1018 1928 Seaete,
1043 1871 1204 1928 aurorum,

456 1955 535 2033 nale,
562 1953 694 2031 Salium·
718 1956 781 2017 imo
803 1955 911 2033 volem,
933 1954 1076 2037 formosi.

455 2075 511 2118 ooo
534 2057 576 2119 od
598 2055 700 2121 motor
723 2059 793 2124 uelo
814 2059 958 2123 mittimus
978 2047 1109 2141 portior,¹

456 2162 562 2244 mopni
580 2167 712 2242 petentes
734 2161 822 2225 docto
844 2161 925 2224 dioto
947 2163 1087 2244 Syrmus,

455 2267 608 2346 uitamque
629 2263 668 2326 ab
690 2269 774 2328 omni
793 2265 1015 2330 vindicabimus
1037 2283 1127 2327 mero.

455 2370 494 2430 ite
516 2367 597 2446 line,
621 2385 775 2446 carnaeae,
800 2386 854 2431 voa
876 2387 991 2451 puroque
1012 2372 1051 2431 ite
1073 2371 1146 2446 iam,
1171 2384 1247 2430 saue

456 2469 559 2534 dulces
580 2489 725 2534 eommoe
748 2473 836 2554 (oum
854 2471 1021 2555 fatebimur
1042 2491 1161 2550 nemim,

456 2575 560 2638 dulcet
579 2574 720 2657 sumtis);
744 2584 772 2639 et
793 2584 894 2639 tomen
915 2593 999 2638 meos
1021 2575 1146 2638 allartus

456 2679 619 2758 redditum,
645 2679 699 2741 sed
717 2679 869 2761 pudenter
890 2688 918 2742 et
939 2699 1027 2742 roro.

414 2815 448 2879 ln
480 2819 621 2880 carmine
648 2826 756 2879 octavo
780 2838 811 2880 v.
831 2818 870 2878 l9
894 2835 1036 2879 errorem
1066 2815 1297 2898 exemplarium
1319 2815 1507 2886 Aldinorum

328 2939 410 3002 quae
433 2923 563 3004 atriperu
586 2919 715 3000 habeut,
746 2921 888 3002 Scaliger
911 2923 1059 3002 correxit,
1092 2922 1222 3001 ignarus
1244 2921 1388 3004 dripere,
1412 2935 1509 2980 varam
1576 2939 1577 2998 p

328 3021 420 3086 verbi
437 3023 580 3104 lamnam,
607 3025 640 3086 in
660 3023 754 3086 libris
771 3026 927 3106 inpressis
941 3024 1175 3106 antiquioribus
1197 3023 1272 3106 legi.
1313 3041 1417 3105 neque
1433 3015 1509 3083 aliud

327 3125 446 3208 legitur
475 3128 506 3188 in
537 3127 646 3190 oodioe
669 3128 887 3191 Bruxellensi:
921 3149 1034 3192 verum
1063 3129 1175 3204 arulas,
1206 3125 1291 3208 quod
1318 3126 1456 3208 Scaliger
1484 3124 1509 3183 in

327 3231 413 3293 mulo
434 3231 665 3294 nominativum
688 3231 876 3294 mutandum
899 3252 969 3295 esse
992 3231 1084 3310 vidit,
1112 3233 1205 3293 etiarn
1230 3231 1284 3292 ille
1307 3229 1390 3295 liber
1411 3227 1507 3293 habet.

326 3336 449 3415 pariter
471 3354 502 3396 v.
521 3337 561 3398 22
586 3335 751 3398 confirmat
774 3335 904 3417 quidem
929 3333 1015 3418 quod
1035 3337 1207 3398 Salmasius
1229 3331 1433 3397 scribendum
1449 3349 1509 3393 esse

329 3437 487 3500 intellexit
505 3447 643 3522 propter,
669 3438 811 3502 sednon
832 3438 1048 3522 faciebamt,
1074 3459 1186 3502 verum
1209 3447 1329 3514 saneto,
1356 3440 1408 3519 qui
1430 3449 1509 3497 error

327 3543 422 3603 etiam
453 3545 485 3604 in
516 3542 671 3622 inpressis
705 3561 767 3604 non
797 3543 894 3606 nullis
924 3544 1099 3606 invenitur.
1152 3538 1333 3604 eonieotura
1367 3537 1508 3604 utendum

328 3645 388 3707 luit
412 3647 443 3706 in
467 3645 529 3707 alia
551 3647 702 3708 carminis
731 3654 834 3728 parte.
882 3645 1032 3727 leguntur
1054 3648 1149 3726 vulgo
1178 3645 1252 3707 inde
1275 3665 1292 3707 a
1315 3665 1347 3707 v.
1367 3645 1385 3704 8
1409 3645 1506 3705 haece.
1574 3701 1575 3756 i

455 3774 510 3838 ubi
530 3777 586 3838 iste
602 3783 674 3858 post
696 3775 830 3840 Sabinus
852 3784 922 3840 aute
945 3777 1084 3854 (lteirrrlio

457 3877 574 3942 bidente
594 3879 668 3942 dicit
689 3879 854 3944 attendisse
871 3879 989 3962 forcipe

457 3990 575 4046 corteto
595 3983 685 4062 eollo,
710 4002 810 4065 oepuo
831 3982 989 4048 sordidum
1011 3985 1081 4066 iupa

455 4094 609 4168 premente
630 4087 712 4149 duro
734 4087 847 4149 ominus
869 4086 969 4150 ederet
992 4087 1074 4150 rubo.

329 4213 380 4276 hio
402 4215 554 4296 Souliger,
592 4233 633 4278 ne
663 4231 776 4278 versus
805 4215 1016 4296 alaudioaret‚
1053 4215 1261 4280 scribendam
1289 4235 1359 4282 esse
1385 4214 1505 4278 coniecit
1572 4271 1573 4282 ,

328 4318 481 4398 oltodime,
508 4320 591 4382 tueri
614 4337 650 4382 se
674 4319 706 4380 id
728 4338 820 4400 posse
844 4330 931 4382 ratus
947 4321 1079 4384 oonlatis
1099 4323 1193 4404 ettipo
1215 4331 1247 4382 et
1265 4341 1357 4406 popo.
1402 4323 1433 4381 in
1452 4333 1505 4398 qut

329 4432 504 4483 commento
527 4441 589 4483 non
613 4425 713 4503 magis
736 4422 923 4486 morandum
945 4433 994 4486 est
1022 4443 1117 4505 quam
1141 4427 1174 4485 in
1197 4421 1356 4488 similibus
1376 4422 1417 4485 ad
1437 4437 1506 4502 quos

330 4524 414 4587 lraud
438 4527 480 4586 ita
505 4543 574 4586 raro
598 4524 733 4606 quadam
758 4527 947 4608 intemperie
970 4527 1095 4590 delatus
1124 4537 1169 4590 est
1198 4528 1380 4604 erroribus,
1411 4540 1505 4604 neque
1571 4555 1572 4570 ÷
