3186 5108
373 422 463 488 inunt
485 443 653 489 nncrronvrr
676 443 860 489 ιιιιιιιιιιιιιιιι
879 423 974 488 4858.
1200 411 1270 485 145

92 612 247 694 describit,
279 624 314 677 ut
344 615 443 678 multa
465 624 541 678 sunt
571 616 605 676 in
633 616 691 678 boc
714 615 854 678 carmine
877 616 985 698 lepida
1008 626 1039 679 et
1062 617 1180 697 iocosa,
1212 617 1272 680 alia

90 737 324 782 commemorare
353 719 501 780 animalia
534 718 596 780 nisi
631 717 735 781 edulia
771 738 871 800 eaque
905 739 1029 800 magna.
1088 722 1182 784 immo
1216 719 1272 784 ubi

88 820 170 884 deam
192 831 318 885 taurmn
346 841 556 904 permagnum
586 831 640 884 aut
666 841 779 903 aprum
809 823 986 886 silvestrem
1017 822 1145 887 adferre
1171 823 1270 902 videt,

88 924 185 988 laudat
207 945 276 988 eam
299 935 396 1008 atque
419 924 567 988 edacitati
596 925 846 988 misericordiam
875 927 1005 990 humani
1029 928 1157 1008 generis
1178 946 1273 1010 prac-

86 1028 215 1091 tcodens
226 1031 372 1092 hortatur
394 1037 430 1092 ut
444 1029 551 1092 missis
566 1027 743 1092 minoribus
764 1029 956 1094 animalibus
970 1049 1101 1112 magnas
1117 1040 1147 1093 et
1162 1031 1273 1094 noxias

87 1131 187 1195 beluas
201 1133 313 1194 venari
336 1143 458 1214 pergat,
484 1150 578 1212 apros
601 1142 633 1194 et
656 1142 774 1211 tauros,
799 1134 832 1194 ni
852 1135 968 1197 mirum
987 1135 1161 1214 silvestres,
1187 1132 1273 1216 quod

86 1255 137 1316 per
157 1255 191 1299 se
213 1245 313 1319 patet.

162 1341 272 1422 ltaque
294 1340 327 1402 in
352 1341 411 1401 hac
432 1340 582 1401 carminis
604 1347 695 1421 parte
711 1339 862 1403 mendum
878 1339 995 1404 frustra
1011 1343 1190 1423 quaesitum
1210 1353 1270 1422 est,

85 1441 134 1504 sed
156 1443 264 1524 inepte
294 1443 413 1523 scripta
441 1452 516 1505 sunt
539 1460 645 1522 neque
676 1443 782 1506 minus
812 1445 921 1525 inepte
948 1455 1068 1508 mutata
1091 1464 1173 1527 quae
1197 1445 1272 1508 inde

84 1565 214 1610 eversu
237 1547 300 1608 2⁴2
323 1545 365 1608 de
388 1544 557 1608 comitibus
578 1546 697 1608 Dianae
720 1545 843 1627 Cyrene
867 1555 899 1608 et
920 1547 1056 1611 Anticlia
1079 1547 1241 1627 dicuntur,

206 1645 240 1712 αἳ
260 1652 379 1735 πρῶται
400 1643 462 1712 dod
481 1641 552 1720 τόξα
574 1645 627 1712 καὶ
649 1642 720 1735 ἀμφ’
748 1638 858 1733 ὤμοισι
880 1649 1031 1737 φαρέτρας

207 1749 344 1824 ἰοδόιοις
366 1746 533 1839 ἕφόρησαι,
559 1746 709 1817 &ottone
731 1750 764 1816 δι’
787 1776 838 1842 φιν
862 1743 942 1837 ὦμοι

205 1852 347 1941 δεξιτεροὶ
369 1851 421 1918 καὶ
443 1850 554 1940 γυμνὸς
576 1850 624 1919 ἀεὶ
646 1853 847 1942 rupaeclarae
871 1855 976 1941 μαζός.

84 1957 206 2022 inerunt
230 1961 285 2040 qui
315 1953 465 2024 ἇσόλωτοι
494 1958 574 2022 illud
603 1961 764 2041 explicare
795 1971 1006 2041 conarentur,
1038 1981 1144 2044 neque
1168 1971 1273 2024 tamen

83 2081 154 2143 opus
183 2071 233 2124 est
259 2072 295 2126 ut
316 2063 483 2144 opiniones
512 2081 621 2126 eorum
652 2064 842 2128 refutemus:
875 2066 1077 2128 menifestum
1110 2076 1158 2130 est
1187 2068 1273 2129 enirn

3 2185 5 2204 ¹
83 2166 166 2228 nihili
200 2165 390 2229 vocabulum
419 2186 491 2228 curo
521 2169 643 2248 aptiore
678 2168 865 2232 mutandum
895 2188 977 2232 esse.
1031 2169 1090 2232 sed
1118 2171 1273 2251 'loupium

82 2271 181 2350 opinio
203 2270 416 2332 vehementer
444 2269 557 2334 lelellit
579 2289 650 2333 cum
679 2273 711 2332 in
734 2270 1067 2336 animadversionibus
1089 2272 1131 2336 ad
1153 2273 1274 2336 Suidan

82 2382 102 2433 t.
120 2392 140 2434 n
167 2394 201 2455 p.
226 2375 289 2436 282
320 2374 539 2455 pronuntiavit
568 2393 603 2436 se
632 2393 743 2436 veram
772 2384 867 2457 atque
896 2376 1075 2457 elegantem
1104 2377 1273 2439 lectionem

82 2475 197 2558 absque
229 2477 445 2540 controversia
482 2477 671 2540 Callimacho
701 2479 890 2542 restituisse.
944 2499 1017 2542 narn
1051 2481 1138 2544 nulla
1172 2490 1275 2562 potest

81 2599 144 2643 esse
167 2581 382 2643 controversia
405 2580 483 2661 quin
508 2573 673 2657 ἀτόλωτοι,
704 2580 790 2662 quod
813 2582 1003 2647 Callimacho
1025 2583 1190 2664 attribuit,
1223 2585 1275 2646 in-

81 2693 183 2764 eptum
198 2685 241 2745 sit
263 2691 295 2745 et
311 2683 406 2763 plane
421 2683 608 2746 absurdum.
649 2683 729 2764 quid
745 2685 831 2747 enim
846 2684 1019 2750 absurdius
1033 2689 1274 2750 commemorari

81 2795 177 2865 potest
193 2804 288 2868 quam
306 2786 449 2868 Cyrenae
469 2797 501 2850 et
515 2785 671 2850 Anticliae
688 2786 817 2850 dextros
837 2809 965 2851 umeros
985 2809 1048 2852 non
1066 2790 1163 2854 luisse
1179 2792 1275 2854 callo-

80 2907 126 2952 sos
148 2891 260 2970 quales
283 2889 461 2953 baiulorum
485 2892 587 2953 umeri
612 2909 681 2952 esse
710 2892 835 2954 solenti
871 2892 987 2955 lrustra
1010 2902 1118 2956 autern
1133 2896 1274 2977 'loupius

82 2991 246 3056 ridiculum
276 3003 491 3056 commentum
522 3013 559 3055 eo
589 2993 759 3074 detorquet
794 3004 830 3058 ut
859 2995 944 3059 dicat
974 2986 1075 3081 ὤμους
1105 2991 1275 3071 ἀτιλώτους

81 3115 146 3159 csse
166 3115 295 3160 umeros
321 3097 429 3160 oneris
449 3099 618 3160 immunes.
653 3107 825 3178 praeterea
843 3099 932 3164 credi
954 3101 1041 3163 nullo
1061 3100 1153 3165 modo
1171 3112 1274 3182 potest

81 3199 300 3264 Callimachum
331 3194 479 3265 ἀτάλαντοι
507 3200 669 3264 dicturum
699 3202 797 3265 luisse
823 3201 977 3284 producta
1006 3205 1105 3268 altera
1133 3204 1270 3287 syllaba;

81 3303 159 3382 quod
188 3314 295 3368 autem
325 3303 445 3367 deinde
466 3305 585 3386 l'onpio
616 3305 648 3366 in
678 3313 817 3368 mentem
848 3309 937 3368 venit
965 3307 1173 3372 scribendum
1202 3328 1274 3372 esse

80 3399 257 3486 ἆτόλλιιτοι,
289 3408 404 3471 vitium
426 3408 503 3470 vitio
530 3407 662 3488 obtegit.
709 3410 764 3471 vix
786 3408 898 3472 credas
920 3411 1031 3492 'loupii
1059 3412 1274 3475 coniecturam

80 3510 200 3588 placere
224 3512 367 3594 petuisse
390 3510 548 3574 Brunckio
572 3521 603 3572 et
625 3510 764 3574 lacobsio
792 3511 889 3594 (anth.
912 3514 976 3576 Pal.
1002 3523 1026 3576 t.
1044 3533 1078 3576 ιιι
1102 3534 1134 3596 p.
1151 3515 1267 3599 murth

81 3615 171 3678 multo
194 3617 289 3678 etiam
313 3616 420 3678 minus
447 3614 560 3677 eredas
587 3615 696 3695 augeri
728 3617 868 3697 potuisse
890 3617 1049 3698 opinionis
1077 3619 1273 3699 perversita-

80 3724 148 3779 tem.
188 3719 321 3800 contigit
340 3728 375 3781 ut
394 3728 526 3799 augeret
541 3718 747 3781 blomlieldio.
789 3719 816 3782 is
836 3721 920 3782 enim
947 3720 1072 3802 ‘quodsi
1089 3740 1203 3784 verum
1223 3722 1273 3784 sit’

81 3819 179 3902 inquit
203 3816 401 3899 ‘dedititiorum
433 3822 585 3885 verterim
615 3823 739 3902 callosi,
776 3844 796 3885 α
819 3823 977 3887 intensive
1008 3825 1156 3906 sumpto.'
1202 3826 1271 3888 veri

79 3925 208 3988 similius
236 3935 286 3990 est
308 3924 496 3990 Blcmfieldii
526 3934 665 3988 mentem
694 3944 790 4007 quam
812 3927 974 4008 virginum
998 3927 1270 3990 Callimacbiarum

80 4047 200 4092 umeros
215 4029 410 4093 occalluisse.
450 4037 592 4092 ceterum
611 4037 711 4090 toturn
735 4029 815 4092 illud
838 4030 1015 4093 intensivac
1038 4032 1163 4094 litterae
1184 4051 1270 4094 eom-

79 4141 215 4196 mentum
237 4153 343 4215 nuper
362 4133 536 4195 immanuel
551 4132 717 4196 Bekkerus
735 4131 889 4212 breviter,
916 4144 950 4196 ut
970 4134 1061 4214 solet,
1086 4124 1151 4198 sed'
1166 4137 1293 4202 veris-r

79 4235 152 4298 sime
183 4236 357 4299 confutavit
388 4237 420 4297 in
448 4234 656 4298 relationibus
679 4238 851 4299 menstruis
872 4235 1061 4300 Academiae
1084 4239 1269 4302 Bcrussicae

84 4337 118 4418 (a.
137 4340 220 4402 ⁴857
240 4362 274 4422 p.
291 4341 351 4402 l80
375 4338 520 4424 [Homer.
538 4340 657 4402 Btnrter
673 4339 802 4424 ΜΗ)
847 4341 1056 4404 Callimachus
1078 4341 1158 4403 nibil
1181 4342 1268 4406 aliud

79 4439 193 4506 dixisse
223 4454 327 4526 potest
349 4462 445 4525 quam
467 4442 597 4504 dextros
625 4443 825 4506 venatricem
856 4444 980 4506 illarum
1010 4463 1137 4506 umeros
1165 4446 1268 4509 nudos

80 4543 171 4608 luisse
187 4567 251 4628 quo
267 4547 465 4628 expeditiora
481 4555 512 4608 et
528 4545 692 4608 mobiliora
707 4556 814 4609 essent
830 4546 994 4634 bracchia;
1022 4549 1125 4628 qualis
1139 4548 1268 4612 babitus

124 4663 243 4717 tlsnptll
258 4663 368 4718 Opurcnlc
386 4663 415 4704 11.
1026 4667 1056 4716 10
