3184 5108
339 355 413 427 276
631 371 719 440 lupar
741 389 906 433 ancrronur
929 389 1112 434 alemannis
1129 371 1223 432 4864.

424 557 542 620 Eodem
565 557 645 620 libro
668 578 737 642 cap.
756 561 834 621 30l
870 560 943 622 olim
974 558 1175 622 scribebatur
1203 577 1293 642 saepe
1314 559 1392 642 parad
1417 561 1507 641 eupli-

335 663 417 722 cavit
439 681 525 723 mora
549 664 722 744 pertinacia
743 663 891 726 tradentis
916 661 1080 744 abruptam
1101 669 1155 742 est,
1186 661 1369 743 habentque
1396 661 1427 724 id
1452 681 1504 724 nen

337 764 416 825 nulli
445 763 581 826 codices.
628 767 659 828 in
683 766 753 827 aliis
782 777 829 829 est
858 783 948 847 saepe
970 765 1047 848 pind
1069 765 1224 846 explicari
1251 784 1318 828 cnm
1347 784 1432 827 mara
1456 763 1506 846 (vel

336 885 403 928 cnm
425 867 519 950 made)
547 867 648 930 debuit
665 869 839 950 pertinacia
863 869 1010 931 natata
1032 867 1196 949 abruptam
1218 876 1272 930 est.
1319 887 1422 949 nuper
1447 869 1506 949 pla-

336 972 401 1031 cuit
422 971 508 1050 quod
529 991 613 1034 unus
636 971 719 1034 liber
741 972 870 1034 minime
892 971 995 1035 benus
1016 968 1176 1052 praebuit,
1207 989 1297 1052 saepe
1318 970 1397 1053 qued
1417 971 1506 1052 eapti-

335 1076 404 1134 cari
422 1076 527 1155 pontit,
555 1077 729 1157 pertinacia
756 1075 904 1138 tradentis
932 1074 1096 1156 abreptam
1118 1080 1172 1136 est.
1219 1091 1300 1155 quae
1329 1076 1431 1136 omnia
1457 1072 1506 1134 lal-

334 1176 457 1238 sissima
480 1178 699 1259 conplementa
722 1188 797 1241 sunt
819 1180 887 1241 eius
909 1179 1085 1259 scripturae
1108 1195 1204 1257 quam
1223 1177 1415 1240 Nazarianus
1435 1176 1506 1238 liber

334 1277 447 1358 habet,
487 1299 577 1362 saepe
604 1281 683 1362 qaod
710 1282 867 1363 eaeplicari
890 1282 1063 1363 pertinacia
1092 1279 1239 1342 ualentis
1272 1280 1435 1361 adrapinam
1459 1286 1505 1354 est,

333 1382 419 1463 quod
441 1402 516 1446 sane
540 1403 602 1446 nou
626 1385 786 1464 integrum
801 1395 858 1463 est,
884 1384 941 1447 sed
960 1403 1023 1446 non
1046 1385 1088 1445 ita
1106 1392 1143 1445 ut
1158 1381 1274 1446 laetum
1291 1393 1339 1445 est
1356 1383 1507 1464 integran-

333 1484 420 1548 dum.
468 1505 541 1549 nam
563 1488 738 1569 pertinacia
769 1489 837 1550 eius
865 1497 912 1550 est
940 1487 996 1568 qui
1021 1486 1155 1549 adsidua
1183 1505 1220 1548 ae
1248 1486 1396 1567 diligenti
1423 1503 1505 1567 opera

273 1611 278 1616 ·
332 1589 453 1670 aliquid
483 1591 642 1671 explicare
664 1590 781 1670 studet,
813 1610 876 1653 non
907 1591 976 1653 eius
1005 1593 1061 1671 qui
1091 1588 1207 1651 laboris
1236 1591 1398 1670 inpatiens
1424 1589 1507 1670 inpli-

332 1701 399 1753 cata
424 1693 475 1754 lile
497 1693 644 1756 celeriter
666 1704 698 1756 et
711 1693 869 1756 violenter
889 1691 1044 1756 trahendo
1067 1693 1197 1773 rumpit.
1237 1694 1269 1753 in
1287 1692 1423 1773 epistula
1438 1693 1506 1752 505

332 1795 452 1856 Seneca
475 1794 551 1858 nihil
573 1805 618 1859 est
639 1799 743 1877 inquit
764 1797 843 1879 qued
864 1815 924 1858 nen
946 1802 1100 1878 eapapnet
1123 1798 1274 1877 pertinen
1295 1813 1392 1876 opera
1419 1803 1445 1857 et
1467 1797 1507 1856 in-

332 1905 413 1959 teata
441 1917 478 1960 aa
505 1898 634 1982 dilipens
656 1919 743 1962 cara.
791 1901 898 1980 itaque
929 1897 1084 1962 eiusmodi
1113 1897 1235 1979 aliquid
1261 1899 1428 1979 scripsisse
1454 1917 1506 1979 pu·

288 1998 447 2064 tutandus
469 2012 529 2082 est,
555 2021 644 2085 saepe
666 1987 755 2084 paod'
779 2003 933 2084 explicari
950 2003 1124 2083 pertinacia
1144 2003 1257 2082 potuit,
1278 2001 1428 2063 violentia
1449 2008 1507 2062 tra-

330 2103 427 2166 dentis
449 2105 613 2186 abruptum
627 2114 690 2168 est:
721 2123 913 2186 quamquam
936 2105 1003 2185 ipsa
1020 2122 1102 2184 quae
1125 2105 1318 2167 inseruimus
1333 2103 1431 2166 verba
1450 2121 1506 2164 nan
1576 2147 1577 2178 3

330 2216 538 2287 praestamus
1230 2259 1231 2264 κ

415 2311 449 2371 ln
473 2311 608 2390 epistula
630 2314 648 2373 l
676 2313 687 2372 l
720 2312 862 2392 intellegi
888 2319 991 2391 potest
1019 2308 1104 2389 quod
1133 2309 1259 2390 legitur,
1288 2327 1452 2391 persevera
1478 2315 1506 2369 nt

328 2413 451 2493 coepnti
471 2421 498 2476 et
513 2422 656 2495 panium
676 2422 761 2496 pates
779 2433 925 2498 propera
951 2431 1008 2494 pao
1031 2411 1144 2474 diutius
1163 2410 1233 2492 [rai
1246 2413 1400 2476 emendata
1415 2416 1506 2474 anina

327 2522 355 2576 et
376 2518 525 2597 conposita
543 2518 655 2598 passis.
703 2535 775 2578 nam
797 2516 938 2598 prolecto
961 2534 1022 2596 quo
1045 2516 1200 2577 maturius
1221 2514 1344 2595 aliquid
1365 2514 1506 2596 adipisci-

328 2635 399 2679 mur
422 2637 458 2680 eo
482 2617 549 2680 lere
565 2619 686 2682 diutius
708 2618 813 2683 iruetu
836 2622 906 2682 eius
928 2620 1064 2693 utimur;
1092 2627 1178 2679 certe
1201 2636 1264 2679 non
1285 2617 1343 2681 diu
1363 2619 1410 2682 eis
1431 2617 1505 2680 irui·

326 2739 398 2782 mur
419 2721 459 2784 ad
483 2740 565 2802 quae
588 2741 658 2783 sero
679 2724 898 2802 pervenimus.
945 2719 1002 2783 sed
1024 2722 1141 2782 mirum
1164 2731 1213 2783 est
1235 2731 1340 2784 mmen
1360 2723 1503 2784 Senecam

277 2827 279 2832 ’
326 2825 367 2886 ita
391 2824 476 2904 loqui
501 2825 648 2888 maluisse
671 2843 765 2906 quam
789 2827 834 2888 uti
850 2826 990 2888 oratione
1013 2823 1206 2904 simpliciore
1229 2833 1260 2886 et
1283 2826 1415 2906 aptiore.
1450 2825 1503 2885 ita-

324 2945 387 3006 que
410 2927 609 3008 suspieamur
631 2945 687 3008 qna
710 2946 803 2990 arrivs
826 2925 1031 2989 scribendum
1054 2945 1135 2988 esse.

410 3030 551 3092 Certiora
579 3029 799 3092 emendatione
821 3030 934 3092 vitium
962 3030 1101 3091 tollimus
1131 3048 1171 3090 ex
1200 3015 1336 3111 epistula
1359 3035 1377 3091 9
1401 3032 1418 3092 l
1446 3030 1499 3112 [διε

322 3131 461 3212 loquitur
482 3131 529 3194 ibi
552 3134 671 3196 Seneca
702 3132 742 3195 de
766 3133 921 3215 sapiente,
953 3151 1016 3195 nou
1043 3131 1227 3211 illaquam
1255 3150 1319 3194 non
1342 3134 1420 3196 nulli
1446 3133 1500 3194 lin-

260 3279 270 3294 .
320 3245 448 3314 xerunt,
475 3255 515 3298 ne
539 3239 695 3298 sentiente
719 3235 849 3317 quidem
873 3234 1079 3312 incommoda,
1112 3234 1169 3297 sed
1198 3233 1239 3296 de
1263 3255 1299 3297 eo
1326 3238 1381 3316 qui
1403 3238 1499 3298 vincat

320 3337 451 3418 quidem
475 3338 706 3401 incommodum
721 3358 825 3418 omne,
850 3356 962 3401 verum
985 3340 1112 3416 sentiat,
1138 3336 1275 3418 ideoque
1292 3342 1428 3403 amicum
1451 3340 1499 3400 ha-

320 3440 397 3503 bere
420 3441 507 3521 velit,
533 3460 724 3522 quamquam
748 3441 809 3504 sibi
834 3445 902 3522 ipse
925 3441 1070 3503 suilieiat.
1117 3441 1185 3502 eide
1207 3459 1299 3523 ptam
1321 3444 1362 3504 sit
1382 3461 1415 3505 se
1437 3461 1498 3504 aaa·

319 3551 437 3606 nana:
475 3545 638 3626 alr'qaaada
667 3547 718 3607 sai
747 3553 839 3626 parte
870 3552 1023 3607 contentas
1052 3551 1106 3607 est.
1160 3546 1189 3606 si
1217 3544 1265 3606 ilii
1297 3563 1421 3607 ananam
1453 3552 1499 3606 aat

319 3647 441 3710 mordas
470 3655 525 3709 ant
544 3647 637 3710 nostis
660 3647 819 3726 caeciderit,
851 3649 968 3729 siquis
997 3645 1114 3708 aculam
1144 3647 1192 3708 vet
1213 3648 1315 3709 oculos
1337 3666 1427 3711 casas
1448 3665 1497 3709 aa·

317 3751 457 3825 cesserit,
493 3751 641 3831 reliquiae
663 3750 710 3813 ilii
730 3769 805 3813 snae
826 3750 1015 3833 satisfacient
1036 3757 1063 3810 et
1086 3751 1144 3813 erit
1165 3751 1312 3812 inminuto
1336 3756 1498 3834 carpareet

317 3861 470 3934 amputato
500 3861 561 3915 tam
596 3854 693 3916 laetas
720 3871 810 3934 qnam
841 3855 955 3936 intepra
981 3851 1052 3933 [ait.
1105 3852 1158 3914 sed
1187 3871 1265 3935 qaae
1292 3853 1354 3918 sibi
1385 3855 1494 3926 decad

316 3975 376 4016 nan
398 3955 569 4018 desiderat:
606 3974 667 4016 nan
689 3956 942 4023 deessemauatt.
992 3957 1035 4017 ita
1056 3958 1179 4037 sapiens
1208 3975 1241 4019 se
1267 3965 1421 4020 emanas
1446 3963 1492 4028 est,

316 4076 375 4120 nen
402 4067 438 4121 nt
465 4059 537 4121 velit
566 4075 630 4121 esse
657 4060 723 4120 sine
751 4060 857 4136 amica,
888 4058 941 4120 sed
973 4065 1007 4120 at
1031 4061 1138 4140 possit.
1186 4061 1229 4122 ita
1260 4058 1347 4122 libri.
1393 4077 1494 4122 verum

315 4180 378 4222 non
401 4163 547 4242 congruit
569 4180 640 4224 eum
663 4163 822 4222 sententia
844 4159 923 4223 illud
945 4161 999 4223 sed
1018 4181 1095 4244 qaae
1118 4161 1177 4225 sibi
1197 4163 1315 4242 desunt,
1341 4183 1401 4226 nan
1421 4161 1494 4224 desi·

315 4264 413 4326 derat.
468 4265 573 4346 itaque
602 4265 677 4326 olim
706 4281 814 4326 omnes
845 4264 1028 4326 Pincianum
1064 4267 1164 4327 secuti
1195 4267 1393 4346 seripserunt
1426 4281 1493 4345 qnae

314 4366 373 4429 sdri
397 4368 515 4444 desunt,
547 4385 608 4428 non
638 4365 809 4429 desiderat:
846 4366 900 4430 sed
927 4386 987 4428 aaa
1016 4367 1118 4429 deesse
1146 4369 1283 4447 mavult,
1313 4387 1394 4448 quae
1418 4375 1491 4446 recta

312 4487 389 4531 sane
413 4472 571 4531 sententia
594 4479 652 4531 est.
700 4479 807 4532 eontra
836 4487 898 4531 non
922 4479 1044 4531 rectum
1068 4479 1116 4531 est
1139 4468 1224 4550 quod
1246 4471 1379 4534 llaesius
1401 4467 1488 4542 dedit,
