3204 5104
397 1194 571 1294 INDEX
602 1189 923 1292 tutltouvll
953 1187 1321 1288 HlBllRNARVM
1354 1195 1474 1288 toto.

346 1449 616 1560 Emendabimus
639 1496 688 1558 bis
711 1496 850 1577 paginis,
877 1493 1061 1576 conabimur
1083 1489 1213 1572 quidem
1236 1501 1326 1554 certo
1349 1490 1516 1568 emendare,

346 1611 512 1682 poetarum
534 1601 654 1682 aliquot
676 1599 856 1662 Latinorum
880 1598 1069 1676 versiculos,
1099 1613 1177 1676 quos
1199 1595 1282 1658 docti
1306 1595 1449 1658 homines
1468 1612 1518 1654 non

348 1713 432 1766 recte
455 1702 547 1766 nobis
569 1700 722 1765 videntur
744 1711 907 1764 tractasse.
1593 1767 1594 1780 1

433 1807 551 1870 Nonius
574 1827 606 1888 p.
632 1806 694 1866 sto
719 1806 738 1868 Ξ
761 1803 839 1866 baec
862 1802 976 1882 babet,
1000 1803 1255 1886 yrmenricum
1277 1802 1408 1866 dicionis
1428 1797 1520 1864 nubt-
1593 1791 1594 1830 ³

348 1910 426 1971 lore.
477 1897 605 1972 Titinius
631 1909 781 1971 Veliterno
813 1907 923 1970 ‘vende
951 1905 1087 1968 bouum
1112 1911 1201 1987 utque
1228 1905 1346 1983 mulos,
1375 1907 1441 1968 siae
1466 1921 1520 1964 eon

346 2011 473 2093 pedibus
494 2013 655 2095 qrossori,
688 2009 843 2093 coufmuqo
878 2007 1128 2090 timueramus:
1161 2007 1235 2069 libri
1258 2027 1327 2070 oum
1349 2008 1460 2090 fiaqerc
1478 2004 1518 2066 vel

349 2113 524 2198 coufiuqere)
544 2115 608 2176 eius
624 2111 819 2195 superbiam!
857 2112 965 2174 Titinii
980 2110 1078 2174 verba
1095 2112 1126 2172 in
1143 2109 1342 2174 Comioorum
1358 2113 1521 2174 latinorum

350 2217 520 2299 reliquiis¹
542 2237 575 2298 p.
603 2215 658 2278 434
687 2217 729 2278 ita
752 2214 947 2294 scribuntur,

745 2317 840 2380 vuido
862 2317 998 2382 thensoro
1020 2337 1057 2380 uc
1078 2317 1187 2382 mulos.

435 2425 502 2486 stuc
524 2441 590 2485 eom
606 2421 733 2504 pedibus
748 2422 810 2484 t'dm
828 2423 988 2504 quassari,
1013 2419 1169 2504 obtsmuqe
1183 2422 1249 2484 cuis
1263 2419 1448 2502 superbiam.

352 2527 384 2588 in
407 2524 525 2606 quibus
548 2528 609 2590 o'cm
630 2543 744 2588 versus
766 2522 952 2587 conlevandi
975 2541 1069 2586 causa
1091 2521 1235 2586 additum
1258 2533 1323 2603 ost,
1356 2525 1442 2587 nullo
1461 2537 1521 2582 ors-

351 2629 445 2690 tionis
468 2629 694 2708 emolumento‚
721 2647 758 2690 ac
771 2627 902 2691 Bothius
917 2647 957 2690 ex
979 2634 1067 2708 atque
1082 2624 1218 2706 fecerat,
1243 2627 1416 2690 mutatione
1430 2625 1520 2706 specie

352 2731 512 2794 lenissima
533 2749 638 2812 nequo
662 2742 767 2794 tamen
789 2731 844 2792 tali
867 2728 1016 2811 qualibus
1038 2729 1237 2811 potissimum
1255 2727 1412 2792 utendum
1433 2737 1475 2792 est
1495 2727 1519 2786 in

350 2832 560 2898 emendandis
582 2833 630 2896 cis
645 2852 727 2915 quae
742 2833 827 2915 opud
843 2833 976 2894 Nonium
992 2850 1162 2914 perperam
1177 2833 1294 2913 scripta
1311 2843 1396 2895 sunt.
1440 2847 1520 2914 prae·

351 2947 438 2998 lorea
461 2937 530 2998 veri
559 2955 621 2999 non
653 2946 700 2999 est
729 2936 832 3000 simile
863 2937 894 2996 in
927 2935 978 2996 illa
1004 2933 1149 2997 eiusdem
1172 2935 1352 2999 sententiae
1374 2934 1520 2997 continuo-
1592 2955 1593 3000 ι

351 3040 436 3102 tione
458 3058 522 3102 non
544 3041 755 3103 continuatam
780 3057 850 3102 osse
872 3036 1006 3101 eandem
1029 3057 1235 3102 numerorum
1257 3035 1400 3101 lorniam.
1444 3033 1520 3098 nobis

352 3142 384 3202 in
407 3143 504 3204 rutilos
527 3142 625 3205 latere
650 3142 778 3206 videtur
800 3142 916 3204 obulos:
939 3141 1110 3204 scribimus
1132 3143 1217 3204 onim

746 3245 841 3308 vende
863 3243 999 3308 thorosum
1021 3251 1110 3326 atquc
1131 3263 1291 3320 susurros,

437 3349 503 3410 siue
524 3346 738 3429 compedibus
758 3349 918 3431 quassari,
942 3346 1098 3430 consriuqc
1119 3348 1185 3410 cius
1207 3345 1394 3428 mpmbcbm.

351 3447 392 3510 do
422 3447 520 3512 forma
550 3449 693 3513 vocabuli
724 3449 810 3530 quod
838 3461 886 3514 cst
914 3449 1059 3512 binnulus
1082 3457 1190 3530 spreta
1216 3448 1372 3514 librorum
1393 3459 1519 3512 veterum

350 3553 536 3615 auctoritate
558 3570 621 3616 non
645 3562 731 3614 recte
754 3551 929 3634 disputavit
951 3550 1168 3615 Schneiderus
1191 3552 1223 3614 in
1246 3553 1416 3616 Varronem
1437 3551 1474 3614 de
1493 3567 1519 3608 re

353 3655 469 3718 rustica
485 3674 517 3736 p.
539 3655 598 3718 tot
615 3664 646 3717 et
662 3655 695 3716 in
710 3652 888 3718 Aristotelis
903 3654 1071 3718 Historiam
1085 3655 1270 3719 animalium
1293 3665 1317 3719 t.
1336 3673 1414 3738 trip.
1431 3655 1516 3715 stts.

351 3757 437 3838 apud
461 3759 594 3820 Nonium
616 3777 649 3837 p.
670 3758 729 3820 lit
747 3758 764 3817 3
790 3758 869 3820 haec
891 3759 1057 3838 leguntur,
1082 3757 1190 3821 blacos
1213 3758 1260 3822 vol
1282 3758 1394 3822 lunas
1406 3757 1458 3822 sub
1474 3773 1518 3836 quo

352 3877 444 3922 sensu
466 3862 602 3942 accipere
624 3858 784 3922 debeamus
804 3864 900 3923 Varro
916 3861 1070 3944 dssiqsiut:
1097 3863 1142 3923 cit
1163 3863 1242 3923 carim
1264 3879 1308 3924 em
1330 3864 1409 3945 oquu
1423 3869 1449 3924 ct
1463 3859 1518 3920 lio-

352 3961 435 4024 uulis
465 3964 518 4045 qui
545 3969 714 4025 nascuntur
742 3961 850 4026 hiaaos
880 3965 995 4026 vocari.
1049 3963 1094 4025 ibi
1123 3962 1235 4026 eodem
1263 3966 1356 4028 modo
1383 3983 1443 4046 quo
1467 3960 1516 4022 illic

354 4064 446 4126 inuiis
468 4063 542 4126 olim
565 4064 719 4147 scriptum
742 4065 838 4128 fuisse
853 4065 983 4129 videtur
1004 4085 1022 4128 a
1045 4085 1107 4128 non
1124 4066 1236 4130 nullis:
1263 4067 1348 4130 liber
1368 4067 1448 4130 enim
1462 4063 1516 4125 Lei-

354 4165 462 4228 densis
491 4165 610 4228 habere
637 4166 755 4230 dicitur
781 4169 883 4248 1ιιιιιιὶὶι
910 4178 965 4230 aut
992 4170 1093 4232 mulis.
1140 4169 1244 4232 simile
1266 4181 1372 4234 autem
1393 4163 1514 4232 hinnulei

353 4267 541 4332 vocabulum
564 4269 711 4332 similiter
732 4289 795 4332 non
818 4289 991 4352 numquam
1014 4271 1182 4352 scribitur,
1207 4272 1307 4336 voluti
1328 4275 1359 4336 in
1375 4267 1515 4350 Exoorptis

354 4369 466 4448 glossis
487 4369 572 4451 apud
588 4373 784 4452 Stephanum
807 4374 926 4436 iuuluts
948 4367 1051 4460 νιβρός
1074 4385 1137 4454 est,
1163 4369 1363 4458 incalco'opud
1380 4373 1513 4438 lloratiuto

355 4473 457 4532 Carra.
484 4491 493 4532 ι
517 4473 556 4534 93
585 4475 595 4534 l
625 4475 656 4535 in
680 4476 818 4555 antiquis
842 4475 932 4538 libris
956 4477 1173 4557 conpluribus.
1221 4479 1279 4541 scd
1301 4479 1384 4560 apud
1401 4475 1511 4538 Nonium
1591 4545 1592 4566 ἢ
