3240 5094
414 389 501 452 lnnsx
526 407 690 452 ιιιυπιοιινιι
714 407 897 454 sternimur
918 393 1011 454 tert.
1234 377 1308 452 509

157 627 462 696 ΚΑΘΗΜΕΡΙΝΗΣ
485 627 654 696 ΟΜΙΛΙΑΣ
789 632 1009 695 corttnttttt
1033 633 1238 708 cottoovn
1319 657 1333 704 t

318 731 494 800 BtssttoN.
924 737 1117 799 LIBELLVS.

228 869 287 940 Σίν
310 868 414 960 etate
437 868 515 960 τίχη
538 867 589 938 ιιαί
603 866 689 936 σιἰτυ-
760 875 838 937 Cum
872 875 953 938 bone
989 876 1113 938 torturus
1142 885 1174 937 et
1208 875 1311 936 ieiici-

183 979 259 1064 χῶς.
312 973 417 1063 ἐπειδὴ
461 971 525 1064 ὁρῶ
560 969 690 1048 πολλοὺς
717 988 776 1039 ιοτ.
824 979 973 1059 quoniam
997 979 1090 1041 uideo
1113 979 1226 1042 muitos

140 1084 161 1142 5
183 1081 403 1164 ἐπιθυμοῦντας
424 1076 591 1165 Ῥωμαϊστί
621 1079 690 1142 δια·
716 1083 883 1162 cupientes
905 1083 1013 1144 Latine
1036 1082 1083 1144 ln-

185 1183 329 1270 λίγταίλαι
350 1180 401 1250 καί
417 1178 589 1268 Ἑλληνιστί
612 1179 690 1266 μηδὲ
716 1186 771 1265 qui
795 1196 826 1246 et
848 1185 968 1248 Graeco
990 1204 1097 1266 neque

183 1283 317 1375 ιίχσριῖις
363 1281 512 1353 δύνασθαι
547 1281 599 1352 διὰ
634 1280 689 1369 τὴν
715 1287 806 1350 focile
828 1307 920 1370 posse
943 1298 1074 1370 propter

186 1391 362 1478 coepeperunt
391 1386 443 1456 καί
463 1382 689 1474 πολυπλήθσιαν
716 1389 987 1468 difficultatemet
1011 1389 1246 1455 multitudinem

182 1501 242 1560 τῶν
262 1489 415 1580 βημάτων,
438 1495 491 1579 τῆς
506 1493 581 1578 ίμῆς
596 1513 690 1556 mtto-
716 1494 899 1571 verborum,
925 1513 994 1558 meo
1017 1496 1063 1556 lu·
1088 1569 1092 1578 Ι

117 1603 158 1664 to
182 1598 311 1670 παίλιίας
344 1593 396 1662 καί
429 1595 605 1684 φιλοπονίας
634 1589 689 1660 oris
715 1597 793 1660 bore
815 1608 847 1661 et
870 1597 1026 1660 industrie
1049 1617 1111 1662 non

184 1697 353 1789 ἐφεισάμην
395 1703 448 1766 τοῦ
486 1695 527 1784 μὴ
563 1703 690 1783 ποιησαι
716 1703 845 1782 peperci
868 1702 1038 1781 quominus
1060 1702 1196 1764 iacerem

184 1799 265 1878 ὅπως
287 1805 319 1868 ίν
341 1801 419 1890 τρισί
442 1801 566 1889 βιβλίοις
589 1803 688 1888 ἑμμη-
715 1814 751 1867 ut
775 1805 806 1866 in
830 1803 934 1868 tribus
958 1803 1050 1868 tibris
1073 1807 1173 1866 inter-

184 1903 337 1994 ναυμοίτιον
369 1902 466 1972 πάντα
497 1902 535 1972 τὰ
570 1900 689 1990 βήματα
715 1917 985 1989 pretementorum
1008 1909 1112 1970 omnis
1136 1906 1233 1969 uerba
1292 1925 1294 1928 ·

184 2005 400 2098 συγγράψαιμι.
458 2005 588 2084 πολλοὺς
631 2004 689 2094 γὰρ
715 2010 960 2074 conscriberem.
1008 2011 1121 2074 multos
1144 2012 1228 2074 enim

118 2119 159 2180 ts
183 2111 246 2202 ὁρῶ
268 2107 531 2202 ἐπικεχειρηκότος
553 2108 590 2178 σίν
611 2107 689 2176 κατὰ
714 2113 809 2176 uideo
831 2125 958 2176 conatos
979 2133 1042 2177 non
1065 2132 1123 2195 pro

182 2216 236 2305 rip
280 2214 363 2290 ἀξίαν
405 2213 509 2289 ιιαίλαίς
547 2211 618 2282 αὐτὸ
653 2211 689 2280 τὸ
715 2216 869 2298 dignitate
891 2219 974 2281 sicut
996 2220 1062 2298 ipse

182 2325 307 2409 πρᾶγμα
330 2321 418 2398 αίτιῑ,
443 2315 523 2386 οἰλλὰ
541 2323 595 2405 τῆς
611 2317 689 2391 ἰδίας
716 2341 767 2384 res
789 2323 936 2402 postulet,
962 2321 1018 2386 sed
1041 2341 1117 2384 suae

184 2420 685 2510 ἐπιθορίαςιιαίγυμνααίαςἕνεκα.
715 2424 899 2507 cupiditatis
911 2437 942 2488 et
953 2426 1305 2505 exercitationisprstin.

184 2522 278 2602 οὕτως
292 2523 381 2612 κενὴν
396 2524 546 2614 καύχησιν
562 2521 621 2590 ἀπὸ
636 2528 689 2590 τοῖν
715 2531 760 2590 sic
784 2531 910 2592 inanem
934 2530 1064 2608 gloriam
1087 2549 1103 2590 n
1254 2525 1255 2530 ’

116 2636 159 2698 20
182 2628 302 2718 πρώτου
330 2627 502 2716 ἀπήνεγκαν
525 2628 615 2716 μέχρι
635 2631 689 2694 τοῦ
715 2635 817 2714 priuis
839 2631 1040 2697 abstuterunt
1063 2631 1226 2714 usquead

182 2729 324 2822 ἐσχάτου.
415 2729 455 2798 δι’
482 2725 520 2819 ἢν
591 2731 688 2798 αἰτίαν
716 2746 907 2798 extremum.
933 2745 1169 2816 propterquam
1183 2753 1307 2798 oensem

182 2834 218 2906 οὔ
254 2839 356 2922 τολμῶ
398 2836 539 2909 πλείονας
581 2829 688 2922 λόγους
715 2857 776 2900 που
800 2840 942 2902 sustineo
965 2839 1055 2919 plura
1079 2838 1178 2901 uerba

182 2945 320 3028 ποιῆσαι,
338 2936 417 3006 ἀλλὰ
432 2936 580 3028 βούλομαι
595 2931 689 3006 ίιπασι
714 2939 830 3020 iecere,
856 2941 914 3004 sod
936 2943 1006 3003 noio
1028 2941 1177 3006 omnibns

183 3041 313 3133 φανερὸν
334 3047 460 3130 ποιῆσαι
482 3043 598 3128 μηδένα
613 3042 688 3128 βίλ-
714 3045 817 3126 palem
841 3045 945 3108 iacere
968 3045 1129 3108 neminem
1152 3065 1222 3108 me·-

116 3153 158 3216 25
181 3173 243 3214 τιον
273 3146 350 3233 μηδὲ
380 3141 589 3234 ἀκριβέστερον
609 3140 687 3231 πλην
714 3148 777 3210 iius
798 3167 903 3228 neque
926 3149 1117 3229 exquisitius
1139 3167 1233 3230 quem

183 3253 257 3339 ἐμοῦ
304 3251 336 3316 ἐν
379 3245 454 3336 τρισί
500 3248 623 3337 βιβλίοις
667 3241 764 3313 ieme
789 3252 821 3314 in
844 3250 949 3314 tribus
971 3250 1063 3314 libris
1085 3270 1165 3332 quos

183 3357 368 3442 συνέγραψα.
403 3346 688 3440 &cupientiores
713 3355 898 3435 conscripsi.
943 3373 1078 3436 quorum
1102 3357 1224 3436 primus
1247 3356 1306 3417 erit

181 3460 234 3544 τῆς
262 3453 410 3544 ἡμετέρας
436 3455 608 3542 ἑρμηνείας.
654 3455 686 3521 ἐν
714 3468 840 3520 nostrae
864 3458 1146 3539 interpretationis.
1191 3460 1221 3520 in

180 3555 278 3648 τούτῳ
300 3559 352 3646 μὲν
374 3563 417 3649 τῷ
439 3559 548 3647 βιβλίῳ
562 3558 686 3625 πλείονα
714 3562 772 3624 isto
795 3559 925 3642 quidem
948 3560 1030 3624 libro
1052 3562 1144 3643 pluro

116 3669 158 3728 30
183 3661 303 3751 βήματα
330 3659 409 3731 κατὰ
429 3658 509 3736 τάξιν
530 3667 590 3727 τῶν
612 3664 686 3727 δια·
713 3663 813 3726 uerba
835 3663 1011 3727 seeundum
1034 3663 1178 3728 ordinem
1201 3663 1252 3726 di-

181 3764 283 3855 ρόροιν
315 3762 498 3856 πραγμάτων
529 3765 685 3842 συνέταία,
713 3785 878 3830 uersurum
902 3786 1008 3829 rerum
1032 3769 1191 3844 constitui,

182 3873 214 3936 ἐν
243 3875 287 3958 τῷ
317 3871 447 3958 λιυτίριμ
476 3867 510 3934 δλ
531 3863 687 3934 πάντατὰ
714 3871 747 3932 in
771 3869 910 3934 secundo
932 3881 1036 3932 eutem
1060 3872 1163 3934 omnin

191 4011 303 4061 titutmn
320 4012 419 4073 τυανμτι·
437 4023 471 4060 ec
489 4009 520 4068 B,
543 4009 570 4058 ut
587 4013 625 4058 est
642 4020 677 4059 ασσ
695 4009 888 4070 amplioribus
905 4008 1025 4058 Bortteoe
1041 4022 1058 4058 ιι
1077 4009 1198 4058 timone
1216 4009 1306 4058 sititis:

118 4093 297 4153 Πολυδεύκους
314 4094 372 4165 περὶ
393 4091 571 4164 καθημερινῆς
589 4089 691 4160 ὁμιλίας
710 4093 814 4144 Poineis
831 4093 865 4143 de
884 4093 1038 4158 quotidiana
1058 4093 1214 4158 loquutione
1231 4095 1261 4152 Ρ,
1280 4096 1308 4144 id

116 4189 155 4234 est
172 4183 238 4234 tiber
250 4184 393 4233 Parisinus.
413 4179 423 4248 β
440 4186 465 4230 e.
486 4178 550 4248 μήτσ
565 4180 617 4230 ΒΡ.
636 4179 645 4244 it
663 4183 688 4228 9.
708 4195 740 4248 τη
760 4176 812 4249 ἐμῇ
829 4175 992 4246 καιιοπαίλείρ
1008 4177 1052 4228 παλ
1070 4175 1205 4248 φιλοπονία
1226 4180 1278 4230 ΒΡ.
1298 4181 1308 4246 tt

117 4271 202 4320 iuberi
221 4273 249 4318 et
266 4268 415 4320 industriae
435 4267 464 4316 P.
483 4264 493 4332 tt
512 4270 552 4316 tt.
572 4265 717 4330 quominus
737 4266 777 4314 B.-
804 4269 904 4314 utnon
924 4266 953 4314 Ρ,
972 4265 982 4328 tt
1001 4267 1043 4314 tt.
1064 4263 1205 4334 συγγράψαι
1226 4266 1277 4316 BP.
1297 4276 1307 4331 γ

117 4355 317 4406 conscriberem
339 4355 374 4403 B:
393 4353 564 4404 consenuere
579 4353 607 4402 Ρ.
626 4351 636 4418 tt
654 4354 695 4400 tt.
717 4351 838 4400 sustineo
858 4351 894 4401 B:
913 4351 1000 4400 anteo
1015 4351 1042 4400 Ρ.
1062 4349 1132 4416 112⁵.
1152 4349 1216 4420 μήτε
1233 4353 1284 4401 ΒΡ.
1298 4360 1307 4418 γ

114 4447 174 4506 post
190 4437 368 4509 ἀπριβίστιρον
380 4444 426 4488 aot
438 4439 465 4487 ι’νι
478 4439 531 4488 otio
543 4439 620 4490 λαίασ
632 4439 765 4488 contructis
776 4442 853 4498 porte
864 4439 1007 4501 infinitivus
1020 4439 1158 4488 interstitit.
1178 4437 1188 4504 ,Ι
1206 4442 1248 4486 tt.
1263 4451 1307 4488 se-

117 4528 238 4580 cundum
259 4527 295 4577 B:
316 4539 364 4591 per
383 4525 409 4574 Ρ.
