3268 5108
426 388 514 450 lunsx
537 406 704 452 nscrrcrrvrr
726 407 904 452 cesrrvrnru
924 389 1017 450 ⁴854.
1266 377 1315 448 29

124 578 251 658 hebent,
279 597 342 640 non
365 587 517 641 armatas.
565 579 598 639 in
620 577 736 640 Aldina
759 580 932 661 exemplari
955 581 1030 641 enni
1054 597 1158 641 noxus
1181 580 1315 642 mutilati

123 701 234 744 versus
258 683 413 763 particule
443 683 485 744 ite
515 682 633 762 scripte
663 692 728 761 est,
764 685 910 745 Prmtocat
937 685 992 744 ce
1019 681 1147 746 admotis
1175 703 1211 744 s:
1242 703 1317 765 pers

123 786 194 848 oiim
218 786 438 867 inpressorum
468 785 546 848 haec
573 784 686 864 hehet,
721 789 868 848 Provocat
888 805 904 847 c
925 788 1009 850 coeto
1031 786 1158 850 admotis
1186 787 1318 850 matra

123 907 175 970 qve
197 907 369 964 coruscam,
394 898 430 950 ut
452 888 530 952 hece
552 887 615 950 duo
637 887 736 951 verbe
760 891 897 970 vapiter
923 900 955 952 et
976 892 1081 954 metuit
1102 891 1216 952 omissa
1240 893 1315 952 sint.

122 991 479 1073 sed·Gentnhrigiensis
508 989 592 1052 liber
619 992 796 1072 pleniorem
827 992 960 1054 exhibet
988 1012 1134 1074 versum,
1174 996 1319 1055 Provocat

123 1095 308 1178 admorsae
330 1097 422 1158 tertio
444 1093 550 1157 sidera
570 1095 675 1177 sipois.
726 1094 759 1156 id
782 1097 835 1175 qui
859 1098 983 1176 primus
1005 1098 1137 1178 protulit
1156 1095 1318 1158 Gererdus

124 1197 236 1262 Ticerd
259 1200 415 1280 Suringer
437 1199 631 1260 Evervinum
655 1198 962 1280 Wessenbergirium
985 1201 1026 1262 ite
1050 1200 1106 1263 hos
1128 1219 1242 1263 versus
1265 1219 1318 1262 re-

124 1305 264 1366 stituisse
287 1313 414 1382 narret,
448 1303 565 1384 Impius
593 1309 622 1364 et
643 1303 729 1364 miles
751 1305 913 1366 metuentia
941 1306 1107 1366 committas
1130 1311 1218 1366 astra
1241 1305 1318 1365 Pro-

124 1414 218 1485 vocat,
252 1405 381 1488 infestas
411 1413 533 1468 macros
562 1404 604 1467 od
621 1406 742 1486 praetia
770 1407 856 1470 divos
881 1410 1037 1479 Provocat,
1070 1407 1255 1489 admotosque
1277 1407 1319 1468 ad

124 1513 232 1572 territa
255 1509 360 1572 sr'dera
382 1510 495 1572 castris
517 1510 655 1591 vapiter
686 1510 717 1570 ia
739 1511 821 1572 caclo
850 1512 964 1574 ramat.
1011 1520 1043 1572 et
1065 1529 1141 1572 sane
1169 1521 1319 1573 necesse-

126 1617 167 1675 rio
190 1611 400 1676 scribendum
423 1622 471 1676 est
497 1632 535 1674 in
558 1631 698 1674 reuniri:
733 1611 789 1674 sed
812 1615 909 1696 sipnis
939 1633 997 1676 cur
1025 1623 1203 1676 mutaretur
1230 1613 1317 1676 nulle

126 1727 190 1780 eret
218 1737 331 1796 cause,
363 1735 469 1796 neque
491 1735 507 1778 e
528 1716 610 1779 caelo
638 1715 720 1796 (nem
744 1735 764 1778 a
785 1717 868 1779 caclo
890 1717 975 1780 solus
997 1717 1238 1798 liehdigerenus
1261 1717 1319 1778 he-

125 1819 184 1904 bet)
213 1823 359 1902 luppiter
381 1821 544 1898 metuisse,
571 1821 592 1881 i.
614 1840 643 1881 c.
670 1839 741 1882 curn
764 1819 883 1882 eceelo
908 1820 1042 1883 hostium
1067 1823 1218 1902 impetum
1242 1839 1319 1882 con-

125 1925 280 2006 spiceret,
320 1924 426 1986 minus
454 1922 517 1985 dici
551 1925 653 2004 potuit
686 1941 780 2003 quern
810 1925 992 2005 Propertius
1014 1943 1034 1985 v
1058 1926 1077 1986 6
1100 1925 1141 1984 te
1170 1924 1252 1987 dixit
1280 1923 1320 1986 Ar

123 2037 210 2109 pater
233 2027 333 2089 Idalia
354 2029 489 2088 miratur
513 2027 629 2089 Caesar
656 2025 694 2088 ab
717 2035 802 2090 astro
833 2037 865 2090 et
891 2028 1007 2089 similia
1035 2027 1100 2088 elii.
1148 2047 1260 2091 verum
1283 2038 1318 2090 ut

126 2133 203 2194 iuste
233 2131 385 2192 cretionis
412 2129 512 2192 forme
543 2131 739 2210 restituatur,
775 2131 915 2192 traiectis
943 2129 1069 2194 duobus
1098 2131 1247 2194 versibus
1277 2133 1318 2194 ite

128 2235 201 2298 haec
223 2233 396 2296 scribenda
418 2243 510 2312 eunt,
544 2234 651 2315 Inpius
681 2241 708 2296 ct
729 2234 815 2296 mites
843 2234 1008 2296 metuentia
1036 2236 1201 2298 comminus
1231 2243 1319 2298 astra

129 2341 284 2414 Provocat,
309 2337 438 2399 admotis
453 2354 491 2398 ro
506 2355 628 2400 resurr
651 2338 757 2400 sidera
773 2339 868 2420 sipais
886 2341 1032 2399 Provocat
1053 2335 1182 2420 infestas
1197 2346 1319 2400 mactas

126 2443 165 2504 ed
183 2442 306 2524 proclia
327 2441 424 2503 divos.
472 2441 610 2522 vapiter
632 2441 744 2503 occeio
766 2443 871 2505 metuit
891 2460 1084 2515 nrxrsrnore
1105 2461 1233 2505 correct
1256 2441 1319 2504 Ar-

125 2555 225 2609 matus
247 2564 364 2607 rurum
393 2551 526 2607 removet
554 2545 683 2628 calipiac
710 2544 899 2628 mvndvm.*)
949 2563 1021 2606 nem
1053 2555 1140 2607 recte
1170 2546 1202 2607 in
1236 2544 1318 2609 libro

125 2648 240 2712 Aldina
267 2657 444 2711 correctum
473 2657 521 2710 est
554 2646 639 2728 quod
673 2649 770 2710 ceteri
808 2647 926 2711 hebent
956 2649 1128 2729 dectracta
1159 2667 1317 2712 coruscam

123 2753 290 2833 flammam,
315 2762 347 2813 et
367 2751 494 2832 flamma
517 2761 602 2813 certe
625 2752 719 2812 etiem
740 2749 1009 2832 Ganmbrigiensis
1031 2750 1176 2832 praebet.
1219 2769 1319 2813 remo-

126 2864 183 2934 vet,
215 2854 299 2936 quod
327 2853 476 2918 inlibris
506 2855 634 2935 scriptis
661 2864 693 2916 et
714 2851 829 2916 Aldina
858 2854 986 2934 legitur,
1019 2875 1091 2918 cum
1121 2856 1319 2936 antiquiores

127 2960 264 3040 inpressi
287 2965 416 3020 renovat
439 2957 588 3037 hebeent,
620 2957 856 3021 Wernsdorfius
885 2969 916 3021 et
939 2957 1069 3020 lacobus
1099 2958 1231 3040 pulchre
1260 2978 1318 3018 ex-

126 3063 296 3142 plicarunt.
343 3063 400 3142 qui
422 3063 566 3143 proxime
589 3069 741 3123 secuntur
764 3081 876 3124 versus
899 3063 942 3124 ite
964 3060 1127 3123 scribendi
1149 3072 1235 3142 sunt,

253 3167 416 3228 increscat
436 3173 522 3228 vasto
542 3164 678 3246 primam
700 3165 831 3228 clamore
851 3166 1007 3250 piperatos:
1266 3165 1269 3172 '

253 3269 323 3332 ttae
345 3287 453 3351 mepte
475 3275 558 3330 tonat
580 3285 633 3329 ore
652 3275 752 3349 pater,
776 3271 988 3352 pemtaaatpae
1006 3267 1145 3351 faventes

254 3371 389 3454 anctae
409 3371 546 3435 discordi
566 3372 697 3434 sonitum
719 3371 811 3434 simvl
832 3373 952 3454 camiac
974 3374 1064 3436 venti.

126 3493 196 3536 arne
222 3477 395 3538 rectissime
418 3475 577 3556 Scaliger:
611 3474 685 3537 iibri
708 3475 766 3537 tric.
814 3473 932 3537 deinde
958 3494 1164 3548 enutrieram
1194 3474 1318 3538 codices

126 3577 399 3660 cantabrigiensis
421 3578 730 3642 etilelmetediensis
744 3587 841 3658 etque
865 3580 1029 3661 exemplar
1045 3578 1213 3642 Aldinum:
1240 3581 1318 3641 reli-

126 3683 180 3762 qui
208 3685 407 3765 9emiaatqve.
461 3691 529 3745 tum
554 3680 678 3764 favente
706 3683 802 3744 unius
832 3682 1092 3746 Helmstediensis
1124 3681 1197 3744 libri
1227 3703 1319 3746 error

125 3797 185 3848 est.
231 3785 370 3868 denique
393 3785 467 3849 libri
490 3784 646 3851 discordes
660 3786 810 3863 comitum,
836 3785 921 3866 quod
945 3784 1075 3848 fortasse
1097 3786 1175 3848 ferri
1198 3797 1315 3867 posset,

125 3889 150 3948 si
174 3889 271 3952 unius
296 3900 421 3953 tentum
450 3889 584 3952 alicuius
613 3891 700 3951 venti
731 3908 846 3951 nomen
875 3897 1082 3969 sequeretur;
1116 3909 1201 3952 nunc
1230 3892 1317 3953 venti

125 3994 273 4055 comitum
305 3994 402 4056 simul
431 3995 557 4074 agmine
585 4002 639 4056 ent
669 3993 859 4073 ingeminari
893 4001 948 4054 eut
977 3990 1062 4073 quod
1092 3994 1235 4075 iuppiter
1262 4012 1318 4055 ore

124 4097 230 4160 tonuit
258 4099 419 4178 geminare
448 4097 543 4180 plene
574 4099 682 4178 inepte
712 4095 874 4158 dicuntur.
922 4114 1021 4176 quere
1050 4097 1213 4176 preeclero
1241 4115 1318 4160 ecu-

125 4202 213 4262 ruine
239 4200 451 4264 Weketieidus
479 4219 618 4264 necarer
648 4199 806 4283 fremitum
834 4198 1042 4263 scribendum
1070 4219 1139 4262 esse
1168 4201 1315 4279 coniecit,

126 4305 187 4366 nisi
212 4303 296 4383 quod
318 4305 433 4368 melius
455 4305 560 4385 etiarn,
591 4312 701 4385 utpote
722 4303 842 4365 leniore
865 4305 1038 4366 mutatione
1063 4302 1189 4384 iactum,
1214 4302 1317 4365 leccbi

196 4529 220 4591 ‘t
243 4523 275 4594 [Α
294 4529 437 4582 trotamto
455 4529 584 4592 Horatius
600 4531 629 4580 ia
647 4529 758 4580 aetitiam
776 4525 926 4594 abstinuit]
