3204 5104
349 355 421 427 336
641 369 729 430 lunnx
751 386 918 430 necrronru
941 385 1120 428 nmrrrsnru
1140 367 1233 426 tues.

347 577 432 620 mare
461 557 644 620 instantibus
675 560 791 632 ventis,·
825 575 892 618 cum
921 556 1106 630 resederint,
1142 563 1169 616 et
1196 555 1322 636 peloqus
1357 555 1522 635 conquiescit

347 663 502 742 minorque
517 661 708 723 descendenti
719 659 789 722 inde
811 661 858 720 vis
873 660 941 720 Nilo
964 667 1018 720 est.
1065 666 1195 720 ceterum
1217 658 1315 719 dulcis
1338 659 1420 718 mori
1439 676 1519 736 sopor

289 757 298 780 ‘
346 771 390 825 est
412 771 439 824 el
467 764 580 825 similes
603 765 739 825 Niloticis
769 761 897 822 beluae'
947 761 1037 822 docet
1065 771 1170 822 autem
1198 761 1319 822 Seneca
1349 778 1412 821 non
1439 777 1518 838 posse

346 867 453 927 etesiis
484 865 647 946 provocari
677 865 799 942 Nilum,
831 863 984 945 additque
1010 872 1172 943 praeterea
1202 882 1244 924 em
1269 865 1354 924 mart
1377 881 1471 943 purus
1496 869 1520 922 et

345 969 504 1030 caeruleus
527 968 678 1048 efflueret,
710 987 770 1028 non
798 975 832 1030 ut
857 986 938 1028 nunc
960 965 1099 1028 turbidus
1122 968 1249 1026 veniret.
1297 967 1359 1026 iem
1382 966 1455 1026 haec
1475 983 1522 1024 se-

345 1082 477 1148 cuntur,
503 1072 581 1133 adde
595 1071 674 1152 quod
690 1073 887 1132 testimonium
902 1073 967 1130 eius
991 1072 1109 1130 testium
1128 1069 1219 1130 turba
1233 1069 1422 1150 coaequetur.
1460 1075 1522 1127 nuic

345 1181 413 1236 erat
434 1175 588 1236 meredocio
611 1176 693 1236 locus
716 1191 784 1234 cum
806 1175 906 1255 iqncta
922 1180 1184 1246 assentientem
1208 1169 1318 1232 licebat
1331 1172 1391 1232 illis
1406 1169 1521 1250 sabulos

344 1279 471 1338 mr'tterc.
520 1278 551 1338 in
575 1276 657 1337 libro
679 1277 877 1338 Berotinensi
900 1286 932 1336 et
954 1276 1024 1336 eliis
1048 1294 1109 1336 nnn
1133 1275 1230 1336 nullis
1252 1282 1301 1334 est
1324 1273 1447 1347 libebat,
1472 1271 1521 1334 sed

345 1389 432 1440 recte
454 1380 507 1439 alii
531 1381 727 1460 scripserunt
743 1378 860 1440 licebat.
909 1379 1038 1440 Hessius
1053 1389 1158 1440 autem
1175 1397 1246 1438 cum
1271 1377 1349 1438 haec
1370 1375 1474 1452 deret,
1499 1376 1523 1436 si

344 1481 453 1543 libebat
475 1483 536 1544 illis
563 1481 688 1562 fabulas
716 1484 859 1554 miscere,
891 1500 997 1562 neque
1026 1491 1112 1543 recte
1139 1483 1168 1542 si
1193 1481 1299 1560 potius
1328 1476 1521 1540 adiciendum

344 1602 439 1664 quem
462 1584 569 1648 licebat
590 1584 809 1665 recipiendum
834 1586 954 1664 putavit
971 1602 1075 1664 neque
1098 1586 1168 1644 iure
1185 1602 1248 1644 non
1264 1580 1362 1644 dubio
1386 1579 1521 1642 mittendi

343 1687 495 1766 verbum,
520 1686 606 1768 quod
621 1707 679 1770 pro
694 1687 867 1749 emittendo
885 1686 1005 1748 dictum
1028 1705 1098 1748 esse
1112 1696 1233 1766 potest,
1259 1684 1445 1747 mutandum
1461 1701 1521 1746 esse

344 1792 479 1852 censuit.
533 1793 637 1870 pergit
667 1791 807 1864 Seneca,
840 1791 867 1851 si
896 1789 996 1852 doctis
1025 1788 1207 1850 hominibus
1235 1787 1331 1850 fidem
1363 1785 1519 1862 hebemus,

344 1893 405 1970 ite,
436 1912 518 1955 nnnc
546 1911 618 1954 vero
640 1901 701 1954 tota
723 1894 825 1954 caeteri
853 1895 950 1954 muris
979 1913 1036 1954 ora
1058 1899 1260 1954 mercatorum
1283 1890 1413 1954 navibm
1434 1891 1521 1952 strin-

342 1995 443 2076 qilur:
472 2013 599 2075 quorum
621 2013 705 2056 nemo
728 2002 842 2056 narrat
862 2014 943 2057 nnnc
970 1995 1144 2056 caeruleum
1165 1993 1269 2056 Nilum
1294 2002 1350 2056 aut
1370 2011 1455 2055 more
1475 2011 1521 2054 sa-

339 2099 426 2176 poris
459 2098 608 2176 alterius;
645 2099 724 2180 quod
756 2106 784 2161 et
816 2105 931 2159 natura
963 2098 1049 2159 credi
1080 2104 1178 2175 velot,
1217 2099 1290 2178 quia
1323 2097 1521 2158 dulcissimam

342 2199 477 2280 quodque
498 2208 526 2262 et
547 2202 733 2264 leuissimum
755 2201 800 2264 sol
822 2200 926 2262 trabit.
965 2199 1022 2262 sed
1038 2219 1119 2264 nunc
1134 2200 1308 2262 caeruleum
1323 2200 1427 2262 Nilum
1445 2217 1520 2260 com-

343 2312 485 2364 mentum
508 2313 557 2364 est
579 2305 756 2382 Fortunati,
789 2313 853 2366 tem
879 2303 959 2366 illud
983 2304 1138 2364 insulsum
1161 2312 1196 2365 ut
1219 2303 1289 2364 iure
1311 2304 1439 2364 mireris
1459 2302 1520 2381 ple-

343 2405 445 2467 cuisse
469 2405 544 2468 inde
567 2405 609 2467 ab
624 2407 752 2469 Ernsmo
775 2407 933 2469 omnibus.
980 2417 1075 2486 neget
1090 2407 1210 2468 Seneca
1233 2423 1426 2485 quemquem
1445 2423 1520 2465 mer-

342 2515 480 2568 catorum
497 2509 683 2570 cnnfirmare
700 2510 751 2570 ille
768 2527 849 2589 quae
865 2510 1081 2590 Euthymenes
1097 2509 1249 2570 narravit.
1282 2510 1371 2588 etqui
1387 2507 1519 2570 caeruleo

342 2609 444 2670 colore
468 2612 537 2690 ipse
561 2612 680 2672 Seneca
703 2613 735 2672 in
760 2611 935 2674 refellendo
958 2613 1157 2693 Euthymene
1186 2629 1264 2674 usus
1286 2621 1372 2689 eret,
1405 2611 1456 2672 ille
1483 2608 1517 2670 de

341 2713 488 2774 caeruleo
516 2714 584 2774 Nilo
617 2715 712 2794 plene
743 2715 823 2776 nihil
853 2714 950 2794 dixit,
987 2715 1045 2778 sed
1073 2715 1216 2776 narravit
1243 2714 1349 2776 Nilum
1380 2733 1421 2776 ex
1449 2713 1516 2774 meri

340 2813 495 2876 Atlantico
522 2816 621 2878 fluere
651 2819 812 2897 murisque
835 2837 980 2898 saporem
1004 2817 1129 2880 dulcem
1153 2837 1235 2880 esse.
1283 2816 1403 2879 habent
1424 2827 1517 2878 eutem

340 2914 414 2977 libri
430 2936 493 2980 non
510 2919 589 2981 nulli
605 2923 749 2981 nuncium
769 2922 876 2996 nilum,
901 2940 985 2983 unus
1007 2939 1161 2983 nuncaum
1183 2921 1290 2994 nilum,
1317 2920 1518 2983 Berolinensis

340 3021 427 3080 nullu
455 3021 521 3082 nili.
576 3021 759 3084 facillimum
789 3033 857 3086 eret
879 3043 990 3086 verum
1022 3023 1097 3086 inde
1121 3024 1253 3098 elicere,
1286 3041 1416 3104 quorum
1443 3039 1516 3082 neon
1586 3043 1587 3049 ¹

339 3130 588 3185 narraturum
611 3127 676 3186 Nili
702 3133 757 3187 aut
777 3145 864 3188 mare
885 3130 1007 3207 saporis
1029 3129 1168 3189 alterius.
1216 3137 1361 3189 celerum
1384 3146 1458 3190 usus
1477 3135 1517 3186 est

340 3223 398 3284 hec
421 3226 559 3288 Senecae
587 3227 801 3307 disputatione
824 3230 956 3290 loannes
986 3229 1090 3310 Lydus
1120 3229 1161 3291 de
1183 3249 1285 3290 mens.
1312 3249 1342 3290 rr
1367 3231 1405 3292 68
1429 3249 1460 3309 p.
1482 3228 1513 3288 et
1585 3283 1586 3310 q

339 3327 487 3388 Bekkeri.

424 3428 511 3491 Libri
534 3449 563 3492 vr
590 3434 626 3492 te
651 3434 669 3494 2
692 3433 860 3494 Metrodori
884 3433 954 3494 Chii
983 3432 1146 3514 profertur
1173 3436 1351 3513 sententio,
1385 3452 1462 3515 quae
1488 3433 1514 3492 in

338 3532 466 3609 optimis
488 3532 580 3595 libris
602 3535 644 3596 ite
667 3535 833 3614 scribitur,
866 3537 1009 3618 quomodo
1036 3555 1105 3598 cum
1135 3540 1167 3599 in
1190 3537 1268 3600 dolio
1292 3540 1441 3600 canmnu's
1462 3553 1514 3596 roe
1584 3543 1585 3572 ³

340 3633 395 3694 illa
414 3653 472 3714 per
494 3643 585 3698 totum
606 3657 674 3698 mem
696 3639 827 3718 modam
843 3639 1029 3702 dismissrone
1047 3642 1207 3720 perurrrit
1228 3659 1264 3702 ac
1279 3649 1404 3704 resonat
1424 3647 1450 3702 et
1463 3648 1512 3701 mn

338 3735 444 3796 leuiter
467 3745 547 3798 mola
569 3748 668 3800 tomen
690 3743 799 3802 circuit
819 3760 880 3802 non
902 3744 968 3803 sine
990 3750 1072 3804 tactu
1099 3744 1165 3804 eins
1191 3743 1380 3824 tumultuque
1400 3762 1455 3825 que
1474 3745 1513 3802 in-

337 3837 423 3898 cluso
452 3847 511 3916 est,
544 3843 588 3902 sic
616 3842 831 3921 speluncarum
860 3843 915 3904 sub
944 3852 1029 3906 terra
1055 3845 1250 3924 pendentium
1285 3848 1413 3908 vestitas
1440 3843 1512 3906 babel

338 3957 542 4018 acroenum,
573 3961 659 4024 quem
687 3946 778 4006 simul
805 3946 886 4008 alius
915 3965 1046 4027 superne
1077 3947 1211 4008 incidens
1230 3952 1402 4028 percussit,
1431 3949 1511 4030 aqitat

295 4052 322 4096 nt
338 4059 397 4102 non
426 4044 516 4104 aliter
544 4063 635 4125 mom
664 4047 719 4107 illa
745 4047 910 4127 dequibus
936 4037 1049 4130 paullo¹
1080 4056 1150 4110 ante
1177 4051 1282 4112 rettuli
1303 4053 1411 4112 inania
1431 4051 1509 4114 indito

337 4143 468 4204 clamare
490 4155 667 4209 sancierunt.
720 4150 894 4229 inperfecte
918 4160 965 4212 est
988 4152 1067 4212 haec
1089 4153 1206 4212 oratic:
1242 4171 1315 4215 nem
1345 4173 1412 4216 cum
1439 4149 1507 4233 quod

337 4255 407 4324 post
421 4249 563 4326 quomodo
580 4249 696 4328 legitur
711 4269 774 4311 non
791 4251 964 4332 habetque
982 4256 1153 4334 pertineat.
1195 4265 1361 4333 praeterea
1383 4275 1444 4318 coe)
1463 4255 1504 4315 r'lla

337 4363 449 4424 pamm
477 4360 548 4429 epto
572 4354 757 4429 pronomine
783 4353 911 4415 dicit-ur.
959 4357 1014 4436 qui
1035 4355 1208 4419 emendare
1233 4358 1505 4422 haecstuduerunt

337 4458 449 4510 conatu
466 4450 664 4516 exciderunt.
707 4474 780 4518 nom
803 4476 844 4518 ne
861 4459 964 4520 Haesii
980 4457 1112 4539 quidem
1128 4471 1358 4542 commentum,
1382 4457 1505 4544 quomodo
