3186 5108
381 408 471 482 bur
492 427 659 484 enormem
682 425 867 486 ιιιιιιιιιιιιι
885 407 979 473 tete.
1208 392 1279 469 163

101 619 155 667 oen
174 601 276 672 nullos
291 599 391 667 libros
405 602 439 667 in
457 599 711 680 cantabrigiensi
726 599 844 680 legitur
859 619 965 681 neque
981 601 1151 681 quiequam
1167 618 1281 666 musae

101 713 140 774 ott
165 723 222 776 eur
249 703 449 786 repudietur.
496 701 553 766 sed
583 703 699 783 reliqui
722 721 836 766 versus
864 702 991 767 mendis
1021 703 1180 784 inquinati
1206 712 1282 769 sunt

99 809 204 888 purtim
224 805 474 886 obseurioribus,
499 806 557 870 sed
579 815 615 870 ut
637 805 824 886 diligentius
846 806 1065 886 inquirentem
1087 806 1200 873 ieliere
1222 826 1282 872 ne-

99 921 218 990 queant,
243 911 425 992 perlinita
448 909 774 992 menilestientiure
798 910 926 974 mireris
950 908 1047 974 luisse
1071 911 1126 992 qui
1150 911 1183 985 ip
1205 929 1282 993 per-

98 1033 179 1082 vorse
200 1016 343 1088 oratione
372 1012 629 1095 edqmesmrent.
676 1011 755 1094 quid
785 1013 871 1076 enirn
901 1013 981 1079 illud
1009 1001 1063 1082 est¹
1088 1015 1169 1090 Quin
1191 1016 1306 1083 etiumt

98 1117 146 1182 tte
159 1137 267 1190 meque
281 1136 407 1200 operum
429 1116 592 1198 turbaeque
607 1120 792 1182 irroramur?
815 1115 982 1198 legebatur
1003 1117 1077 1180 olim
1099 1124 1279 1196 umentem,

97 1220 125 1282 in
152 1221 231 1288 libro
260 1231 367 1292 autem
398 1220 651 1302 Gentebrigiensi
685 1222 840 1302 seriptum
871 1229 920 1283 est
944 1219 1154 1304 morantes:*)
1196 1221 1282 1303 qupd

97 1323 227 1396 cleribus
249 1325 356 1406 posuit
385 1330 548 1388 morentur
569 1323 772 1388 verissimum
804 1343 880 1388 sane
903 1333 970 1401 est,
1000 1323 1122 1398 ‚dietum
1145 1323 1226 1388 illud
1246 1335 1283 1388 ut

95 1437 178 1491 antee
201 1429 286 1510 fiores
313 1435 454 1506 terruere,
484 1427 542 1493 sed
571 1428 630 1490 bae
658 1437 748 1508 perte
778 1428 930 1490 versieuli
961 1425 1130 1497 emendate
1157 1428 1282 1508 integre
1356 1446 1359 1452 ·

95 1531 157 1594 eins
177 1531 336 1597 sententie
367 1530 509 1604 nondum
539 1530 685 1595 restituta
708 1539 769 1594 est.
815 1529 898 1592 vidit
927 1531 985 1592 boe
1007 1530 1137 1596 leoobus
1164 1541 1196 1601 et
1218 1550 1282 1604 non

95 1634 173 1700 nulle
193 1637 379 1716 temptavit,
405 1635 464 1706 sed
487 1634 621 1700 trustra:
653 1651 735 1713 qnee
759 1632 906 1696 refellere
929 1651 992 1696 non
1015 1653 1095 1715 opus
1116 1643 1184 1714 eet,
1210 1654 1282 1700 eum

94 1738 302 1818 antiquiorum
325 1737 481 1810 librorum
497 1737 655 1818 scriptura
676 1745 795 1802 certam
818 1736 1073 1800 emendationem
1090 1739 1181 1818 quasi
1199 1738 1283 1811 ultro

94 1841 205 1909 otierm.
254 1861 328 1909 nem
356 1842 431 1924 quio
460 1859 478 1902 e
500 1840 593 1902 libris
616 1839 869 1920 Gentebrigiensi
893 1839 1139 1907 Helmstediensi
1163 1840 1284 1912 Rebdi-

94 1963 201 2022 gereno
223 1944 327 2024 eoem,
354 1953 388 2007 ut
411 1945 470 2008 boe
492 1944 534 2006 sit
553 1961 666 2006 versus
690 1943 827 2022 initium,
853 1945 953 2008 Etiam
976 1945 1041 2008 ille.
1088 1945 1164 2012 bine
1187 1943 1284 2008 dubi-

95 2049 147 2110 teri
169 2067 233 2113 non
248 2057 352 2129 polest
368 2048 447 2128 quin
471 2047 513 2110 ite
531 2045 738 2110 scribendum
762 2046 814 2124 sit,
840 2049 877 2110 et
899 2049 961 2110 iam
976 2067 1064 2115 ιιιιιιι
1080 2065 1190 2116 manus
1213 2067 1284 2130 ope-

94 2169 156 2212 rum
176 2151 344 2233 turbaeque
365 2157 538 2216 morentur.
579 2149 777 2230 singulorum
804 2149 924 2230 aliquot
954 2169 1087 2232 opernm
1114 2170 1284 2228 enumere-

93 2253 203 2322 tionem
221 2263 314 2336 poete
338 2253 481 2318 infinitae
496 2251 712 2316 multitudinis
734 2251 964 2332 significatione
985 2252 1133 2318 absolvit.
1174 2272 1284 2320 monus

94 2355 169 2422 dixit
189 2357 348 2424 artilieum
371 2375 467 2438 opere
486 2354 640 2437 loquendi
662 2375 724 2420 usu
740 2354 826 2418 bend
850 2356 892 2418 ite
916 2376 1004 2420 raro:
1032 2357 1219 2423 insolentius
1235 2367 1284 2420 est

94 2461 172 2540 qued
192 2463 225 2527 in
243 2460 441 2542 designanda
457 2459 638 2524 tabularum
661 2469 901 2540 statuarumque
924 2460 1088 2524 aGreeeis
1109 2459 1285 2539 artificibus

93 2561 241 2628 lentarum
263 2563 468 2629 multitudine
484 2563 600 2644 plurali
616 2562 778 2627 berberem
794 2561 945 2627 vocabulo
967 2584 1046 2628 usus
1066 2575 1127 2626 est.
1166 2563 1207 2628 de
1223 2583 1286 2646 quo

92 2667 238 2732 rorebulo
260 2669 381 2736 Nonius
403 2688 436 2748 p.
455 2667 515 2729 bet
540 2666 619 2730 haee
647 2668 793 2748 scripsit,
827 2666 960 2730 ‘turbem
991 2679 1022 2730 et
1045 2667 1153 2732 turbes
1176 2667 1286 2732 diver-

93 2787 152 2834 sem
168 2773 281 2838 volum
302 2770 423 2841 bebere
446 2769 720 2850 significationem,
746 2771 837 2833 nteit
859 2767 950 2834 turbe
972 2771 1081 2852 populi
1097 2781 1283 2850 conventus,

92 2874 193 2939 turbae
215 2873 427 2948 turbationes.
467 2891 524 2940 nos
553 2880 661 2934 eontra
691 2872 807 2937 lectum
837 2873 1020 2938 invenimus
1050 2882 1082 2936 et
1112 2872 1285 2937 indiscrete

92 2979 222 3056 positum
254 2988 286 3042 et
308 2996 366 3059 pre
388 2975 487 3041 turbis
509 2973 657 3038 turbam?
687 2974 777 3038 addit
806 2975 926 3040 deinde
957 2977 1119 3058 exemplu,
1150 2995 1286 3057 quorum

93 3099 241 3148 numerus
262 3081 374 3162 augeri
393 3088 508 3161 potest.
549 3097 612 3142 non
637 3078 843 3143 recordemur
856 3090 1000 3142 veterem
1022 3080 1162 3162 aliquem
1178 3099 1286 3161 grem-

93 3185 237 3249 metioum
260 3195 348 3250 oerto
370 3191 539 3264 praecepto
562 3181 778 3247 multitudinis
801 3182 1061 3264 significationem
1085 3203 1103 3246 e
1126 3184 1286 3265 plurativo

93 3287 250 3352 turbarum
279 3286 431 3352 venabulo
461 3275 651 3348 exclusissei
688 3285 746 3348 sed
776 3285 895 3350 dieitur
929 3285 971 3350 ita
1000 3305 1078 3348 sene
1108 3288 1282 3350 rarissime.

93 3392 208 3473 quippe
237 3389 301 3454 due
331 3399 456 3452 tantum
486 3389 581 3454 buius
615 3407 692 3454 usus
721 3389 866 3470 exempla
901 3390 1037 3469 reperiri
1067 3390 1282 3470 meminimus,

92 3493 223 3560 alterum
253 3496 287 3560 in
311 3493 430 3556 Horatii
460 3491 673 3570 carminibus,
705 3492 841 3557 alterurn
865 3493 898 3554 in
928 3493 1025 3572 ignoti
1053 3503 1163 3574 poetae
1187 3492 1284 3558 iliade

94 3597 211 3660 latine:
245 3616 318 3663 nem
347 3594 432 3676 quod
461 3613 567 3678 nuper
595 3595 702 3658 neseio
732 3613 813 3675 quae
844 3595 952 3676 Pytbie
983 3616 999 3658 e
1029 3595 1154 3676 tripode
1183 3596 1284 3662 edidit

93 3699 169 3764 beno
201 3700 359 3767 Homerici
394 3700 544 3762 terminis
573 3699 732 3781 epitomen
764 3697 900 3760 eandem
930 3718 1000 3764 esse
1034 3708 1131 3780 etque
1161 3699 1282 3763 ebriam
1344 3779 1347 3786 Δ

94 3803 171 3868 illam
194 3813 323 3868 veretro
346 3801 475 3866 iliadem
490 3799 555 3864 Atti
579 3820 674 3883 quem
699 3802 826 3864 Persius
849 3801 960 3882 irrisit,
985 3803 1147 3882 qraoulum
1171 3813 1203 3866 et
1225 3803 1284 3866 boe

90 3916 121 3970 et
140 3908 201 3973 elie
224 3926 288 3970 non
311 3907 418 3972 minus
434 3904 592 3970 mirabilia
614 3904 754 3968 credulis
778 3904 1003 3986 relinquimus.
1044 3907 1151 3988 itaque
1175 3907 1208 3968 in
1224 3909 1283 3970 Ln-

92 4011 151 4084 le'ne
166 4010 275 4090 iliade,
294 4011 385 4077 euius
399 4019 534 4074 eetetem
550 4009 770 4072 Leebmannus
785 4005 1027 4088 demonstravit,
1041 4019 1150 4072 eueter
1165 4007 1282 4072 frustra

92 4114 269 4192 quaesitam,
301 4115 379 4178 haee
407 4113 588 4176 invenimus
611 4130 642 4172 v.
662 4111 762 4190 tote,
795 4110 915 4174 taudem
944 4114 1108 4174 eertomiue
1130 4114 1221 4179 miste
1243 4115 1281 4176 Iu

92 4234 145 4278 ute
163 4225 273 4288 eostre
293 4217 374 4281 redit
386 4215 486 4278 turbis
509 4220 667 4279 comitatus
682 4211 832 4279 Achilles:
856 4233 962 4294 neque
981 4217 1066 4278 enim
1083 4217 1164 4278 insta
1188 4235 1281 4290 oense

93 4330 136 4382 est
157 4339 214 4398 eur
243 4322 353 4384 tmmie
380 4319 575 4398 scribemus,
607 4316 691 4399 quod
714 4317 938 4398 Weytingbius
967 4319 1061 4382 alieni
1085 4319 1117 4380 in
1140 4329 1280 4383 mentem

175 4543 199 4608 *l
224 4545 450 4608 inuenerem
468 4543 617 4607 demone]
