3184 5108
335 346 409 418 250
632 358 720 418 lrrorx
742 375 905 418 teorrosru
927 373 1105 417 4444444444
1127 355 1221 414 isca.

422 548 611 610 ululantium
632 547 810 608 animarum
832 545 910 606 atris
933 543 1046 625 ingens
1068 541 1201 606 orbibus
1223 543 1316 606 modo
1339 544 1512 607 lacrimabili

421 651 529 731 cingit,
562 651 659 712 etita
681 650 813 730 vipereo
835 666 926 710 muro
949 648 1027 728 Stin
1050 649 1117 727 ipsa
1140 655 1172 708 et
1193 647 1285 728 palus
1310 647 1440 728 putidae
1460 669 1513 712 un·

421 751 492 832 dae,
525 771 620 833 quam
643 753 750 816 nullus
772 751 869 814 audet
890 749 1067 812 terribilem
1090 749 1257 830 adtingere
1286 761 1422 830 metam,
1452 755 1513 814 ani-

422 875 499 934 mas,
515 866 560 919 vut
581 865 706 936 putant,
731 856 894 935 rugientes
916 855 949 916 in
973 853 1112 915 aeternis
1134 852 1263 915 fletibus
1285 853 1430 917 cludunt.

488 961 538 1021 14.
579 957 784 1021 salamandra
814 975 941 1038 quoque
971 967 1078 1018 tantae
1099 958 1272 1019 atrocitatis
1301 977 1372 1020 esse
1402 957 1514 1021 descri-

421 1062 510 1126 bitur
530 1073 567 1124 ut
591 1081 660 1125 eum
692 1063 779 1124 nullu
807 1063 856 1122 vis
885 1059 1082 1123 flammarum
1110 1058 1237 1122 laedere
1264 1062 1381 1141 possit,
1414 1064 1514 1124 setin

421 1166 550 1246 ignibus
571 1165 660 1228 velut
681 1167 786 1246 pisces
809 1165 841 1225 in
864 1183 945 1244 aqua
967 1165 1078 1225 vivere
1100 1182 1192 1244 posse
1214 1163 1440 1244 perhibentur.

487 1269 537 1329 t5.
579 1267 723 1332 Cerastes
750 1277 857 1330 autem
891 1267 1015 1328 cornuti
1044 1276 1210 1346 serpentes
1240 1267 1334 1346 liunt,
1373 1267 1431 1330 sed
1461 1289 1515 1331 non

421 1383 484 1434 tam
514 1371 664 1435 cornibus
692 1390 787 1452 quam
817 1389 871 1432 ore
902 1380 1017 1433 nocent
1044 1380 1076 1432 et
1105 1371 1239 1450 linguis,
1277 1390 1359 1451 quae
1393 1372 1515 1434 nimiam

337 1475 375 1536 tc
420 1476 615 1537 atrocitatem
645 1473 764 1536 habere
794 1471 955 1550 dicuntur,
993 1482 1025 1534 et
1053 1473 1085 1534 in
1115 1473 1223 1535 multis
1252 1473 1440 1553 regionibus
1467 1494 1516 1537 na-

421 1589 565 1641 scuntur.

488 1683 539 1742 16.
581 1679 730 1761 Chelydri
754 1690 829 1742 sunt
851 1680 935 1760 nigri
958 1680 1070 1742 coloris
1093 1689 1270 1760 serpentes,
1304 1683 1358 1761 qui
1388 1683 1422 1744 in
1446 1683 1517 1762 algi-

422 1784 471 1847 dis
494 1795 526 1846 et
548 1782 698 1865 lapidosis
720 1793 895 1846 nascuntur
917 1783 1012 1846 terris
1035 1783 1184 1844 41414444
1209 1801 1283 1846 rura
1310 1803 1368 1864 pro
1393 1785 1517 1847 latebris

423 1899 454 1950 et
477 1888 588 1968 tophos
610 1897 772 1950 sectantur
793 1906 852 1969 pro
874 1885 956 1966 cibo,
989 1896 1021 1948 41
1044 1905 1100 1948 rex
1122 1883 1230 1965 Aeeta,
1256 1905 1352 1967 quern
1375 1891 1517 1970 superius

424 1989 663 2071 descripsimus,
697 1999 788 2072 pater
810 1989 939 2052 Medeae
963 1990 1109 2071 virginis,
1141 2007 1228 2052 more
1257 1993 1419 2072 serpentis
1447 1993 1518 2054 tales

422 2093 572 2156 babuisse
596 2092 710 2156 dentes
738 2092 942 2171 describitur,
972 2103 1009 2156 ut
1030 2093 1132 2174 siquis
1161 2111 1214 2154 eos
1242 2095 1336 2156 simul
1365 2113 1518 2178 conpren-

422 2215 473 2259 sos
495 2198 640 2276 sevisset,
666 2196 742 2259 inde
760 2198 872 2258 4444414
894 2197 1078 2278 prosilirent
1100 2196 1243 2260 homines
1264 2195 1306 2258 ad
1329 2197 1518 2260 interiectis

371 2313 376 2324 ‘
422 2319 496 2361 nem
524 2301 714 2363 saevientes.
761 2299 818 2362 sed
841 2299 971 2380 quidam
1001 2298 1147 2361 draconis
1170 2298 1283 2362 dantes
1313 2299 1411 2364 luisse
1439 2302 1518 2364 arbi-

422 2411 558 2466 trentur.
1581 2435 1582 2521 p

489 2505 539 2566 14.
580 2505 717 2569 Coluber
743 2525 845 2586 genus
867 2516 915 2568 est
945 2505 1007 2568 diri
1030 2505 1122 2568 valde
1149 2525 1186 2568 ac
1207 2509 1363 2569 venenosi
1392 2527 1519 2590 serpeu-

422 2609 473 2688 tis,
499 2610 554 2689 qui
576 2609 701 2672 umbris
723 2620 755 2672 et
774 2619 856 2672 tecto
876 2609 1049 2672 succedere
1070 2611 1149 2672 solet
1171 2619 1203 2672 et
1225 2611 1268 2671 ita
1293 2621 1325 2671 et
1344 2612 1519 2692 inprovisus

423 2722 454 2773 et
483 2715 654 2775 venenosis
682 2712 840 2775 morsibus
869 2723 972 2774 nocet.
1024 2731 1120 2794 quem
1148 2713 1341 2776 Octavianus
1368 2733 1519 2794 gramma-

423 2817 504 2877 ticus
524 2815 670 2878 feminini
693 2817 822 2897 generis
844 2815 1004 2880 colubram
1028 2802 1222 2878 4444444441.Ι

285 2933 316 2981 ur
490 2919 540 2980 l8.
580 2921 695 3002 Vipera
723 2928 832 2982 autem
860 2939 896 2980 eo
927 2917 1011 2999 quod
1041 2921 1073 2980 vi
1102 2920 1205 3000 pariat
1233 2922 1275 2981 ita
1310 2933 1516 3003 nuncupatur.

422 3111 447 3159 2.
467 3109 523 3159 Stix
541 3107 571 3158 A.
648 3107 772 3173 putridus
795 3097 950 3174 undequam
976 3107 1078 3159 nullam
1100 3109 1130 3158 A.
1238 3112 1264 3158 11.
1290 3121 1368 3158 xtrru
1393 3110 1432 3160 De
1455 3109 1519 3159 4414-

337 3195 491 3246 44444441.
575 3195 599 3244 t.
619 3207 707 3244 rtvuu
727 3194 924 3246 DecerasteA.
979 3195 1093 3245 isidorcs
1111 3197 1257 3259 4414441
1280 3198 1311 3244 it
1330 3199 1450 3246 cerastes
1468 3207 1519 3244 ser-

336 3293 403 3345 peus
422 3281 511 3330 dictus
529 3293 561 3331 44
580 3279 653 3344 quod
676 3279 809 3344 in'capite
827 3291 928 3330 cornua
948 3280 1045 3331 hebeat
1068 3280 1166 3331 simllia
1184 3281 1310 3330 arietum.
1354 3284 1468 3343 scriptor
1482 3285 1520 3343 441

337 3367 384 3415 144
400 3367 440 3416 441
457 3367 540 3417 4144414
557 3367 655 3428 aliquid
676 3366 737 3429 14441
756 3371 898 3428 propterea
921 3369 1049 3426 cerastas,
1073 3379 1126 3416 eon
1144 3369 1273 3426 44444144,
1301 3369 1438 3430 scripsisse
1454 3368 1519 3416 eide-

336 3452 388 3502 tier.
491 3455 532 3502 11.
553 3465 568 3500 4.
592 3450 796 3501 DeceledriA.
880 3451 999 3502 chelidri
1023 3452 1054 3503 A.
1156 3455 1195 3502 41.
1222 3451 1318 3502 clario:
1343 3455 1520 3514 proximorum

336 3537 539 3588 emendatiorem
552 3539 691 3600 petivimus
709 3551 723 3588 e
738 3539 915 3601 4144444444.
930 3540 1009 3587 4441
1029 3539 1057 3588 41
1075 3535 1173 3602 tophus
1191 3536 1287 3588 scaber
1305 3541 1332 3586 et
1350 3537 1434 3600 nigris
1446 3549 1518 3586 exose

336 3621 473 3687 chelydris
491 3622 569 3673 Creta
589 3625 687 3685 negant
710 3621 778 3672 elios
801 3635 887 3687 seque
911 3621 1082 3688 serpentibus
1106 3635 1184 3703 egros
1202 3621 1314 3672 Dulcem
1339 3621 1410 3673 14444
1435 3621 1520 3673 cibum
1579 3629 1580 3632 ’

335 3711 363 3758 41
381 3719 479 3759 curvas
497 3707 627 3772 praehere
646 3707 770 3758 latebras.
807 3710 835 3758 io
853 3707 1007 3771 4144444411
1024 3709 1105 3759 141441
1121 3722 1172 3758 ooo
1190 3709 1367 3770 assequimur,
1387 3709 1519 3758 414444444-
1579 3705 1580 3716 ¹

335 3795 367 3844 iis
385 3795 635 3856 414114114444444111
653 3807 719 3856 44444
736 3795 807 3856 opud
823 3794 962 3858 Verpiiium
977 3795 1145 3856 praecedunt,
1167 3806 1228 3844 nem
1248 3793 1459 3858 istucequidem
1475 3791 1518 3842 cli·

335 3881 394 3931 4444
413 3880 501 3944 glarea
519 3881 591 3930 ruris
609 3879 657 3928 Vix
675 3878 786 3930 humilis
810 3879 905 3944 apibus
924 3880 1012 3930 444144
1035 3892 1179 3944 roremque
1202 3880 1347 3930 ministret.
1439 3881 1478 3928 44.
1496 3881 1520 3926 44

335 3967 431 4017 domos
449 3969 575 4016 44444144
593 3966 623 4016 Α.
695 3966 787 4015 4144.
824 3964 986 4026 44444411.
1078 3969 1118 4016 ts.
1139 3963 1291 4016 medieeA.
1331 3965 1359 4014 44
1377 3977 1425 4014 ore
1443 3966 1472 4014 A.

338 4056 377 4102 44.
396 4055 437 4102 tt.
456 4063 616 4117 conpressos
634 4051 767 4101 secuisset
780 4051 813 4100 Ἀ.
892 4051 1052 4115 prosilereut
1069 4050 1099 4100 A.
1200 4055 1242 4103 tt.
1263 4063 1287 4100 tr
1307 4049 1346 4100 De
1364 4049 1476 4100 coluber
1491 4049 1515 4098 ,1.

342 4137 414 4203 Verp.
428 4151 516 4202 44444.
531 4151 558 4188 nr
572 4140 621 4187 tta
640 4139 711 4187 tecto
723 4137 850 4188 adsuetus
863 4134 976 4187 coluber
993 4136 1142 4188 succedere
1154 4139 1181 4186 41
1198 4135 1320 4186 umbrae.
1391 4140 1434 4187 ts.
1451 4139 1519 4184 octe-
1578 4203 1579 4208 ἵ

336 4224 451 4274 olannus
463 4225 492 4274 A.
577 4227 620 4272 13.
635 4221 779 4272 colubrum
791 4222 821 4275 Α,
903 4224 945 4271 it.
967 4235 1001 4271 tu
1020 4222 1057 4273 De
1076 4223 1169 4287 uipera
1181 4221 1210 4272 A.
1283 4219 1518 4287 pereatA:1ririo-

336 4323 382 4359 ror
400 4312 465 4373 4414.
479 4321 513 4359 xtr
532 4311 546 4359 t
567 4312 609 4360 to.
625 4312 652 4357 41
674 4309 766 4373 vipera
785 4307 855 4358 dicta
873 4306 947 4372 quod
965 4309 991 4358 vi
1009 4307 1105 4372 444441.
1142 4319 1204 4358 nam
1224 4319 1286 4357 cum
1300 4310 1394 4358 venter
1412 4308 1472 4357 eius
1487 4305 1517 4354 ad

337 4398 443 4462 partum
463 4394 628 4454 intumuerit,
648 4394 730 4444 441414
749 4406 803 4443 non
816 4397 988 4459 expectantes
1007 4396 1142 4443 maturam
1154 4395 1266 4443 naturae
1285 4393 1457 4453 solutionem,
1475 4389 1517 4441 sed

336 4483 452 4532 corrosis
475 4482 535 4532 eius
560 4478 690 4531 luteribus
713 4483 859 4544 erumpunt
877 4479 903 4529 vi
928 4490 991 4528 cum
1015 4479 1108 4528 metris
1132 4479 1305 4530 44444414-
1328 4479 1516 4530 144144441444
