3184 5108
347 343 422 418 230
641 359 732 420 lunen
756 373 921 418 nncrronrrr
943 371 1120 440 insrrrnnvrr
1139 354 1232 413 4863.

497 549 548 608 25.
589 549 628 609 lic
658 545 817 628 quendam
848 545 1005 606 hominem
1042 541 1127 604 fideli
1156 543 1286 604 historia
1321 542 1440 606 lunatas
1466 542 1511 602 ha-

434 650 540 714 buisse
563 653 687 732 plantas
709 648 843 711 duorum
874 666 936 709 non
958 647 1094 726 amplius
1117 645 1288 726 digitorum
1318 647 1510 726 conperimus,

433 757 523 817 euius
545 773 671 835 qnoque
695 771 806 815 manus
829 752 861 812 in
886 751 979 813 huius
1002 767 1129 811 normae
1153 767 1335 812 mensuram
1352 748 1449 810 editae
1465 747 1513 810 de-

434 857 629 920 scribuntur.

498 963 550 1022 26.
590 962 625 1020 ln
648 959 778 1020 Oriente
801 976 928 1039 quoque
951 958 1037 1018 iuxta
1057 955 1216 1017 Oceanum
1239 957 1408 1018 lormosum
1430 975 1516 1036 genus

434 1066 594 1126 hominum
625 1064 759 1143 legimns
789 1072 822 1123 et
844 1061 924 1122 hanc
949 1078 1073 1121 causam
1096 1060 1293 1120 amoenitatis
1324 1079 1430 1122 eorum
1456 1079 1516 1121 csse

433 1167 585 1230 adserunt
608 1164 692 1246 quod
715 1165 845 1227 crudam
869 1183 996 1226 carnem
1020 1173 1050 1224 ct
1074 1163 1135 1224 mel
1157 1181 1271 1242 purum
1296 1162 1486 1225 manducant.

497 1269 550 1332 27.
590 1271 645 1330 Est
673 1279 705 1331 et
733 1267 819 1330 aliud
854 1268 1016 1329 hominum
1053 1285 1153 1346 genus
1189 1266 1243 1346 qni
1280 1269 1517 1346 angustissimam

435 1385 550 1438 motam
580 1371 772 1434 terminandi
796 1373 891 1432 vitam
922 1370 1041 1432 habere
1070 1369 1230 1432 dicuntur.
1278 1389 1413 1450 qnorum
1440 1371 1518 1432 lemi-

434 1497 494 1540 nae
524 1477 750 1557 quinquennes
778 1477 961 1555 concipiunt
994 1482 1025 1536 et
1052 1474 1187 1554 amplius
1215 1491 1309 1553 quam
1346 1473 1386 1536 ad
1414 1493 1518 1536 annum
1579 1477 1580 1500 ¹

434 1590 577 1642 octavum
600 1579 697 1640 vitem
721 1598 783 1640 non
807 1565 1005 1658 producunt.¹

500 1685 552 1745 28.
593 1684 674 1744 Sunt
696 1682 857 1761 mulieres,
882 1692 918 1743 ut
937 1680 1053 1759 lerunt,
1079 1681 1238 1760 speciosae
1261 1679 1359 1742 rubro
1382 1684 1455 1742 mari
1476 1703 1521 1742 co-

436 1789 605 1850 haerentes
635 1805 769 1866 quarum
792 1803 922 1866 corpora
944 1803 1119 1846 marmoreo
1148 1785 1251 1846 nitore
1281 1783 1420 1864 fulgent,
1450 1805 1520 1865 quac¹

436 1910 477 1952 ιιι
506 1889 607 1971 pedes
635 1889 813 1952 altitudinis
840 1898 872 1950 ct
901 1890 1006 1949 crines
1039 1905 1140 1966 usque
1168 1886 1208 1948 ad
1238 1888 1317 1950 talos
1346 1887 1518 1966 defluentes,

436 1992 553 2056 caudas
575 1992 668 2055 boum
693 1995 725 2054 in
748 1992 913 2071 lateribus,
939 2001 971 2053 et
992 1990 1180 2052 camelorum
1205 1989 1304 2072 pedes
1327 1991 1451 2054 habent.

501 2099 553 2158 29.
594 2099 633 2158 Et
648 2097 757 2160 dicunt
773 2115 842 2158 csse
865 2104 992 2176 gentem
1014 2094 1055 2156 ab
1078 2094 1214 2155 humana
1237 2103 1349 2157 natura
1370 2095 1425 2158 hoc
1442 2097 1522 2158 modo

437 2201 682 2282 discrepantem.
730 2201 810 2262 liunt
837 2200 921 2260 enim
952 2199 1086 2278 integris
1108 2195 1309 2278 cerporibus,
1341 2211 1390 2262 set
1410 2201 1523 2281 plantae

438 2315 523 2367 retro
545 2313 692 2367 curvatae
722 2301 825 2364 officio
854 2303 965 2384 capitis
995 2301 1170 2363 contrariae
1193 2300 1356 2365 videntur.
1402 2322 1522 2383 quorum

437 2410 496 2470 hoc
517 2410 700 2488 ignorantes
722 2407 855 2487 vestigia
877 2406 1001 2468 lallunt.

352 2515 391 2577 20
501 2513 553 2572 30.
595 2513 628 2572 ln
652 2509 788 2592 quodam
812 2529 938 2591 quoque
961 2509 1087 2571 deserto
1117 2517 1239 2571 montes
1268 2512 1353 2590 ignei
1377 2513 1521 2592 leguntur,

438 2614 603 2696 inquibus
624 2624 798 2677 nascuntur
817 2613 960 2675 homines
979 2623 1042 2674 toto
1058 2631 1188 2693 corpore
1209 2614 1293 2694 nigri
1315 2617 1395 2677 sicut
1409 2613 1524 2677 Aethio

438 2739 506 2801 pes.
554 2737 689 2800 quorum
719 2738 776 2780 nos
798 2717 957 2798 quendam
982 2716 1120 2779 vidimus
1148 2715 1306 2779 carbonen
1329 2718 1521 2798 nigritudine,

438 2822 588 2886 dentibus
611 2831 641 2885 et
663 2822 762 2885 oeulis
785 2819 1000 2886 tantummodo
1023 2829 1055 2882 et
1077 2820 1238 2901 unguibus
1262 2823 1428 2886 nitentem.

439 3033 463 3080 t.
484 3043 531 3080 nv
550 3029 647 3079 Deliis
666 3030 711 3093 qui
730 3027 830 3078 habent
848 3028 952 3092 plantas
970 3027 1074 3078 lunatas
1094 3027 1122 3086 A,
1149 3043 1225 3078 nrm
1246 3029 1283 3079 lie
1302 3030 1410 3080 homine
1428 3031 1468 3080 cui
1489 3031 1522 3078 ln-

354 3121 431 3168 natee
450 3119 507 3167 eret
531 3115 636 3180 plantae
656 3116 696 3166 B?
765 3113 838 3164 fideli
861 3115 987 3164 historia:
1015 3115 1152 3178 Augustini
1173 3116 1205 3165 de
1227 3117 1275 3165 cio¹
1299 3118 1341 3166 dei
1358 3129 1399 3166 xrs
1418 3121 1440 3174 8,
1464 3115 1521 3179 spui

354 3205 503 3268 Hipponem
517 3203 689 3265 Diarrhytum
703 3202 745 3251 est
763 3201 843 3250 homo
856 3202 932 3264 quasi
953 3199 1058 3251 lunatas
1077 3199 1178 3251 liabens
1197 3201 1300 3267 plantes
1319 3204 1346 3252 et
1363 3204 1389 3252 in
1404 3205 1442 3252 eis
1459 3203 1523 3252 binos

354 3289 539 3339 tantummodo
557 3288 663 3352 digitos,
684 3286 786 3338 slmiles
805 3289 831 3335 et
849 3299 954 3338 manus.
1045 3289 1068 3335 3.
1090 3287 1178 3337 aedile
1197 3287 1382 3338 discribentur
1399 3290 1450 3340 AB.

354 3380 378 3428 ⁵.
399 3389 455 3425 xxrr
476 3375 512 3424 De
530 3375 573 3425 his
590 3376 635 3438 qui
654 3373 766 3424 crudam
785 3385 895 3422 carnem
914 3372 1079 3423 manducant
1096 3371 1125 3434 A,
1152 3385 1208 3422 xxix
1227 3373 1264 3422 De
1282 3374 1400 3438 quodam
1423 3375 1523 3424 humone

353 3473 450 3526 genere
470 3461 587 3511 lormoso
608 3462 649 3511 B?
719 3463 742 3508 i.
761 3459 909 3508 humanum
928 3459 958 3508 B.
1032 3465 1056 3510 7.
1076 3459 1250 3523 purissimum
1270 3463 1300 3511 B.
1373 3468 1397 3513 8.
1418 3461 1522 3512 urrrlir

353 3548 460 3598 leminis
482 3547 561 3611 (qnae
584 3549 656 3597 addit
678 3547 764 3604 indere)
790 3547 979 3610 quinquennes
1003 3547 1158 3610 concipiunt
1176 3546 1205 3610 A,
1235 3561 1282 3596 m
1301 3548 1473 3612 oligoclironii
1491 3545 1523 3596 lii

354 3634 403 3686 list
420 3633 493 3685 aliud
512 3646 596 3697 genus
615 3633 762 3682 humanum
783 3633 812 3682 Β.
902 3636 926 3682 a.
948 3633 1047 3681 metam
1066 3635 1169 3682 tantum
1196 3634 1221 3682 in
1245 3633 1418 3697 ambiguitate
1440 3634 1521 3684 hebere

354 3722 382 3772 A.
475 3724 515 3769 ti.
540 3719 690 3784 producent
715 3718 744 3767 B.
789 3720 888 3768 Plinius
913 3723 967 3768 oet.
994 3719 1051 3769 hist.
1075 3723 1142 3768 rui
1166 3719 1198 3780 (i)
1220 3719 1299 3769 Duris
1317 3747 1352 3756 -
1370 3723 1395 3770 in
1415 3719 1519 3782 Calingin

354 3807 475 3859 eiusdem
494 3805 585 3855 indiae
604 3807 690 3868 gente,
712 3805 895 3869 quinquennis
914 3805 1056 3869 concipere
1075 3803 1196 3864 feminas,
1216 3808 1342 3856 octavum
1356 3807 1519 3858 ritaeannun

355 3907 408 3943 non
426 3893 566 3943 excedere.
675 3895 714 3941 ta.
741 3905 818 3940 urm
843 3892 879 3941 De
905 3892 1082 3942 monstruosis
1105 3889 1265 3941 mulieribus
1282 3891 1314 3954 A,
1341 3906 1395 3944 mr
1415 3891 1519 3944 Mulieres

355 3979 439 4030 torma
458 3977 570 4044 triplicis
589 3979 630 4027 B?
718 3983 758 4027 iti.
779 3990 894 4041 quorum
913 3978 941 4028 A.
1015 3979 1060 4042 qui
1081 3979 1110 4027 li.
1201 3979 1243 4028 rt.
1263 3977 1430 4042 delulgentes
1445 3981 1471 4030 A.

356 4069 397 4114 tt.
417 4063 592 4114 camellorum
612 4066 641 4114 B.
726 4068 766 4113 to.
787 4077 873 4112 xxrnn
893 4063 930 4114 De
950 4064 1048 4128 plantis
1066 4065 1259 4114 retrocumatie
1273 4065 1302 4126 A,
1323 4067 1517 4116 militensem

356 4151 461 4215 plantae
480 4152 551 4200 retro
569 4153 696 4200 curuatas
715 4150 756 4199 B?
825 4153 926 4200 statura
948 4151 977 4200 li.
1068 4153 1109 4199 47.
1129 4151 1156 4200 in
1175 4151 1285 4214 integris
1304 4154 1334 4202 B.
1424 4157 1459 4202 tt.
1480 4149 1518 4198 loc

357 4237 393 4286 li:
412 4235 462 4296 hec
479 4235 508 4284 A.
549 4237 648 4285 Plinius
666 4241 720 4285 nai.
742 4237 799 4286 nist.
822 4250 855 4285 vn
875 4240 890 4285 2
913 4239 943 4298 (t)
967 4238 994 4286 in
1014 4237 1104 4286 monte
1123 4237 1166 4286 cui
1186 4249 1284 4287 nomen
1303 4241 1345 4290 est
1361 4239 1428 4290 linio
1448 4235 1518 4287 toni-

356 4334 475 4372 neeesse
494 4333 605 4372 aversos
623 4321 730 4386 plantis,
751 4326 861 4372 octones
874 4322 971 4386 digitos
990 4323 1017 4374 in
1036 4322 1149 4387 singulis
1167 4321 1308 4384 trabentes,
1328 4321 1517 4377 anctoreetlle

356 4407 507 4472 gnathones.
550 4407 617 4471 coni.
643 4409 703 4458 leid.
731 4411 795 4472 erip.
817 4421 840 4456 n
859 4413 872 4456 t
892 4411 935 4458 at.
1042 4411 1083 4459 to.
1109 4423 1156 4459 m
1179 4409 1218 4459 De
1243 4409 1381 4462 montibus
1402 4411 1475 4476 igneis
1493 4405 1514 4458 A,
1579 4397 1580 4426 ³

356 4507 430 4544 mm
451 4494 580 4543 llontium
601 4494 738 4558 igneorum
758 4493 859 4544 incolae
875 4495 916 4544 li?
996 4497 1039 4544 ii.
1060 4495 1183 4546 homines
1197 4496 1223 4545 in
1237 4497 1337 4562 quibus
1350 4493 1513 4550 nascunturl.
