3268 5108
324 407 373 478 22
444 421 542 484 Stcm
564 435 780 482 votmmrmrrs
802 437 991 484 utrumme
1013 421 1189 483 inlusurum
1211 419 1392 483 ovinum.

323 611 385 673 iam
416 611 516 690 magis
546 607 762 672 corroboratas
791 627 861 672 csse
895 609 1053 690 intellegit
1081 607 1193 671 eadem
1223 611 1413 674 necessitate
1443 631 1522 694 per·
1623 653 1624 656 κ

323 724 419 795 ρειιιο
440 715 605 794 astringat,
630 713 688 776 sed
711 713 753 775 ab
774 712 975 775 oboedientia
1003 711 1167 794 paullatim
1190 712 1231 775 nd
1254 715 1396 795 ipsorum
1415 714 1522 796 quod·
1623 721 1624 796 j

323 816 397 879 dam
420 816 589 881 arbitrium
610 816 766 881 traducat.
813 815 932 879 deinde
955 835 972 876 e
996 814 1181 897 republica
1208 817 1276 878 lieri
1299 820 1522 882 existimamus
1623 865 1624 870 η

324 919 411 1002 quod
432 941 495 984 non
518 920 731 983 admittuntur
761 918 828 980 fere
858 918 898 981 ad
926 920 1170 981 universitatum
1201 920 1325 983 scholas
1346 923 1410 984 nisi
1441 941 1522 1004 quos
1623 943 1624 966 ¹

325 1024 458 1086 maturis
479 1023 605 1086 viribus
634 1022 816 1105 puerilique
846 1023 1046 1085 institutione
1077 1033 1163 1085 reete
1192 1023 1335 1087 eruditos
1364 1024 1522 1088 accedere

325 1127 519 1190 constiterit:
554 1128 588 1190 in
611 1146 674 1208 qua
702 1127 820 1188 virium
849 1135 945 1206 atque
975 1123 1165 1188 eruditionis
1193 1129 1372 1208 cognitione
1403 1128 1524 1191 iudicia

325 1231 546 1311 magistrorum
570 1228 722 1293 diuturna
746 1227 975 1310 discipulorum
998 1229 1228 1292 consuetudine
1255 1231 1440 1324 conlipmata
1464 1253 1525 1314 po-

324 1334 438 1396 tiorem
461 1332 553 1395 nobis
575 1331 728 1394 videntur
757 1331 876 1394 habere
899 1335 1116 1395 auctoritatem
1146 1343 1177 1396 et
1201 1332 1296 1395 fidem
1319 1353 1417 1415 quam
1447 1337 1525 1398 illac

326 1435 441 1500 diebus
463 1437 583 1517 aliquot
606 1433 808 1517 peragendae
829 1433 1043 1516 probationes,
1075 1454 1154 1516 quas
1177 1437 1294 1500 seimus
1322 1457 1386 1500 non
1410 1442 1526 1520 paucis

328 1539 426 1602 luisse
455 1539 666 1620 periculosas,
703 1539 836 1601 intentis
865 1540 999 1601 nimium
1029 1539 1144 1601 animis
1173 1539 1293 1621 diuque
1322 1541 1527 1622 perturbatis

327 1653 380 1706 aut
403 1642 575 1705 formidine
597 1651 651 1705 aut
673 1640 856 1704 ambitione.
904 1641 1045 1723 deniqne
1071 1643 1165 1706 saluti
1195 1643 1331 1706 civitatis
1353 1657 1527 1708 consenta-

327 1766 425 1809 neum
447 1755 580 1809 estnon
605 1744 736 1808 concedi
768 1744 948 1807 facultatem
971 1763 1078 1826 neque
1102 1765 1270 1816 munerum
1302 1747 1527 1828 reipublicae

329 1849 522 1912 ecclesiaeve
551 1847 877 1911 administrandorum
907 1866 1013 1928 neque
1042 1867 1206 1912 causarum
1235 1850 1434 1932 agendarum
1472 1865 1529 1916 aut

328 1952 506 2015 medicinae
527 1950 726 2016 exercendae
749 1952 811 2013 nisi
835 1951 882 2013 eis
905 1969 1039 2031 quorum
1062 1950 1205 2014 doctrina
1228 1965 1397 2035 perspecta
1428 1966 1529 2038 atque

287 2043 498 2137 tsexplorata¹
522 2065 582 2118 est.
629 2053 687 2116 sed
710 2050 772 2134 q‘ua
794 2055 845 2115 via
873 2055 1009 2135 quisque
1032 2058 1245 2118 neeessariam
1266 2059 1424 2138 cuiusque
1448 2063 1530 2123 artis
1623 2065 1624 2092 ¹

328 2161 494 2222 scientiam
517 2167 703 2221 consecutus
726 2159 766 2219 sit
790 2177 852 2220 non
872 2156 1000 2219 videtur
1022 2175 1214 2240 magnopere
1237 2161 1416 2224 curandum
1441 2183 1527 2245 esse,

329 2261 448 2326 nodum
481 2260 607 2341 legibus
637 2270 669 2323 et
699 2263 895 2341 praescripto
925 2260 1104 2322 scholarum
1138 2281 1272 2326 numero
1305 2263 1530 2330 doctrinarum

328 2364 435 2429 studia
457 2363 650 2427 moderanda
672 2363 921 2445 disparibusque
945 2363 1083 2444 ingeniis
1111 2365 1242 2428 eaedem
1271 2367 1427 2430 lcrmulae
1451 2389 1532 2432 con-
1623 2377 1624 2446 ζ

329 2467 510 2532 stituendae
532 2459 610 2532 sint.¹
652 2486 723 2530 nam
747 2469 774 2529 si
796 2466 969 2548 diligenter
992 2476 1121 2530 curatur
1143 2478 1179 2532 ut
1201 2471 1234 2530 in
1257 2469 1532 2538 universitatibus
1623 2471 1624 2548 I

329 2573 494 2636 litterariis
516 2571 696 2635 necessaria
719 2572 824 2633 omnia
847 2572 880 2632 in
903 2571 987 2633 omni
1009 2570 1226 2635 doctrinarum
1249 2593 1372 2654 genere
1384 2573 1532 2640 docean-
1623 2639 1624 2642 ,

328 2686 393 2756 tur,
423 2677 451 2738 si
474 2674 609 2738 docendi
636 2676 762 2738 muneri
791 2685 1035 2757 praeponuntur
1063 2676 1210 2739 homines
1239 2679 1378 2758 ingenio,
1412 2682 1533 2745 erudi-

329 2781 426 2859 tione,
453 2778 581 2841 dicendi
598 2777 746 2841 facultate
769 2787 977 2859 praestantes,
1003 2781 1029 2842 si
1047 2778 1226 2842 liberaliter
1241 2779 1402 2844 habentur
1417 2801 1532 2867 neque

330 2883 488 2964 impositis
509 2883 608 2944 variis
637 2881 827 2945 muneribus
857 2892 889 2944 et
918 2881 1081 2946 laboribus
1110 2885 1267 2946 alitteris
1290 2891 1533 2968 praeceptoris-

330 3006 394 3068 que
418 2985 520 3048 officio
543 2984 776 3063 distrahuntur,
809 2986 886 3047 haec
907 2987 934 3047 si
958 2996 1122 3066 curantur,
1154 2987 1231 3049 satis¹
1260 2989 1426 3068 provisum
1457 3013 1532 3056 esse

330 3099 480 3172 putamus
502 3088 549 3150 rei
572 3086 731 3168 publicae.
777 3087 940 3151 alliciendi
963 3099 1037 3154 sum
1060 3091 1147 3152 enim
1178 3093 1313 3154 invenes
1337 3102 1369 3154 et
1391 3093 1435 3156 ad
1459 3107 1534 3160 stu-

331 3193 420 3258 dium
450 3211 486 3254 ac
514 3189 655 3254 laborem
685 3189 839 3253 incitandi
870 3192 1005 3254 utilitate
1040 3203 1071 3256 et
1099 3192 1297 3256 iucunditate
1330 3194 1531 3280 scholarum,

331 3295 464 3378 regendi
488 3304 730 3376 praeceptorum
753 3293 1026 3359 adhortationibus
1056 3306 1088 3359 et
1113 3298 1280 3379 exemplis,
1311 3317 1375 3361 non
1399 3299 1537 3384 legibus
1623 3375 1624 3380 ἵ

332 3411 364 3465 et
386 3402 475 3464 iussu
497 3395 631 3478 cogendi
662 3406 698 3458 nt
719 3396 897 3461 assideant:
930 3398 1116 3481 quidquod
1144 3419 1185 3463 ne
1213 3401 1361 3482 compelli
1391 3405 1536 3485 quidem

332 3515 365 3570 et
378 3502 564 3583 congregari
587 3511 721 3582 possunt
744 3501 870 3582 legibus
891 3503 953 3564 nisi
976 3505 1145 3565 accesserit
1168 3503 1335 3567 illiberalis
1357 3516 1390 3568 et
1412 3511 1537 3590 putida

331 3607 432 3671 veluti
463 3607 581 3672 milites
614 3603 803 3670 recensendi
841 3617 873 3669 et
901 3605 1147 3688 recognoscendi
1180 3607 1351 3672 industria.
1405 3611 1538 3678 hebent

331 3721 438 3776 autern
468 3711 541 3774 illae
563 3711 741 3774 scholarum
768 3709 1074 3791 frequentandamm
1103 3713 1374 3793 praescriptiones
1403 3724 1439 3778 et
1472 3719 1537 3780 im-

332 3825 441 3897 perata
471 3815 562 3896 quasi
585 3833 686 3896 pensa
714 3814 773 3876 boc
795 3833 857 3876 non
885 3814 956 3875 leve
982 3814 1216 3878 incommodum
1246 3815 1332 3898 quod
1363 3817 1436 3881 lieri
1468 3841 1537 3884 non

332 3929 437 4000 potest
465 3919 544 4000 quin
573 3919 670 3980 animi
693 3919 883 3997 multorum,
914 3936 985 3979 cum
1014 3916 1230 3982 doctrinarum
1258 3929 1368 4001 partes
1397 3937 1538 4006 propter

331 4021 493 4106 publicam
514 4023 738 4086 necessitatem
759 4019 941 4084 tractandas
964 4031 996 4083 et
1017 4019 1246 4102 perdiscendas
1263 4023 1438 4105 studiaque
1456 4029 1537 4091 olim

332 4126 553 4209 probationum
577 4127 696 4189 trutina
715 4123 926 4188 examinanda
939 4127 1146 4187 annumerari
1168 4125 1230 4188 sibi
1253 4125 1377 4207 vident,
1403 4147 1422 4190 a
1448 4131 1538 4196 libe-

333 4232 448 4294 raliore
472 4229 662 4292 eruditionis
685 4230 917 4292 consectatione
940 4227 1140 4292 abducantur
1166 4239 1198 4292 et
1220 4231 1344 4311 vulgari
1369 4231 1415 4294 illi
1440 4237 1539 4299 utili-

332 4337 401 4414 tati,
430 4353 512 4415 quae
535 4352 637 4414 paene
659 4331 787 4395 domina
809 4342 857 4396 est
879 4333 991 4396 aetatis
1012 4342 1159 4416 nostrae,
1184 4335 1420 4415 mancipentur.
1474 4341 1540 4402 ita·-

333 4458 396 4520 que
425 4438 510 4500 omni
543 4455 640 4518 opera
670 4435 848 4500 curandum
881 4455 950 4498 esse
984 4433 1076 4496 nobis
1105 4435 1235 4499 videtur
1269 4447 1304 4500 ut
1337 4439 1539 4506 iuvenilium

334 4543 497 4606 doctrinae
520 4540 698 4604 studiorum
722 4538 895 4602 moderatio
917 4557 980 4601 non
1002 4541 1197 4621 astringatur
1212 4543 1325 4620 artius,
1351 4543 1410 4606 scd
1425 4563 1540 4627 qnan-
