3186 5108
382 315 471 378 lrorr'r
493 331 660 379 merrom
683 332 869 380 nummum
889 313 982 376 tete.
1035 394 1040 402 Ι
1209 300 1279 372 167

102 505 246 572 mtbnem
273 503 531 586 depravatissimi
561 503 716 585 poematis
745 503 954 586 probabiliter
988 505 1158 570 contulisse
1189 503 1283 568 vide-

102 619 210 674 rentur.
258 616 290 671 et
318 616 468 691 putamus
499 608 606 692 priore
634 605 698 670 duo
726 605 863 672 disticha
891 609 967 672 sutis
996 627 1069 672 esse
1098 606 1279 686 emendata,

101 713 153 776 uisi
174 710 257 794 quod
280 713 313 774 in
337 721 451 794 quarto
473 729 586 790 versu,
612 709 668 776 ubi
692 703 784 796 ἁβρόν
806 721 840 773 et
861 710 990 777 κυανέου
1013 711 1172 776 lacobsius
1194 698 1281 776 scri-¹

101 817 170 898 psit,
194 815 406 880 liberantem
429 815 589 880 Palatinus
611 807 707 901 ἀφρόν
731 824 762 877 et
784 808 912 890 uodrcor,
933 814 1047 895 habet,
1075 816 1183 880 coristi
1206 827 1306 898 par-r

100 920 230 1002 ticipium
262 917 496 984 incommodum
524 937 596 982 esse
628 918 792 982 Hecltems
820 939 931 982 comm.
958 921 991 985 in
1013 918 1102 982 ooth.
1127 937 1139 982 r
1160 939 1194 1001 p.
1221 918 1281 982 too

101 1033 176 1086 reete
195 1022 432 1088 animadvertit.
472 1023 568 1088 huius
591 1023 689 1104 igitur
711 1023 863 1087 versiculi
885 1021 1142 1088 emendationem
1163 1019 1285 1085 doctio-

102 1125 180 1192 ribus
200 1127 413 1208 relinquimus
432 1124 515 1209 (nom
537 1117 652 1211 γελόυυ
671 1125 814 1188 scribere
830 1126 970 1208 proclive
987 1125 1119 1207 quidem
1140 1135 1201 1205 est,
1225 1125 1283 1188 sed

101 1231 189 1294 lutere
210 1229 299 1294 eliud
321 1229 477 1314 videturl:
504 1229 600 1294 finem
621 1239 730 1296 autem
753 1230 1003 1312 epigrammatis,
1029 1229 1148 1311 inquo
1172 1248 1284 1292 emen-

100 1331 187 1398 dandi
208 1353 284 1415 spes
310 1343 344 1396 et
365 1333 442 1396 ulios
464 1332 578 1398 ielellit
607 1343 638 1396 et
660 1335 804 1398 Heckcro
832 1332 1001 1398 abicienda
1030 1351 1100 1396 esse
1130 1333 1198 1398 visa
1221 1341 1280 1411 est,

101 1438 258 1502 restituere
280 1456 374 1518 pesse
397 1436 489 1502 nobis
511 1436 670 1502 videmur.
717 1437 846 1518 scripsit
867 1437 953 1499 onim
974 1435 1196 1518 Apollonides,
1221 1437 1283 1498 nisi

100 1559 280 1622 magnopore
303 1540 460 1620 fallimur,
493 1534 657 1606 EirmoB'
683 1533 821 1625 micabis<
843 1529 1016 1624 rpobb‘
1003 1561 1037 1604 or
1057 1537 1196 1624 irripere
1219 1537 1284 1604 σοῖο

100 1637 319 1730 llioronpoo’
285 1637 431 1730 ουχήοευς
461 1642 581 1728 positor,
610 1637 727 1730 Ἀφρῶ,
759 1639 796 1708 σὺ
822 1637 944 1729 Πάφου.
991 1643 1129 1706 nominis
1151 1641 1284 1706 {ormam

99 1765 185 1827 quam
206 1749 406 1829 reposuimus
429 1757 653 1812 commemorat
675 1747 899 1830 grammaticus
929 1748 963 1809 in
985 1747 1124 1811 bekkeri
1146 1745 1284 1810 anecdo-

99 1851 133 1912 tir
153 1870 183 1933 p.
202 1849 277 1930 857,
302 1852 405 1916 utitur
426 1870 465 1914 eu
480 1851 639 1917 Nicander
661 1851 799 1932 alexipb.
825 1870 856 1912 v.
875 1851 950 1913 lob.
990 1847 1126 1934 trebure
1142 1850 1285 1914 Heekero

99 1952 244 2033 debetur,
277 1952 343 2018 ecio
372 1955 563 2018 Hermanno.
611 1954 803 2018 Graecorum
831 1973 924 2018 usum
957 1953 989 2016 in
1020 1954 1285 2022 metrelonoris

98 2056 296 2138 significanda
317 2057 453 2122 Ovidius
481 2065 609 2122 secutus
632 2068 680 2122 est
702 2057 785 2121 trist.
804 2076 826 2120 u
849 2057 925 2137 ott,
958 2059 1010 2120 Sic
1031 2055 1170 2120 madidos
1191 2057 1287 2120 siccat

98 2161 189 2244 digitis
217 2163 315 2224 Vetere
335 2161 401 2224 odo
428 2161 554 2244 capillos
582 2164 621 2226 Et
641 2161 727 2226 rodo
756 2163 903 2226 motareis
933 2167 1009 2224 tectu
1030 2159 1152 2224 videtur
1182 2161 1282 2242 opum.

98 2281 200 2328 remm
220 2265 283 2328 ulia
299 2263 429 2330 dicendi
446 2265 546 2347 figura
568 2275 602 2328 ot
616 2264 757 2330 Graecus
772 2275 863 2348 poeta
877 2261 1010 2328 Arabius
1030 2281 1109 2338 usus
1130 2273 1179 2327 cst
1193 2263 1283 2326 anth.

99 2377 118 2428 t.
133 2387 154 2430 u
173 2388 206 2452 p.
222 2367 287 2431 679
315 2368 415 2452 [rtco.
433 2388 463 2431 rr
488 2368 576 2450 lbet,
602 2361 703 2432 Αότὰν
726 2368 762 2432 ἐι
781 2362 902 2433 πόντοιο
923 2367 1122 2452 τῶηνητῆρος
1140 2360 1286 2451 Ἀπελλῆς

99 2465 153 2534 Tit
173 2466 292 2558 Κύπριν
313 2466 428 2556 repudi
451 2467 515 2536 aloe
537 2470 761 2558 λοχευομέναν,
792 2473 992 2535 ellatinum
1021 2480 1162 2553 poetam,
1194 2471 1286 2534 cuium

98 2576 193 2640 animo
214 2575 304 2640 nulla
327 2574 480 2640 leminina
499 2577 596 2640 uraris
617 2576 789 2658 adpellatio
813 2577 845 2637 in
862 2576 1006 2638 Latinum
1027 2593 1208 2638 sermonem
1232 2593 1285 2636 re-

99 2688 180 2759 ceptu
200 2678 365 2744 obuersari
388 2688 524 2761 poterat,
549 2699 612 2742 uon
636 2681 752 2744 mirum
774 2689 825 2742 est
847 2677 888 2742 de
903 2678 1030 2742 Oceano
1052 2679 1206 2759 cogitasse
1222 2678 1285 2740 Ve-

99 2781 241 2864 nerisque
264 2782 394 2864 capillos
415 2791 507 2864 putre
530 2793 675 2846 rorantes
698 2783 828 2846 dixisse.

176 2885 260 2948 Dixit
283 2894 391 2950 mrtem
410 2884 553 2949 doctiore
576 2886 676 2968 ligura
700 2897 733 2948 et
753 2885 891 2968 quodam
914 2886 1060 2949 acumine
1083 2905 1160 2950 murs
1182 2905 1200 2950 a
1223 2905 1286 2966 qno

101 2985 253 3068 ingenium
280 2991 353 3054 eius
378 2989 510 3052 minime
537 2989 743 3052 abhorrebat.
790 2989 934 3072 argutius
963 2989 1047 3052 enim
1072 2990 1104 3054 in
1127 2989 1287 3070 principio

100 3093 239 3155 carminis
265 3091 308 3174 (v.
329 3090 378 3175 l3l
406 3093 562 3159 Bocchum
583 3113 642 3156 suo
665 3095 770 3174 ipsum
792 3092 875 3175 pede
897 3091 998 3156 liuere
1021 3091 1107 3156 iecit.
1147 3091 1205 3160 seo
1227 3090 1287 3156 ad-

100 3194 251 3260 scribendi
274 3214 345 3260 esse
369 3195 521 3260 ridentur
544 3197 604 3278 ipsi
626 3197 674 3260 illi
696 3215 817 3260 uersus.

218 3318 319 3364 curro
340 3300 443 3364 semri
463 3302 531 3382 quob
554 3302 649 3364 neret
669 3301 796 3364 coemto
815 3302 908 3384 regis,

217 3422 289 3467 mern
307 3403 430 3466 dormis
451 3422 538 3466 ceam
561 3405 701 3468 Οινονοοο
724 3405 852 3468 iactaret
873 3407 906 3466 ἕο
926 3405 1015 3467 mois

219 3507 417 3589 mutareque
437 3507 538 3570 molor
557 3507 732 3589 prohiberet
750 3507 904 3589 fructibus
925 3506 1048 3586 herbas,

217 3629 327 3674 oemio
345 3609 403 3674 red
423 3617 551 3674 roluroc
572 3611 745 3694 conplorent
767 3611 878 3674 lrorrco
901 3631 1024 3688 mester,

181 3787 191 3798 .
220 3715 285 3795 ipae
306 3732 362 3776 nro
380 3713 490 3796 ficeret
511 3715 651 3780 Boccbcs
669 3715 747 3798 pcdc
769 3716 916 3798 mellaque
938 3717 1027 3779 lectis

218 3817 386 3899 paeonem
403 3816 490 3899 soliis
511 3826 540 3882 ct
557 3820 669 3902 pispiri
691 3819 794 3883 Pullos
817 3819 909 3895 olivo,

221 3939 344 3986 secerne
365 3923 587 3986 ammoneret
608 3941 674 3986 cum
696 3924 802 4006 gratio
825 3923 921 3985 ruris.

104 4037 157 4084 non
187 4025 258 4088 sine
290 4023 448 4088 librorum
476 4026 663 4088 auctoritate
691 4026 878 4106 scripsimus
907 4023 1061 4107 fructibus
1088 4035 1121 4088 et
1148 4034 1286 4106 acturos,

104 4143 165 4186 mm
198 4128 291 4208 vulgo
325 4127 488 4208 legeretur
517 4127 660 4212 smpibrts
692 4138 724 4191 et
755 4147 877 4192 sccroe
931 4138 965 4191 et
996 4136 1124 4192 suturae
1156 4130 1288 4210 quidem

105 4244 203 4294 mmet
224 4231 325 4312 magis
344 4229 387 4294 ad
411 4251 479 4294 rem
508 4233 671 4314 pertinent
693 4251 789 4312 quiem
811 4250 939 4309 sacrae,
968 4231 1128 4314 fructuum
1150 4232 1289 4296 vocabu-

106 4328 161 4394 lum
177 4331 221 4396 de
244 4343 306 4430 loto
328 4353 476 4416 mum
507 4345 665 4417 proventu
687 4333 807 4400 dictum
830 4345 900 4417 post
923 4334 1188 4416 Oudendorpium
1211 4337 1289 4417 Nip-

106 4433 245 4512 perdcius
265 4438 300 4504 ia
323 4437 458 4502 (laesere
480 4459 538 4502 suo
561 4459 594 4522 p.
620 4439 660 4500 bt
686 4438 793 4504 multis
822 4439 977 4520 exemplis
1000 4438 1208 4503 confirmavit.
1255 4439 1289 4504 in
