3204 5104
300 323 374 398 364
592 340 681 400 lnam
704 356 868 400 merrom!
891 355 1074 399 arsamum
1094 335 1187 397 4867.

299 527 469 591 acerbitas.
515 547 610 610 quarn
640 525 731 590 facile
761 526 925 590 cnmeoma
951 528 985 588 in
1014 544 1178 590 cumoooso
1206 528 1322 589 mutari
1346 525 1473 607 potuerit

299 633 504 714 perspicuum
527 641 586 694 est.

385 736 421 796 ln
444 733 555 798 eodem
582 733 663 797 libro
692 733 768 818 §m
798 733 908 796 Cicero
935 743 971 796 ut
992 734 1162 815 Epicureos
1190 734 1351 814 voluptate
1378 733 1473 795 omnia

300 839 476 920 dirigentes
496 839 648 902 virtutem
671 856 777 919 neque
799 839 883 900 tueri
905 855 1011 918 neque
1035 838 1173 900 retinere
1196 857 1288 918 posse
1311 837 1417 900 doceat
1437 838 1473 898 ita

300 943 458 1024 disputat,
482 961 556 1004 nom
577 961 632 1006 nec
653 943 704 1004 oir
725 941 820 1004 bonos
842 961 880 1004 oo
901 942 999 1004 instes
1021 939 1129 1003 baberi
1148 940 1233 1003 debet
1252 945 1307 1023 qui
1321 960 1359 1002 ne
1372 941 1474 1002 molum

300 1045 409 1110 lrabeat
429 1045 558 1109 obstinet
584 1063 617 1109 se
639 1045 677 1108 ab
699 1047 834 1108 iniuria:
863 1045 958 1120 nosti,
989 1043 1096 1120 credo,
1127 1043 1204 1106 iltml
1228 1045 1332 1106 ‘nemo
1351 1045 1418 1126 pios
1438 1051 1475 1104 est

300 1151 354 1232 qni
370 1149 547 1231 pietatems'
579 1167 652 1212 oove
683 1151 841 1232 quicqsmm
866 1155 954 1229 putes
981 1165 1046 1210 esse
1075 1151 1199 1210 omnm:
1228 1166 1283 1210 nec
1311 1151 1387 1210 emim
1412 1146 1475 1208 dom

301 1255 405 1316 metuit
425 1254 524 1316 tostos
546 1259 591 1314 est
612 1260 640 1314 et
661 1260 741 1316 certe
762 1256 792 1315 si
811 1260 942 1316 metuere
956 1253 1105 1317 destiterit
1124 1271 1185 1312 mon
1199 1255 1276 1328 erit,
1300 1269 1360 1312 non
1382 1257 1476 1311 meteret

301 1363 400 1420 ouem
423 1360 488 1419 sive
509 1357 610 1418 celare
628 1359 762 1438 potnerit
789 1359 853 1420 sive
878 1359 983 1440 opibus
1005 1359 1123 1440 moenis
1145 1355 1291 1437 mioqotd
1309 1354 1411 1436 secent
1431 1351 1476 1413 ot
1574 1429 1575 1440 ἵ

302 1461 397 1522 tinere
426 1466 561 1542 certeque
589 1460 680 1522 molet
706 1460 884 1522 existimari
909 1461 1004 1523 bonus
1033 1463 1084 1522 vir
1110 1467 1144 1522 nt
1171 1477 1231 1520 non
1253 1461 1293 1521 sit
1314 1475 1400 1540 mecm
1420 1473 1477 1517 esse
1574 1445 1575 1458 ¹

302 1571 336 1625 nt
367 1582 426 1624 uon
452 1569 589 1644 putetur.
641 1565 699 1640 ito,
732 1563 810 1644 qnod
838 1565 1038 1628 certissimum
1066 1570 1127 1640 est,
1161 1581 1219 1644 pro
1246 1581 1324 1624 vero
1350 1568 1476 1644 certoqm

303 1667 420 1729 iustitio
441 1664 663 1729 simulationem
684 1665 769 1728 nobis
798 1668 929 1730 institiae
959 1667 1081 1730 traditis
1104 1666 1339 1748 praecipitisque
1359 1663 1475 1745 pulum
1574 1695 1575 1702 ¹

302 1769 387 1831 mode
408 1776 443 1830 nt
463 1777 601 1832 nostram
622 1769 759 1832 stabilem
780 1773 991 1834 conscientiam
1013 1778 1254 1844 contemnamus,
1286 1769 1411 1829 oliorum
1431 1785 1476 1828 er-

303 1879 421 1936 rontem
450 1873 618 1954 opinionem
646 1889 844 1954 occupemur.
899 1884 1066 1956 postquam
1093 1873 1249 1936 alhoma
1270 1871 1407 1933 Bentleio
1432 1870 1476 1930 in-

302 1976 464 2039 tellectum
480 1985 607 2039 estnon
629 1995 722 2057 posse
744 1977 872 2039 tolerari
887 1979 1102 2054 certissimum,
1128 1973 1377 2037 emendationem
1395 1972 1475 2035 multi

303 2080 548 2160 quaesiverunt,
574 2077 660 2160 quod
682 2075 821 2161 speciem
837 2081 975 2162 aliquam
991 2079 1124 2143 haberet
1140 2079 1208 2139 veri
1231 2097 1324 2140 nemo
1344 2076 1474 2158 protulit.

303 2202 377 2245 nam
399 2202 470 2245 cum
492 2183 687 2263 perversitas
702 2183 929 2265 Epicureorum
953 2204 1016 2247 non
1038 2203 1101 2246 uno
1122 2181 1214 2244 modo
1236 2181 1405 2262 vituperari
1427 2197 1477 2259 po-

303 2285 401 2348 tuerit
424 2304 529 2366 neque
548 2285 611 2348 diei
634 2295 730 2366 queat
751 2305 814 2367 quo
835 2290 1034 2368 potissimum
1056 2285 1154 2349 verbo
1170 2283 1314 2346 Ciceroni
1336 2280 1475 2344 utendum

305 2387 417 2467 luerit,
450 2390 476 2451 is
505 2389 634 2452 demum
664 2389 869 2471 depravatam
897 2409 1007 2452 vocem
1034 2387 1139 2452 videri
1170 2387 1287 2468 poterit
1316 2385 1475 2448 correxisse

305 2493 446 2573 quinon
468 2501 590 2554 tantum
620 2491 706 2574 quod
732 2495 911 2556 sententiae
933 2493 1099 2556 conveniat
1127 2489 1332 2572 produxerit,
1362 2487 1416 2550 sed
1436 2488 1476 2549 le-

305 2595 436 2658 nissima
458 2613 535 2658 usus
556 2595 653 2658 luerit
675 2597 859 2658 mutatione.
908 2605 938 2658 et
961 2598 1115 2658 miramur
1136 2612 1238 2676 paene
1260 2611 1323 2654 non
1345 2592 1475 2654 extitisse

305 2699 362 2780 qui
383 2697 541 2761 scriberet
562 2701 783 2781 ineptmsimnm
804 2699 991 2780 diceretque
1014 2706 1027 2760 ῑ
1053 2709 1085 2761 et
1106 2717 1122 2761 c
1145 2698 1284 2777 itemque
1304 2715 1326 2778 p
1349 2705 1378 2757 et
1399 2713 1416 2755 r
1435 2693 1476 2754 la-

280 2801 423 2864 scillime
444 2803 583 2883 potuisse
606 2803 793 2882 permutari.
840 2802 942 2865 solent
965 2803 1051 2864 enim
1074 2802 1163 2865 multi
1185 2801 1263 2864 dum
1285 2787 1378 2861 notas¹
1401 2798 1475 2858 litte·

306 2923 477 2986 rarumque
501 2903 616 2967 lcrmas
637 2915 770 2986 crepant
791 2915 932 2987 tempora
962 2907 1150 2987 speciesque
1173 2905 1348 2985 scripturae
1369 2912 1475 2964 tenere

305 3007 518 3070 contundere:
544 3027 679 3089 quorum
703 3010 758 3091 qui
781 3009 887 3090 paullo
909 3009 1031 3072 doctius
1054 3009 1214 3090 ineptiunt
1236 3007 1316 3069 iuris
1338 3005 1474 3067 librorum

305 3112 394 3190 siglis
409 3110 613 3174 multifariam
628 3110 815 3175 abutuntur.
855 3113 1062 3192 coniungeret
1078 3121 1181 3175 autem
1199 3111 1254 3191 qui
1274 3109 1474 3191 ineptissimum

306 3215 359 3277 illo
376 3213 466 3277 modo
481 3214 690 3296 depravatum
707 3233 777 3278 esse
791 3216 978 3298 opinaretur
992 3216 1154 3296 antiquam
1170 3215 1347 3276 litterarum
1362 3213 1473 3274 lormam

306 3337 376 3381 cum
400 3319 577 3381 recentiore
600 3319 778 3401 scripturae
806 3319 994 3401 conpendio.
1041 3327 1149 3381 contro
1171 3318 1239 3379 veri
1263 3317 1359 3379 simili
1381 3331 1475 3378 ernen-

306 3420 433 3483 datione
452 3421 594 3484 Ciceroni
619 3421 753 3485 verbum
776 3440 839 3503 quo
861 3441 938 3485 usus
961 3431 1009 3484 est
1033 3421 1169 3484 reddere
1191 3420 1342 3483 videmur
1363 3421 1388 3480 si
1409 3416 1474 3480 scri-

307 3523 412 3586 bimus
433 3523 755 3606 quod'csnmrresmvn
777 3533 831 3588 est.
880 3523 965 3588 idem
980 3523 1114 3587 verbum
1131 3523 1302 3586 Lambinus
1325 3525 1357 3585 in
1372 3524 1425 3604 Ep.
1444 3517 1475 3581 ad

305 3625 444 3690 Atticum
465 3647 522 3690 vru
545 3628 563 3688 5
588 3647 628 3690 ex
654 3628 765 3692 eodem
794 3629 910 3692 mendo
933 3630 1010 3691 snite
1033 3629 1133 3708 eruit,
1165 3629 1221 3689 etsi
1241 3627 1317 3689 solet
1337 3645 1402 3689 enm
1421 3641 1474 3687 mn

306 3731 423 3813 aliquid
441 3730 559 3813 furiose
577 3730 651 3812 [ecit
669 3734 843 3812 poenitere:
866 3751 1030 3814 nnmqoom
1046 3738 1146 3793 antem
1160 3731 1302 3793 cerritior
1321 3729 1382 3812 snit
1401 3744 1476 3810 mom

307 3836 339 3896 in
361 3835 414 3896 ltoc
436 3837 559 3916 nepotio.
607 3835 759 3915 scripturn
783 3845 851 3897 erat
874 3837 1003 3898 certior:
1026 3834 1112 3916 quod
1133 3835 1229 3896 nimis
1251 3834 1359 3914 inepte
1381 3831 1476 3895 deleo-

308 3936 388 3999 dunt
417 3937 471 4018 qui
494 3937 634 3998 Simeoni
662 3939 768 4018 Bosio,
799 3940 945 4019 perversi
976 3937 1084 4001 iudicii
1112 3937 1249 4012 bomini,
1282 3935 1476 4017 obsequentes

308 4039 418 4103 dicunt
448 4049 533 4102 reete
556 4041 661 4103 vocari
690 4052 812 4105 certum
842 4044 897 4124 qui
920 4041 1030 4104 firmus
1052 4049 1178 4103 maneat
1201 4041 1234 4100 in
1257 4039 1413 4122 proposito
1432 4051 1475 4098 sno

308 4161 469 4224 quemque
485 4145 606 4206 consilii
621 4145 670 4208 sui
693 4165 757 4208 non
771 4145 942 4226 paeniteat.
955 4159 957 4164 ’
980 4144 1114 4226 pulchre
1136 4143 1256 4206 scilicet
1271 4143 1331 4206 hoe
1349 4137 1475 4204 convenit

309 4247 342 4307 in
371 4246 524 4309 furiosum
553 4247 643 4311 illum
671 4248 730 4311 sed
757 4258 936 4330 promptum
969 4245 1011 4310 ad
1037 4245 1267 4328 paenitendum
1295 4244 1473 4326 Dionysium.

308 4358 403 4412 erunt
416 4359 522 4411 autem
537 4350 668 4413 tortasse
684 4351 802 4433 quibus
817 4351 1047 4414 mmitissimum
1061 4351 1157 4412 nimis
1171 4350 1292 4431 pingue
1307 4345 1475 4410 vocabulum

309 4471 379 4514 esse
401 4451 559 4515 videatur.
606 4453 664 4516 sed
686 4455 898 4536 reputandum
923 4463 971 4516 est
988 4455 1021 4516 in
1036 4451 1231 4517 aestimando
1248 4453 1338 4533 quasi
1353 4447 1474 4534 pondere
