3184 5108
315 372 390 444 254
610 385 700 446 luunx
722 403 886 447 uscrtouva
909 401 1094 445 ntnsnmnvn
1112 382 1206 442 ttae.

314 575 384 636 inde
412 571 553 658 αυλητρίς
583 575 639 636 ilto
660 575 802 657 vulgato,
835 591 903 635 eum
929 573 1090 654 quaeritur
1117 578 1222 632 atrum
1251 569 1326 632 aulo
1353 585 1425 650 pune
1450 576 1490 629 ter

312 677 455 740 ceciderit
491 697 532 739 on
562 677 686 739 tibicina
714 680 743 738 si
769 675 910 738 ceciderit
941 673 1046 738 debent
1080 673 1243 756 publicari.
1303 672 1489 734 scholasticae

315 781 410 843 huius
432 781 666 842 coutroversiae
690 780 835 841 meminit
856 779 1013 860 Diogenes
1034 779 1178 840 Laertius
1196 795 1238 838 vu
1261 777 1314 854 62,
1340 769 1491 859 ἀμφιβολία

313 881 348 945 δέ
370 881 434 946 ἐστι
455 881 532 954 λέξις
555 875 608 946 tio
631 874 651 966 ἢ
675 878 727 945 καί
748 879 873 945 πλείονα
893 875 1056 967 πράγματα
1079 877 1268 963 σημαίνουσα
1290 880 1427 948 λεκτικῶς
1449 871 1492 938 καί

314 983 424 1070 κυρίως
452 983 504 1049 καί
532 981 610 1049 κατά
636 981 669 1049 τό
693 979 765 1049 αὐτὸ
787 981 858 1056 ἔθος
866 1034 876 1063 ,
908 977 985 1048 ὥσθ’
1019 975 1084 1067 ἅμα
1111 978 1149 1047 τά
1176 980 1301 1046 πλείονα
1328 979 1494 1051 ἀναδέξασθαι
1574 973 1575 994 ’

312 1084 392 1152 κατὰ
420 1082 530 1172 ταότην
558 1083 614 1173 τήν
643 1088 738 1160 λέξιν·
770 1083 833 1151 οῖον
856 1078 1015 1172 (αόλητρίς
1042 1081 1209 1150 πέπτωκε·’
1259 1086 1417 1170 δηλοῦνται
1443 1077 1493 1167 γὰρ
1574 1093 1575 1100 ’

315 1186 356 1254 δι’
390 1185 482 1276 αὐτῆς
509 1187 543 1255 τό
574 1189 627 1275 μέν
656 1195 802 1269 τοιοῦτον,
827 1185 925 1256 ὀἰκία
954 1187 1017 1277 τρίς
1043 1184 1200 1268 nimmia}
1233 1184 1267 1253 τὸ
1298 1186 1331 1251 δέ
1358 1191 1491 1262 τοιοῦτον,
1573 1199 1575 1234 l

306 1287 474 1380 εαιίλητρία
495 1285 656 1358 airricus?
701 1295 890 1376 explicatius
906 1295 991 1356 Theo
1012 1312 1178 1376 pmgymn.
1204 1313 1274 1377 cap.
1293 1311 1323 1354 ιν
1345 1286 1445 1375 ἀσαφῆ
1465 1287 1494 1351 δὲ
1574 1323 1575 1360 2

313 1393 367 1480 τὴν
391 1397 552 1484 ἑρμηνείαν
574 1398 654 1462 ποιεῖ
680 1394 731 1461 καί
753 1392 773 1483 ἡ
797 1397 943 1483 λεγομένη
974 1393 1141 1483 ἀμφιβολία
1167 1392 1240 1482 πρὸς
1269 1399 1329 1459 τῶν
1356 1395 1494 1458 timean-
1574 1381 1575 1410 ³

314 1505 388 1580 κιῖιν,
412 1497 496 1588 παρά
516 1497 571 1587 τὴν
593 1497 696 1586 κσινην
722 1505 774 1566 τοῦ
797 1496 969 1586 ἀδιαιρέτου
990 1525 1022 1565 τε
1044 1497 1096 1564 καί
1119 1498 1314 1586 διηρημένυυ,
1346 1491 1387 1570 ἀς
1407 1497 1437 1560 ἐν
1457 1499 1493 1580 τῷ

307 1599 466 1691 (αὐλητρίς
487 1609 621 1669 πεσοῦσα
644 1603 773 1689 δημοσία
786 1599 884 1669 ἔστω.’
932 1603 963 1667 ἓν
988 1601 1041 1690 μέν
1063 1599 1120 1688 γάρ
1143 1601 1171 1667 τί
1193 1603 1255 1666 ἐστι
1276 1597 1310 1666 τὸ
1326 1596 1372 1688 inp'
1398 1600 1428 1664 ἓν
1449 1593 1492 1662 καί

314 1703 495 1794 ἀδιαίρετον,
519 1703 676 1794 εαὐλητρίς
704 1706 781 1772 ἔστω
807 1711 940 1772 πεσοῦσα
963 1703 1114 1792 δημοσία,’
1145 1706 1245 1792 ἕτερον
1274 1705 1307 1770 δὲ
1334 1701 1367 1770 τὸ
1397 1705 1494 1788 θιηρη-

315 1811 415 1895 μένον,
441 1806 537 1896 ιαάλή
564 1808 626 1897 τρίς
651 1814 786 1876 πεσοῦσα
813 1809 891 1875 ἔστω
919 1805 1068 1896 hippodes?
1116 1810 1318 1874 scribebatur
1346 1809 1421 1870 olim
1446 1801 1494 1870 αίι-

314 1912 416 2001 λητρίς
437 1916 507 1988 παῖς
529 1907 617 1995 οὖσα,
642 1915 700 1979 sed
723 1910 801 2000 αάλὴ
824 1911 886 2001 τρίς
908 1919 1042 1979 πεσοῦσα
1071 1914 1192 1978 dudum
1214 1914 1363 2000 [restituit
1385 1911 1494 1974 Leder-

315 2021 399 2083 linus
414 2023 646 2101 veritatemque
669 2038 731 2081 non
747 2019 942 2100 adgnoscere
964 2019 1086 2100 stupidi
1102 2028 1181 2082 erat.
1229 2015 1385 2080 eiusmodi
1400 2025 1494 2078 autem

313 2122 538 2202 ambiguitates
560 2124 779 2204 grammaticos
802 2133 834 2184 et
856 2122 1036 2186 dialecticos
1059 2122 1235 2203 antiquitus
1251 2120 1432 2202 disputasse
1451 2116 1494 2177 vel

315 2245 352 2288 ea
367 2225 482 2289 docent
497 2245 578 2307 quae
593 2225 781 2290 Aristoteles
796 2225 951 2306 significat
965 2225 1007 2288 de
1022 2226 1202 2306 sophisticis
1217 2223 1362 2286 elenchis
1377 2241 1445 2304 cap.
1458 2239 1491 2281 rr.

315 2327 373 2392 sed
401 2330 480 2390 nihil
510 2331 562 2391 isti
592 2330 709 2392 scholio
739 2330 874 2392 similius
896 2332 950 2412 {est
973 2347 1068 2410 quam
1090 2326 1189 2414 {vetus
1216 2327 1436 2408 interpretatio
1460 2321 1494 2384 ad

314 2430 535 2513 Aristophanis
569 2432 648 2496 illud
680 2430 710 2496 τί
737 2432 815 2516 δῆτα
846 2432 948 2517 ληρεῖς
981 2423 1082 2517 ὥσπερ
1116 2425 1168 2494 ἀπ’
1205 2421 1276 2494 όνου
1310 2417 1491 2493 incanescit:

316 2534 411 2616 (Nub.
439 2535 530 2618 l273)
563 2534 739 2617 adscripta,
778 2532 827 2598 έπί
853 2538 913 2599 τῶν
942 2528 1060 2619 ἀλόγως
1092 2527 1279 2619 πραττόντων
1308 2527 1329 2617 ὴ
1358 2527 1494 2618 παροιμία

313 2633 365 2700 καί
387 2632 428 2722 μή
446 2637 617 2721 δυναμένων
634 2629 766 2724 όνυιςχρ
768 2637 874 2722 ἧσθαι,
900 2631 1028 2722 μήτιγε
1051 2633 1089 2722 δὴ
1110 2635 1222 2709 ἵπποις.
1261 2631 1278 2700 ὃ
1302 2635 1404 2720 μέντοι
1420 2627 1494 2698 Πλά-

313 2763 372 2804 των
395 2741 426 2805 έν
448 2740 538 2826 τρίτῳ
560 2735 659 2825 νόμων
681 2737 735 2826 τὴν
757 2739 929 2806 τελευταίαν
957 2744 1088 2826 περισπᾷ
1114 2736 1172 2804 ἀπό
1197 2743 1250 2804 νοῦ
1272 2739 1368 2824 λέγων
1398 2761 1492 2812 ουτως,

308 2838 435 2908 “καί
398 2868 438 2929 μη
462 2839 599 2929 καθάπερ
623 2839 766 2930 ἀχάλινον
790 2839 1021 2967 κεκτημένον
992 2868 1025 2908 το
1048 2838 1156 2928 στόμα,
1187 2838 1270 2930 βίαε
1261 2839 1317 2907 υπὸ
1339 2867 1392 2907 του
1414 2835 1494 2924 λόηου

314 2942 479 3071 μερόμενον
503 2944 581 3012 κατά
608 2971 661 3032 την
683 2946 847 3072 παρριμίαν
877 2943 936 3011 ἀπὸ
964 2971 1017 3012 νου
1038 2941 1160 3012 πεσεῖν]
1207 2940 1415 3031 ἢέπαιξεπρ
1417 2941 1448 3016 ὸς
1467 2938 1493 3006 τό

313 3044 365 3114 ἀπ’
393 3046 485 3116 αὐτου
507 3051 676 3136 εἰρημένον,
705 3048 757 3116 καί
784 3050 851 3115 δέον
874 3046 1005 3114 εἰπεῖν’
991 3045 1048 3114 απὸ
1070 3054 1123 3115 rot
1145 3053 1211 3128 νοῦ,
1235 3044 1355 3114 είπεν’
1341 3045 1393 3113 απ’
1420 3039 1490 3112 όνου.

313 3154 437 3218 addunt
458 3156 643 3218 scholiastae
665 3155 763 3218 luisse
786 3157 842 3238 qui
866 3156 899 3216 in
913 3154 1135 3236 Aristophanis
1150 3172 1247 3218 versu
1270 3149 1328 3218 ἀπὸ
1351 3157 1403 3216 νοῦ
1424 3153 1493 3214 scri-

313 3258 441 3320 berent.
494 3259 630 3321 Platonis
658 3258 758 3320 verba
786 3269 861 3322 sunt
889 3260 923 3320 in
944 3257 1034 3342 [libro
1063 3258 1172 3339 legum
1202 3259 1295 3322 tertio
1324 3277 1395 3339 pag.
1414 3256 1489 3318 tote.

313 3361 430 3440 legitur
453 3362 497 3423 ihi
521 3355 579 3424 ἀπό
601 3384 680 3432 τινος
702 3351 772 3424 ἀνου
793 3360 906 3438 πεσεῖν,
931 3361 989 3424 sed
1013 3364 1045 3423 in
1068 3363 1196 3443 optimis
1218 3362 1287 3424 fere
1309 3361 1401 3423 libris
1417 3358 1492 3420 Pari-

312 3464 383 3526 sino
397 3465 545 3526 Vaticano
560 3466 708 3526 Vossiano
731 3467 886 3545 seriptum
909 3475 957 3526 est
980 3457 1038 3528 ἀπό
1060 3487 1139 3536 τινος
1161 3467 1213 3529 νοῦ
1231 3463 1344 3528 πεσεῖν.
1391 3480 1490 3526 vemm

313 3568 407 3648 plane
437 3568 614 3648 requiritur
640 3565 765 3646 asinoe,
793 3566 935 3630 'alterum
963 3577 1018 3631 aut
1047 3569 1213 3651 errorjest
1240 3576 1296 3631 aut
1323 3565 1489 3640 alucinatin

312 3680 348 3733 ut
370 3671 519 3733 alucinati
542 3680 618 3734 sunt
645 3670 731 3734 haud
757 3669 854 3734 dubie
878 3672 1072 3753 interpretes
1094 3672 1246 3734 versiculi
1267 3668 1489 3752 Aristophanci.

312 3773 414 3836 David
436 3784 542 3836 autem
565 3775 695 3855 Peipers
718 3776 845 3836 cumin
869 3773 1110 3854 quaestionibus
1133 3775 1252 3836 criticis
1274 3793 1355 3856 quas
1378 3773 1417 3836 de
1432 3773 1491 3834 Pla·

313 3877 395 3938 tonis
425 3877 550 3958 legibus
576 3876 819 3958 diligentissime
848 3879 977 3959 scripsit
1005 3897 1079 3959 pag.
1102 3877 1142 3942 27
1173 3879 1296 3959 putavit
1318 3877 1491 3958 Aristopha·
1572 3949 1573 3952 Ἴ

313 3998 385 4041 nem
408 3980 615 4060 ambiguitate
637 3980 809 4043 verborum
831 3979 939 4061 lepide
962 3981 1087 4060 lusisse,
1119 3981 1279 4044 Platonem
1303 3999 1379 4042 vero
1402 3977 1491 4042 ambi·
1572 4039 1573 4063 η

313 4085 465 4161 gnitatem
494 4103 531 4146 eo
560 4086 696 4146 evitasse
727 4094 763 4146 ut
790 4083 947 4146 scriberet
976 4086 1096 4147 inserto
1117 4085 1310 4167 [pronomine
1339 4077 1397 4147 ἀπό
1425 4103 1490 4148 τινος
1574 4071 1575 4076 ¹

312 4177 400 4264 ἀνυυ,
431 4186 523 4250 nohis
553 4186 685 4268 quidem
712 4187 842 4250 videtur
866 4186 1014 4269 ‚lepidum
1044 4188 1193 4250 habuisse
1221 4187 1309 4268 quod
1332 4186 1423 4250 valde
1448 4187 1491 4246 in-

312 4298 421 4368 eptum
444 4298 503 4352 est.
551 4291 727 4352 rectissime
757 4293 842 4354 enim
866 4290 1063 4354 Godolredus
1085 4292 1284 4354 llermannus
1315 4292 1407 4354 istam
1433 4307 1491 4350 am-

312 4389 498 4472 biguitatem
528 4413 546 4455 a
575 4392 745 4474 proverbio
775 4394 910 4456 alienam
940 4414 1010 4457 esse
1041 4393 1204 4458 iudicavit.
1256 4405 1305 4456 est
1332 4405 1434 4458 autem
1460 4408 1489 4451 eo

312 4495 411 4575 magis
439 4496 543 4559 aliena
571 4515 634 4578 quo
663 4494 841 4560 mirabilius
870 4495 1032 4561 diceretur
1068 4491 1126 4561 ἀπὸ
1155 4499 1208 4562 νοῦ
1236 4495 1364 4561 πίπτειν.
1416 4489 1487 4576 quod
