3186 5108
313 369 383 440 150
605 383 694 444 lenas
716 401 883 445 nscrrosva
905 401 1086 445 tasrrrrava
1105 383 1199 443 lasa.

306 575 424 636 ilarius
440 573 619 635 victorinus
633 590 668 634 ttt
685 572 724 634 tt
747 571 863 650 adfert,
890 584 976 634 recte
997 573 1146 636 restituit.
1187 571 1270 634 liber
1284 573 1488 635 Bruxeliensis

308 677 429 758 pariter
450 686 547 757 atque
570 674 671 738 codex
692 675 863 738 Vossianus
885 685 918 738 et
939 676 1085 758 inpressa
1112 695 1175 738 non
1198 675 1285 740 nulla
1307 675 1487 758 exemplaria

307 779 427 860 duplex
449 789 573 842 tantum
598 778 756 842 Tltolorrro
777 776 906 857 babent,
932 777 1018 860 qnod
1040 777 1141 842 Aldus
1163 781 1280 842 onaisit.

394 883 438 944 lle
461 883 573 963 quinto
595 882 748 958 carmine,
779 881 866 963 quod
894 881 985 944 loeda
1009 881 1207 945 obscenitate
1236 882 1397 964 displicet,
1424 881 1490 942 bre-

307 988 392 1048 viter
406 983 561 1048 dicemus.
609 983 829 1066 recipiendum
853 996 924 1048 erat
945 1005 985 1048 ex
1007 985 1090 1047 libro
1112 986 1311 1049 Bnuellensi
1334 1005 1366 1048 v.
1387 987 1423 1046 to
1445 1003 1491 1047 seu
1583 1065 1584 1070 ἵ

304 1089 394 1172 sorte
415 1089 560 1152 dicontur·
581 1097 646 1166 toro,
672 1107 735 1170 quo
757 1088 837 1150 lacto
852 1089 952 1151 oratio
974 1089 1090 1152 melius
1111 1090 1258 1152 cohaeret
1280 1109 1378 1170 quam
1399 1090 1425 1151 si
1446 1107 1491 1149 re-
1583 1073 1584 1084 ¹

308 1194 429 1256 tinotur
454 1193 511 1255 sed
532 1192 618 1273 quod
642 1193 765 1274 reliqua
795 1193 990 1273 exemplaria
1020 1191 1150 1256 habent.
1198 1191 1315 1256 deinde
1338 1212 1369 1254 v.
1390 1193 1428 1254 tt
1450 1193 1492 1252 ir-

306 1316 400 1378 ruper
429 1296 649 1378 praebuerunt
677 1294 753 1356 libri
783 1295 1002 1358 Bruxeliensis
1031 1305 1063 1358 et
1085 1296 1265 1360 Vossianus.
1319 1305 1387 1359 tum
1409 1315 1439 1356 v.
1456 1295 1490 1358 ii

199 1391 202 1398 ’
304 1400 478 1482 meumque
497 1405 625 1482 propter
650 1397 790 1480 Thybrim
821 1400 854 1460 in
876 1399 1077 1462 Bruxellensi
1107 1417 1233 1481 quoque
1264 1399 1346 1461 libro
1372 1399 1490 1480 legitur,

308 1503 369 1566 nisi
392 1501 479 1584 quod
500 1502 616 1564 lrcbrim
639 1503 792 1582 seriptum
817 1511 875 1564 est.
922 1501 981 1564 sed
1005 1503 1037 1564 in
1059 1503 1130 1564 aliis
1153 1503 1301 1566 versibus
1322 1504 1492 1566 coniectura

308 1605 462 1669 utendum
491 1615 571 1668 eret.
617 1625 654 1668 ac
685 1607 823 1686 primum
852 1603 984 1686 quidem
1014 1605 1211 1668 mirabamur
1233 1625 1264 1668 v.
1292 1609 1330 1668 ts
1359 1616 1423 1668 tarn
1444 1604 1492 1666 diu
1584 1687 1585 1696 ἵ

307 1710 439 1772 tolerata
454 1729 524 1773 esso
540 1710 654 1791 pulcro
670 1710 807 1790 Gottytrir.
839 1708 992 1772 videntur
1008 1711 1215 1790 interpretes,
1241 1719 1276 1772 ut
1294 1727 1390 1791 saepe
1410 1709 1491 1784 elias,
1584 1715 1585 1718 ’

309 1813 429 1877 ironiae
458 1811 638 1894 perfugium
666 1813 875 1894 quaesivisse.
922 1830 1035 1876 verum
1066 1811 1220 1876 eiusmodi
1251 1813 1493 1876 dissimulatione
1584 1831 1585 1834 ¹

308 1927 480 1980 enervatur
513 1915 710 1980 acerbissimi
744 1916 894 1978 carminis
928 1917 1139 1997 protervitas,
1179 1935 1286 1998 neque
1319 1914 1495 1978 dubitamus

281 2020 387 2102 oquin
421 2030 513 2101 pocta
544 2020 677 2102 Cotyttia
703 2037 779 2081 vero
813 2029 845 2081 et
878 2021 1006 2101 proprio
1035 2019 1187 2083 vocabulo
1221 2007 1347 2082 dixerit¹
1381 2039 1493 2082 savam.

308 2123 427 2186 deinde
457 2123 543 2203 quod
566 2143 597 2184 v.
616 2125 657 2186 29
688 2123 806 2203 legitur
834 2123 977 2186 saltuosis
1006 2124 1094 2205 apum
1129 2125 1224 2205 plane
1259 2125 1402 2204 ineptum
1434 2131 1492 2184 est:
1585 2169 1586 2182 .

308 2237 400 2308 poeta
421 2227 589 2308 scripsisse
612 2235 715 2308 potest
736 2227 880 2290 solivort's
907 2245 1018 2290 treus.
1066 2229 1195 2308 gravius
1217 2228 1312 2290 etiam
1335 2235 1496 2307 corruptus
1585 2203 1586 2254 l

309 2341 358 2394 ost
380 2350 411 2392 v.
430 2331 484 2410 at,
512 2330 568 2411 qui
591 2332 625 2392 in
646 2328 773 2392 Aldinis
796 2329 1034 2410 exemplaribus
1056 2333 1103 2394 sic
1124 2332 1263 2412 scriptus
1286 2341 1335 2392 est
1356 2349 1428 2392 cum
1449 2348 1496 2391 se-

307 2443 438 2515 quente,
470 2452 524 2496 sec
551 2433 622 2496 deire
644 2451 765 2496 movere
786 2431 903 2496 lumbos
930 2435 1118 2497 inrotatum
1142 2435 1266 2498 Prmrir
1296 2433 1400 2496 videbo
1420 2433 1497 2494 olto-

309 2536 405 2616 rr'bur,
431 2537 465 2600 in
481 2536 681 2600 bruxellensi
706 2537 759 2615 ita,
784 2554 840 2600 noc
854 2535 962 2600 deiude
984 2545 1011 2600 tc
1033 2555 1153 2601 movere
1175 2537 1291 2602 lumbos
1314 2539 1347 2600 ie
1368 2535 1497 2599 rotulum

310 2640 434 2706 acute
449 2639 554 2702 videbo
568 2639 732 2703 seems.
772 2640 932 2722 Scaligero
955 2641 1007 2702 bic
1026 2643 1202 2706 crocotulae
1223 2651 1333 2722 aptum
1355 2659 1430 2702 sane
1445 2657 1497 2700 vo-

307 2743 457 2808 cabulum
480 2743 578 2806 latere
596 2743 698 2807 visum
715 2753 774 2822 est,
799 2742 858 2806 sed
872 2762 955 2824 quae
977 2753 1144 2825 praeterea
1162 2747 1288 2808 molitus
1303 2753 1353 2808 ost
1374 2742 1496 2826 probari
1586 2779 1587 2788 ι

308 2865 372 2910 non
395 2855 538 2928 possunt.
586 2865 693 2928 neque
720 2847 820 2928 magis
840 2845 1042 2929 probandum
1066 2845 1126 2910 luit
1148 2847 1234 2929 quod
1256 2846 1498 2928 Oudendorpius
1586 2861 1587 2904 3

308 2949 514 3014 scribendum
545 2969 616 3012 osse
645 2951 778 3013 coniecit
806 2952 991 3033 placuitque
1015 2952 1183 3032 Wagnem,
1215 2971 1269 3016 coc
1292 2951 1363 3014 derit
1384 2965 1498 3012 movere

308 3053 424 3118 lumbos
454 3055 486 3115 ic
514 3054 684 3116 crocotula:
718 3053 908 3118 incredibile
932 3066 982 3119 est
1010 3056 1096 3118 enim
1123 3065 1247 3136 poetam
1270 3054 1444 3136 spondeum
1468 3054 1497 3114 in

309 3167 456 3241 quartum
475 3176 587 3220 versus
606 3156 723 3238 perlem
738 3157 916 3238 admisisse,
938 3178 1045 3240 neque
1061 3161 1094 3222 in
1110 3177 1216 3241 nuper
1231 3159 1327 3222 editis
1343 3157 1498 3237 exemple-

310 3260 399 3324 ribus
423 3261 502 3324 illud
526 3270 685 3324 retentum
706 3272 754 3325 est
777 3263 918 3342 coneilio,
943 3262 1001 3326 sed
1024 3279 1100 3326 casu
1123 3271 1155 3325 et
1177 3264 1285 3326 nescio
1306 3280 1369 3342 qua
1391 3261 1498 3341 neglc-

309 3365 431 3447 gentia3
458 3365 661 3429 volueramus
676 3365 762 3428 enim
777 3365 1018 3430 Bruxellensem
1035 3365 1153 3430 librum
1173 3368 1265 3448 sequi
1283 3373 1317 3428 et
1332 3365 1497 3447 depravato

309 3468 466 3531 versiculo
487 3468 556 3530 vitii
580 3477 685 3532 notam
701 3467 833 3532 addere.
874 3489 947 3532 nam
970 3469 1168 3551 probabilem
1185 3470 1336 3533 carminis
1352 3467 1499 3531 emenda·

309 3573 426 3636 tionem
451 3571 630 3651 excogitare
654 3571 769 3636 trustra
791 3571 989 3652 studuimus,
1021 3592 1128 3655 neque
1156 3574 1275 3636 incerta
1291 3571 1498 3635 comminisci-

309 3694 392 3754 mur,
411 3673 469 3738 sed
487 3675 555 3737 veri
573 3675 847 3757 investigationem
864 3675 1059 3740 acutioribus
1078 3678 1217 3758 ingeniis
1232 3676 1492 3754 oommittimus.’l

395 3779 484 3841 Sexti
508 3778 658 3840 carminis
680 3782 856 3844 versiculos
882 3779 958 3844 inde
980 3799 998 3842 a
1021 3781 1133 3862 quinto
1163 3801 1222 3844 sex
1250 3781 1294 3844 ita
1318 3776 1498 3844 scribendos

310 3903 379 3946 esse
403 3881 667 3960 existimavimus,

440 4005 499 4047 nort
521 4003 572 4068 epo
595 3992 663 4047 turc
686 3985 771 4048 modo
793 3993 848 4048 aot
869 3987 954 4068 picto
976 3993 1030 4050 luo
1052 3987 1165 4070 templo
1186 3987 1299 4052 mma

516 4087 631 4150 ornabo
653 4095 681 4151 ct
699 4091 791 4172 puris
813 4097 898 4152 sarto
916 4089 1019 4172 sorum
1041 4089 1201 4166 mucidum

440 4193 581 4276 aornim
602 4191 686 4256 laec
708 4192 792 4254 ories
814 4191 949 4269 humilis,
981 4193 1035 4256 scd
1058 4195 1199 4258 mom-imo
1220 4201 1331 4257 loures

313 4351 516 4359 ——.-—-—

381 4447 406 4514 *t
430 4453 527 4516 [lldtdrt
547 4451 678 4515 lloopttur
696 4463 730 4502 ac
750 4449 876 4502 littteclrtt
894 4455 1043 4503 contectura
1066 4465 1118 4504 nec
1141 4453 1166 4503 te
1186 4420 1296 4504 movere
1320 4447 1449 4503 lumbolos
1472 4449 1497 4496 tn

311 4535 430 4604 cattum]
