3204 5104
396 369 674 452 laosrpucrtosru
696 387 875 432 ιιιτιιιιιιι
894 370 987 431 4868.
1210 353 1285 432 393

103 575 178 637 quae
198 567 353 620 secuntur
375 559 449 620 αιλα
471 555 641 641 καιομένοις
663 550 721 642 reip
744 558 852 640 inopte
876 559 973 622 mixta
988 569 1063 624 sunt
1078 575 1118 620 ex
1139 571 1287 624 veterum

103 658 248 722 librorum
278 660 398 741 aliquot
429 659 543 722 littoris
565 677 607 722 ne
630 660 782 723 adcurate
805 661 936 742 quidem
959 663 1106 743 repet-itis
1128 671 1161 724 ct
1182 659 1287 726 falsis-

102 763 173 824 sima
195 763 346 844 opinione
362 762 500 841 delenit,
525 761 613 844 apud
635 779 731 844 quara
752 765 859 826 statim
881 773 953 845 post
974 761 1118 848 ίμμανιος
1141 769 1287 847 sequitur

103 865 174 927 illud
201 863 374 948 europiam<
405 859 475 950 νάμ.
532 862 703 928 Accursius
735 868 864 948 scripsit
898 863 1287 932 ΕΝΠΕΑΙΟΙΣΙΜΙ-

104 964 778 1032 ΜΑΝΤΟΣΑΙΕΟΜΕΝΟΑΡΗΟΣ.
832 969 939 1052 quibus
969 971 1063 1033 lectu.
1117 973 1287 1036 Vaticanus

102 1069 178 1132 liber
214 1073 293 1135 baec
324 1071 461 1154 praebet
497 1066 1286 1138 GNUGAlOlClMMANTOCAlACOMG-

103 1171 261 1236 ΝΟΚΑΡ
284 1174 338 1238 llcc
351 1173 461 1257 quibus
475 1175 570 1236 lectis.
609 1172 742 1255 adparet
758 1175 894 1237 Graecas
908 1175 1030 1238 litteras
1056 1173 1179 1257 HOC,
1206 1195 1285 1259 quas

101 1274 245 1340 Gelenius
267 1278 390 1356 omisit,
421 1276 545 1339 habitas
567 1293 638 1339 esse
658 1295 718 1358 pro
740 1278 848 1338 latino
870 1280 1074 1358 pronomine,
1106 1279 1191 1360 quod
1214 1299 1286 1344 ora-

100 1379 212 1442 tionem
242 1377 368 1443 turbat:
405 1390 491 1442 recte
522 1380 582 1442 lias
609 1381 732 1442 litteras
761 1381 990 1461 interpretatus
1023 1392 1073 1445 cst
1099 1381 1282 1447 decursius.

99 1479 179 1544 idem
201 1493 309 1545 nutem
324 1483 503 1545 versiculus
524 1485 683 1564 repetitur
703 1499 770 1544 xxxi
788 1483 826 1544 ll
843 1485 874 1561 8,
900 1484 978 1546 illud
997 1493 1099 1548 omem
1117 1489 1287 1567 procurlri

98 1603 153 1646 uou
175 1590 330 1662 contrane,
354 1585 433 1668 prael
454 1605 522 1648 αιιιιι
544 1587 668 1648 oraculo
689 1585 835 1666 tripodis,
861 1603 948 1667 οιιαιιι
968 1589 1099 1650 maiore
1119 1591 1286 1653 Patrr'cium

96 1685 248 1750 mouimus
264 1696 292 1751 et
306 1689 478 1764 Hilarium,
504 1697 566 1751 tres
581 1705 690 1751 veruca
705 1688 774 1750 illos
785 1687 928 1770 satelliaco
943 1691 1137 1771 comperisset
1156 1711 1285 1774 quorum

97 1790 218 1853 alternus
240 1798 286 1853 est
307 1789 339 1852 ἐν
360 1789 490 1854 πεδίοισι
506 1787 661 1875 Μίμαντος
684 1793 757 1855 arla
778 1789 949 1874 καιομένοις
970 1786 1048 1878 κάρ,
1072 1793 1141 1870 ίιοο,
1166 1803 1201 1858 ut
1218 1806 1286 1859 erat

97 1883 360 1956 inconsummatus
375 1902 404 1956 et
417 1894 522 1972 rudis,
547 1897 627 1957 iuter
642 1895 730 1957 initia
748 1893 962 1957 contemnebat.
1002 1895 1054 1957 hic
1069 1915 1196 1977 quoque
1212 1909 1325 1979 posteo

96 1997 227 2058 Graecas
251 1996 373 2058 litteras
395 1996 449 2058 loa
470 1998 628 2077 sequitur.
675 2007 706 2058 et
728 1997 780 2058 hic
803 1996 933 2077 quidem
956 2016 1021 2058 non
1043 1999 1276 2063 incommodum

96 2110 140 2162 est
162 2115 353 2180 pronomen,
379 2100 594 2161 necessarium
618 2116 681 2160 uon
703 2109 766 2160 cst:
799 2100 1028 2179 coniungomus
1051 2101 1148 2181 igitur
1178 2101 1283 2166 ttoc

96 2202 316 2264 cumGraecis
346 2202 472 2264 litteris.
525 2219 581 2263 eae
611 2203 652 2262 ita
682 2203 819 2282 scriptae
848 2212 924 2265 sunt
948 2201 989 2264 ab
1011 2199 1178 2284 decursio,
1218 2202 1281 2268 ΕΝ

101 2301 362 2368 ΠΑΙΔΙΟΙΣΙ
403 2300 662 2367 ΜΙΜΑΝΤΟΣ
696 2300 1280 2372 ΑΙΑΛΙΛΑΙΟΜΕΝΟΙΟΑΡ.

94 2409 252 2489 conspirat
273 2425 405 2488 prorsus
427 2405 527 2469 codex
549 2407 728 2468 Vaticanus.
776 2407 838 2468 iam
861 2408 887 2468 si
910 2425 1119 2489 conparamus
1142 2411 1226 2471 inter
1248 2431 1283 2474 so

94 2529 173 2590 quae
203 2511 236 2571 in
265 2519 401 2590 utraque
430 2507 588 2570 Ammiani
617 2510 798 2570 narratione
828 2510 996 2572 Vaticanus
1023 2509 1107 2574 liber
1135 2511 1280 2595 praebet,

93 2612 223 2693 adparat
246 2611 452 2674 scribendum
475 2629 547 2673 esse

247 2713 279 2777 ἐν
300 2711 429 2778 πεδίοισι
451 2708 606 2796 Μίμαντος
625 2707 825 2771 'lrltouiuoto
839 2703 957 2775 ’listron

92 2819 175 2899 quod
205 2817 292 2899 apud
322 2815 492 2879 Hesiodum
522 2815 582 2898 Op.
607 2834 639 2876 v.
665 2816 722 2876 33ί
754 2815 872 2896 legitur
899 2817 943 2900 τῷ
966 2811 1003 2901 δή
1026 2839 1072 2880 τοι
1095 2815 1170 2890 Ζεὺς
1194 2815 1283 2892 αὐτὸς

92 2915 231 3004 ἀγαίεται
253 2920 394 2982 scholion
417 2920 450 2980 in
473 2919 685 3000 Etymologico
707 2937 739 2998 p.
759 2918 777 2977 5
804 2918 842 2978 ld
866 2920 908 2980 ita
932 2920 1085 3001 explicat,
1111 2919 1281 3005 βασκαίνει,

91 3017 259 3107 ὀργίζεται,
291 3023 448 3107 χολοῦται.
500 3039 606 3102 noque
636 3019 809 3083 abhorrent
837 3040 919 3102 quae
948 3021 1131 3086 Eustatlrius
1159 3045 1192 3106 p.
1219 3027 1282 3088 ili

92 3128 160 3188 llas.
193 3125 234 3188 ad
257 3125 318 3188 Od.
344 3149 362 3188 o
386 3125 425 3185 ld
452 3121 636 3204 adscripsit,
668 3117 701 3186 τὸ
726 3119 759 3184 δὲ
788 3117 952 3206 ἀγαίεσθαί
980 3148 1071 3209 φασιν
1101 3125 1129 3190 ol
1157 3125 1283 3193 παλαιοί

90 3226 155 3314 τρία
178 3225 354 3313 σημαίνειν,
385 3221 418 3290 τὸ
445 3220 631 3309 θαυμάζειν,
661 3220 694 3288 τὸ
717 3223 857 3310 φθονεῖν,
887 3221 920 3289 τὸ
944 3227 1059 3309 μισεῖν,
1092 3229 1281 3310 quibuscum

91 3330 283 3394 conterenda
311 3339 360 3392 est
388 3326 551 3411 appendix
579 3328 783 3409 Etymologiai
806 3328 943 3391 Gudiaui
972 3351 1004 3412 p.
1032 3333 1092 3394 ott
1119 3334 1169 3395 42.
1218 3336 1283 3396 ira-

88 3435 208 3497 scentis
223 3434 276 3496 vel
291 3435 387 3495 etiam
403 3429 578 3495 invidentis
593 3431 717 3494 Valenti
734 3433 840 3492 llartis
859 3433 1046 3512 significatio
1062 3437 1138 3498 satis
1152 3435 1283 3500 videtur

91 3557 161 3600 esse
185 3547 270 3618 apta.

175 3639 270 3702 Libro
292 3657 347 3700 xxx
371 3639 384 3698 ί
414 3637 453 3698 tt
476 3635 517 3698 de
541 3638 636 3715 Para,
667 3634 891 3700 Armeniorum
914 3658 1006 3720 roge,
1033 3642 1111 3703 haec
1132 3641 1283 3706 scribun-

88 3753 156 3822 tur,
182 3742 313 3822 dumque
334 3740 367 3802 ίιιΙ
379 3747 542 3802 veratrum
557 3739 758 3821 opperiuntur
773 3740 824 3801 ille
838 3759 930 3823 raquo
949 3743 1107 3806 incolumis
1123 3747 1281 3809 restitutus

88 3854 200 3908 etcum
214 3843 326 3928 qaudio
345 3843 543 3924 popularium
558 3860 673 3905 summo
689 3849 846 3923 campus
869 3847 901 3906 ιἰι
915 3844 975 3925 fide
990 3849 1103 3909 mauu't
1118 3847 1279 3926 inmobiles,

88 3949 214 4010 iniuriis
248 3964 325 4028 quaa
354 3945 529 4026 pertulerat
560 3943 696 4006 omuibus
729 3945 922 4008 decussatis.
980 3946 1111 4010 Gelenio
1145 3949 1283 4013 debetur

87 4053 238 4132 dumque:
262 4047 347 4129 quod
369 4045 539 4110 Acaursius
560 4046 657 4109 habet
678 4047 857 4129 tandemque
878 4059 926 4111 est
948 4052 1043 4112 etiam
1067 4051 1100 4112 in
1123 4051 1205 4114 libro
1220 4054 1283 4115 Va-

87 4156 203 4216 ticano.
256 4150 421 4232 praecedit
448 4148 666 4231 empectobcat,
703 4168 743 4212 ex
778 4152 869 4213 cuius
895 4151 989 4214 verbi
1019 4152 1129 4216 ultima
1160 4154 1281 4236 syllaba

87 4275 180 4318 error
196 4264 283 4317 ortus
300 4262 357 4315 est.
404 4252 522 4315 deinde
545 4255 578 4315 ιἰι
596 4253 656 4333 fide
671 4254 785 4315 mansit
798 4251 956 4316 immobilis
977 4272 1039 4316 non
1056 4255 1177 4318 habent
1191 4256 1278 4337 libri,

86 4359 143 4422 sed
169 4357 363 4440 fideraudiue
390 4357 543 4418 mausueti
569 4355 696 4418 arabilis.
750 4356 825 4417 hinc
853 4356 904 4418 vel
935 4375 975 4418 ex
1004 4358 1099 4420 simili
1122 4361 1281 4440 scriptura

86 4462 240 4524 Gelenius
256 4458 330 4522 lecit
346 4459 378 4520 iu
394 4457 496 4520 eadem
509 4457 582 4538 fidei
603 4457 781 4522 certitudine
799 4461 913 4522 maurit
934 4460 1103 4525 immobiles.
1152 4465 1280 4544 egregia
