3240 5094
289 469 293 477 Ι
406 387 497 448 lanan
519 403 685 448 srcrrcntx
707 404 891 447 ιιιιιιιιιιιιιι
910 387 1002 447 tata.
1229 373 1300 445 461

109 585 324 658 spedatomm
353 575 468 654 animi,
505 593 583 655 quos
613 583 778 655 poetarum
811 571 911 636 verba
938 593 1001 636 non
1030 574 1201 639 admodum
1228 595 1306 638 con-

110 689 242 742 movent
270 697 377 760 neque
408 678 498 758 quasi
527 675 707 774 abripiunt,
739 695 848 738 eorum
877 695 959 757 quae
989 679 1022 738 in
1051 697 1165 742 sensus
1188 677 1306 742 cadunt

108 783 280 844 artificiosa
304 782 479 842 imitatione
495 781 672 860 capiantur.
711 778 789 841 alios
811 798 846 841 se
870 779 970 860 poetis
993 781 1146 844 scaenicis
1167 781 1306 862 praebe-

108 886 188 948 bant
211 884 424 947 Athenienses
446 892 542 964 atque
564 891 627 944 tam
651 881 765 944 ellicax
790 893 859 944 erat
881 891 1046 963 poetarum
1067 885 1167 946 oratio
1189 903 1226 945 ac
1248 903 1306 946 ve-

109 989 168 1050 luti
193 985 348 1068 regnabat
369 996 405 1048 ut
427 987 522 1066 plane
546 985 574 1046 ei
591 995 742 1066 parerent
758 995 950 1066 spectatores
965 983 1201 1067 crederentque
1224 1005 1305 1068 quae

109 1091 174 1153 diei
199 1089 374 1152 audiebant
397 1089 521 1150 etiamsi
547 1087 712 1169 adparatui
736 1088 834 1150 multa
862 1087 903 1150 ad
926 1089 1071 1150 veritatis
1099 1089 1305 1151 imitationem

109 1193 274 1256 deessent.
323 1191 496 1254 credebant
518 1189 732 1252 Athenienses
759 1199 882 1252 noctem
912 1209 983 1254 esse
1010 1209 1081 1254 cum
1111 1192 1143 1252 in
1167 1190 1305 1254 Nubium

109 1298 204 1358 initio
221 1294 438 1376 Strepsiadem
462 1293 502 1356 de
525 1295 625 1354 noctis
647 1291 845 1373 longitudine
861 1303 1110 1374 conquerentem
1133 1295 1306 1376 etreliqua

108 1419 193 1480 quae
219 1398 263 1461 ibi
286 1397 427 1479 loquitur
449 1396 664 1478 proferentem
688 1394 877 1476 audiebant,
910 1407 941 1458 et
962 1405 1069 1458 minen
1092 1405 1191 1459 totum
1214 1398 1307 1460 thea-

109 1512 199 1566 trum
213 1501 309 1564 Attici
332 1501 407 1562 solis
430 1497 600 1581 splendore
616 1497 876 1562 inluminabatur.
924 1500 1031 1562 missis
1052 1500 1151 1581 igitur
1172 1517 1305 1563 scaenm

110 1613 253 1668 mutatae
287 1614 320 1666 et
352 1604 597 1684 eccyolematum
630 1601 842 1682 perlectorum
876 1602 1058 1666 aulaeorum
1094 1602 1146 1664 hie
1172 1602 1305 1683 quidem

109 1709 194 1772 nihil
218 1706 392 1789 profuturis
413 1705 557 1768 artificiis
578 1701 782 1767 statuendum
805 1715 854 1766 est
871 1702 1119 1786 ‘Aristophanem
1141 1723 1159 1766 a
1181 1715 1307 1786 specta-

109 1809 237 1873 toribus
266 1809 442 1891 postulasse
473 1817 508 1870 ut
537 1807 707 1870 crederent
735 1825 769 1868 se
793 1825 876 1887 quae
904 1808 971 1870 ruri
1001 1807 1116 1870 tierent
1137 1806 1250 1871 audire
1273 1817 1306 1870 et

109 1913 243 1994 videre,
274 1914 352 1976 setis
380 1911 531 1976 admoniti
563 1911 616 1971 illo
638 1909 724 1989 quod
746 1910 944 1990 Dicaeopolis
972 1910 1051 1972 dicit
1078 1909 1157 1996 ἕκτῳ
1184 1904 1212 1974 c’
1244 1907 1307 1974 ἔτει

108 2017 273 2102 προσεῖπον
294 2015 326 2087 ἐς
347 2010 398 2078 τὸν
421 2015 516 2098 δῆμον
539 2007 638 2076 libolo
658 2003 803 2095 ἄσμενος,
828 2015 1013 2094 pariterque
1028 2024 1064 2076 ut
1079 2033 1152 2076 mcx
1174 2016 1208 2076 in
1223 2012 1305 2078 urbe

109 2139 144 2184 se
179 2138 252 2184 esse
285 2117 456 2182 crederent
488 2135 593 2196 neque
626 2117 721 2178 anxie
755 2118 860 2178 omnia
894 2117 979 2180 inter
1011 2136 1045 2180 se
1079 2127 1301 2199 conpararent.

109 2221 249 2286 eaodem
281 2221 503 2286 credulitatem
536 2217 765 2300 Aristophanes
798 2220 926 2300 saepius
958 2221 1145 2301 postulavit,
1183 2229 1215 2282 et
1248 2239 1304 2282 suo

109 2325 245 2406 quidem
268 2326 355 2401 iure,
389 2323 421 2388 id
445 2333 492 2388 est
514 2341 661 2386 concessa
684 2322 833 2402 antiquae
856 2324 916 2384 arti
940 2321 1100 2385 libertate.
1147 2323 1248 2385 veluti
1271 2323 1304 2383 in

108 2429 191 2510 ipsis
205 2425 466 2490 Acharnensibus
487 2437 666 2507 temporum
691 2426 769 2487 ratio
792 2443 917 2488 omnem
940 2424 1021 2486 fallit
1035 2427 1301 2506 conputationem.

108 2542 143 2594 ιιι
166 2532 229 2594 hoc
243 2539 366 2592 tantum
382 2547 669 2607 conmemcremus,
688 2516 905 2608 Amphitheus¹
922 2529 1065 2609 Spartam
1082 2527 1329 2609 proficiscunt

108 2653 224 2717 pacem
247 2635 325 2698 emit
339 2633 545 2714 Athenasque
561 2629 646 2694 redit
661 2630 738 2694 dum
754 2649 867 2693 versus
888 2632 1099 2713 quadraginta
1115 2632 1301 2694 recitantur.

109 2756 208 2818 quam
242 2736 390 2800 dedimus
420 2735 582 2798 scaenicae
610 2733 864 2796 Acharnensium
898 2735 1029 2796 rationis
1063 2735 1304 2814 explicationem

110 2840 190 2904 inde
211 2859 230 2902 a
245 2839 354 2902 multis
368 2840 461 2900 annis
480 2839 512 2900 in
529 2839 644 2900 sobolis
660 2839 777 2900 nostris
793 2839 1015 2918 exposuimus,
1041 2837 1175 2899 eandem
1198 2846 1304 2899 autem

109 2943 283 3008 adsecutus
314 2952 363 3005 est
391 2940 614 3004 Woldemarus
642 2939 850 3002 llihhecltius.
904 2939 1018 3021 quodsi
1047 2949 1155 3002 tamen
1185 2939 1306 3003 luerint

110 3048 166 3127 qui
192 3043 335 3107 noviciae
348 3043 586 3108 consuetudini
614 3041 738 3106 adsueti
765 3044 987 3123 noviciamque
1010 3044 1102 3104 istam
1126 3043 1305 3104 illusionem

109 3157 306 3230 quaerentes
321 3148 471 3228 antiquae
486 3146 666 3209 comoediae
681 3145 862 3208 libertatem
877 3144 1072 3226 adgnoscere
1095 3146 1214 3224 nolint,
1239 3145 1306 3206 ior-

110 3262 197 3314 tasse
226 3268 289 3312 ncn
318 3249 455 3330 amplius
480 3248 652 3312 adsensum
680 3247 876 3312 cohibebunt
898 3249 925 3310 si
949 3267 989 3310 ex
1011 3248 1171 3310 comoedia
1192 3259 1304 3330 poetae

109 3353 248 3436 insignis
263 3354 319 3434 qui
334 3363 407 3417 ante
419 3351 482 3415 duo
498 3351 624 3414 saecula
636 3352 715 3412 vixit
732 3350 876 3420 eirudem
892 3350 1050 3414 libertatis
1063 3351 1305 3431 postulataeque

108 3475 126 3519 a
148 3454 384 3538 spectatoribus
413 3453 612 3518 credulitatis
639 3453 819 3534 exemplum
842 3454 1053 3516 attulerimus.
1101 3451 1234 3516 llolierii
1257 3463 1306 3518 cst

109 3557 272 3637 exodium,
290 3567 395 3622 actum
410 3559 549 3639 primum
565 3575 647 3619 anno
663 3575 812 3636 nnccxxrr,
831 3559 877 3620 Lu
891 3565 1035 3620 comtesse
1046 3555 1301 3639 d'Escorhnpncs.

110 3663 143 3725 in
169 3663 240 3724 eius
263 3660 368 3724 exodii
391 3678 503 3724 scaena
526 3659 650 3724 decime
672 3663 782 3740 quinta
804 3659 882 3722 baec
904 3659 1072 3740 dicuntur,
1097 3659 1251 3736 modom,
1271 3659 1306 3738 je

110 3768 198 3828 ciens
222 3783 297 3826 vous
319 3767 438 3828 coertir
460 3782 516 3845 que
539 3763 570 3826 lo
592 3763 721 3826 comoda
742 3781 815 3825 sera
829 3763 938 3826 hiroth
959 3769 1060 3845 ρνέιε,
1086 3771 1114 3824 et
1127 3781 1199 3844 que,
1225 3761 1305 3825 dona

110 3889 152 3932 on
170 3868 421 3950 qrrort-d’lteure,
445 3885 523 3928 nous
534 3884 673 3948 pcttvons
691 3865 897 3947 passernices
913 3867 945 3928 lo
959 3867 1045 3928 salle.
1085 3885 1148 3929 non
1164 3875 1306 3928 mutatur

110 3983 219 4035 autem
236 3981 345 4052 postea
359 3987 490 4046 scaena,
516 3967 574 4031 sed
596 3966 652 4031 ubi
676 3969 708 4030 in
733 3988 769 4030 eo
792 3979 840 4030 est
862 3979 898 4030 ut
915 3967 1075 4032 comoedia
1099 3969 1151 4030 illa
1174 3969 1306 4049 incipiat

111 4078 144 4138 in
168 4074 282 4140 eodem
304 4075 370 4136 loco
392 4074 426 4136 in
449 4091 511 4152 quo
533 4081 627 4135 antea
642 4073 747 4134 omnia
768 4081 837 4134 acta
859 4081 934 4134 sunt
956 4071 1068 4134 sedilia
1091 4071 1306 4152 disponuntur

110 4178 325 4258 adsidentque
348 4185 541 4256 spectatores
559 4176 722 4255 voluitque
737 4175 897 4238 llolierius
919 4173 1008 4237 credi
1031 4193 1086 4236 eos
1106 4175 1209 4236 locum
1232 4193 1306 4235 mu-

111 4293 207 4346 tasse.
260 4281 339 4344 scite
367 4279 406 4341 de
437 4279 496 4342 hac
526 4297 561 4340 re
590 4277 672 4340 dixit
701 4277 956 4358 elegantissimus
984 4275 1116 4339 llolierii
1145 4277 1305 4356 interpres

118 4385 268 4466 [Mulieres
281 4383 434 4463 locupleto
444 4381 599 4446 iihersetst
613 4399 669 4444 von
688 4379 773 4462 Wolf
778 4380 889 4464 μναῖαι
900 4380 1070 4442 Boudissirt
1086 4388 1109 4442 ι.
1121 4397 1155 4441 ιιι
1167 4399 1200 4460 p.
1212 4379 1300 4460 385).

197 4487 262 4552 Sed
285 4495 455 4566 antequem
477 4483 519 4548 de
542 4492 633 4565 parte
647 4481 903 4548 Acharnensium
919 4501 1001 4564 quae
1017 4483 1084 4546 ruri
1100 4483 1151 4563 agi
1174 4481 1306 4563 finghur
