3268 5108
333 387 383 460 20
449 402 546 464 Sacra
569 418 787 463 vstnmtrsrts
808 418 998 462 simmam
1021 403 1197 462 amiur
1218 399 1399 462 Gutum.

332 609 405 652 aeae
426 589 546 654 dedant
573 601 610 654 nt
638 590 679 652 ab
701 591 787 652 omni
815 590 1012 671 philosophia
1041 589 1236 653 abhorreant
1264 600 1297 652 et
1324 591 1421 654 simul
1450 589 1521 670 pnl-

332 695 564 757 cherrimarum
592 695 770 758 litterarum
800 703 1005 756 monumenta
1033 695 1226 774 generisque
1260 693 1390 756 humani
1424 692 1521 754 histo-

333 799 412 860 riam
441 796 619 879 despiciant
652 799 766 879 (coepit
793 808 899 860 autem
933 798 1067 878 gliscere
1101 798 1214 860 horum
1247 795 1425 858 studiorum
1460 813 1519 856 non

332 903 438 964 minus
471 920 566 982 quam
600 901 816 984 philosophiae
850 900 1038 984 lastidiuml,
1074 902 1107 962 in
1137 899 1381 980 diligentissima
1414 917 1520 960 rerum

331 1023 555 1086 corporearum
577 1015 611 1068 et
631 1003 873 1085 aspectabilium
895 1003 1108 1084 sensibusque
1138 1002 1418 1085 percipiendarum
1446 1021 1521 1082 per-

332 1109 540 1188 vestigatione
564 1119 668 1170 tamen
695 1108 824 1187 ingenia
846 1117 1044 1170 exarescant.
1092 1109 1199 1188 itaque
1227 1125 1270 1169 ne
1298 1105 1341 1168 ah
1370 1105 1420 1166 his
1449 1105 1521 1185 qui-
1624 1119 1625 1184 j

331 1211 403 1274 dem
427 1211 660 1274 florentissimis
681 1211 795 1272 aetatis
817 1220 944 1273 nostrae
966 1209 1120 1272 doctrinis
1142 1211 1236 1293 plane
1258 1209 1372 1272 abesse
1394 1206 1523 1270 videtur
1624 1243 1625 1248 κ

331 1315 416 1396 quod
447 1325 591 1378 revocata
619 1315 795 1396 superioris
822 1315 976 1395 temporis
997 1315 1150 1376 memoria
1180 1325 1319 1394 nequeat
1341 1311 1518 1376 emendari.

331 1439 404 1482 nam
434 1437 474 1482 ne
502 1417 544 1480 ad
577 1437 704 1481 errores
738 1418 807 1480 illos
841 1418 991 1498 illamque
1026 1417 1245 1490 immodestius
1278 1413 1521 1498 philosophandi

331 1523 491 1585 licentiam
513 1521 620 1584 adulta
650 1531 682 1582 et
705 1521 904 1583 corroborata
934 1521 1127 1583 naturalium
1150 1540 1259 1582 rerum
1281 1519 1387 1583 studia
1410 1536 1522 1580 rever-

288 1645 315 1693 tt
331 1637 438 1690 tantur
458 1625 636 1688 timendum
659 1625 790 1687 minime
806 1635 869 1700 est;
901 1623 980 1686 illud
1004 1625 1109 1705 potius
1130 1612 1316 1686 veren¹dum
1339 1642 1410 1686 csse
1433 1621 1522 1684 arbi-

331 1740 464 1810 tramur,
497 1748 538 1790 ne
569 1730 722 1791 iuvenum
750 1729 847 1792 animi
876 1725 1003 1790 assidua
1033 1727 1187 1790 metiendi
1215 1725 1415 1809 ponderandi
1446 1745 1522 1788 sen-

329 1852 487 1914 suumque
510 1833 741 1914 experimentis
764 1851 817 1893 res
838 1830 1073 1912 pertemptandi
1098 1831 1254 1894 industria
1277 1840 1310 1893 et
1332 1829 1521 1907 subtilitate,

330 1939 356 1998 si
381 1933 540 1999 laudabile
571 1934 711 1997 studium
735 1935 821 1996 nulla
845 1934 1055 1996 humanarum
1080 1955 1188 1997 rerum
1218 1952 1294 1996 cura
1323 1944 1354 1996 et
1383 1933 1524 1996 admira-

329 2040 414 2102 tione
436 2049 646 2121 temperetur,
679 2057 696 2100 a
720 2036 901 2100 liberaliore
924 2036 1104 2100 eruditione
1128 2039 1228 2118 magis
1250 2039 1415 2117 magisque
1443 2037 1524 2098 alie·
1572 2113 1575 2120 ι

329 2153 448 2206 nentur
470 2151 727 2222 extenuaturque
751 2151 845 2221 atque
869 2151 1036 2203 evanescat
1065 2141 1118 2203 illa
1143 2141 1323 2204 litterarum
1346 2140 1524 2202 communi-

329 2256 462 2327 tesqua
492 2245 616 2308 sublata
645 2245 798 2306 tolluntur
825 2245 1050 2306 universitates
1081 2245 1253 2307 litterariae
1283 2254 1332 2324 et,
1365 2253 1400 2306 ut
1430 2253 1523 2306 antea

329 2349 479 2429 diximus,
514 2350 551 2416 in
576 2349 774 2428 singularum
804 2349 920 2410 artium
950 2347 1072 2410 scholas
1102 2347 1330 2410 dissolvuntur.
1377 2345 1525 2428 disputa-

329 2452 434 2514 vimus
448 2463 555 2514 autem
571 2451 612 2514 de
631 2451 833 2533 physicarum
849 2449 1066 2514 doctrinarum
1088 2450 1204 2514 studiis
1225 2461 1394 2533 propterea
1417 2450 1524 2532 paullo

330 2555 462 2618 uberius
491 2565 526 2618 ut
547 2574 610 2617 uuo
633 2564 719 2617 certe
747 2555 905 2636 exemplo,
937 2556 1087 2634 quoniam
1116 2555 1221 2616 omnia
1248 2573 1312 2616 non
1341 2563 1526 2635 poteramus

330 2657 817 2740 persequi,*demonstraremus
846 2677 918 2720 oum
942 2658 1020 2738 ipsis
1042 2659 1105 2720 illis
1128 2677 1210 2739 quae
1233 2658 1303 2720 inre
1326 2656 1526 2720 admiramur
1624 2677 1625 2688 ¹

330 2762 508 2825 litterarum
539 2763 745 2826 incrementis
768 2763 933 2823 coniuncta
963 2781 1033 2825 esse
1062 2760 1218 2842 quaedam
1240 2780 1336 2824 verae
1367 2760 1526 2824 eruditio-
1624 2825 1625 2836 ,

330 2867 380 2928 nis
403 2864 644 2948 impedimenta,
670 2884 733 2927 non
750 2863 835 2945 quod
850 2873 1035 2946 putaremus
1058 2867 1091 2927 in
1107 2865 1241 2946 reliquis
1257 2863 1420 2943 doctrinis,
1448 2864 1525 2927 dum
1624 2857 1625 2864 '

330 2969 543 3050 particulatim
559 2969 663 3030 omnia
685 2987 749 3030 nou
772 2970 842 3031 sine
860 2970 986 3049 egregio
1002 2970 1190 3048 cognitionis
1212 2979 1244 3030 et
1266 2968 1419 3030 scientiae
1436 2988 1526 3030 emo-
1624 3001 1625 3004 ¹

329 3073 470 3134 lumento
492 3081 739 3154 pertractantur,
771 3073 925 3134 minorem
949 3090 1019 3134 esse
1050 3071 1228 3134 studiorum
1257 3091 1298 3132 ex
1327 3089 1437 3133 rerum
1470 3091 1526 3134 va-

330 3176 442 3239 rietate
466 3187 498 3238 ct
521 3174 724 3239 multitudine
754 3174 795 3236 ad
818 3175 919 3256 ipsius
941 3172 1104 3238 doctrinae
1135 3175 1298 3257 exemplar
1326 3174 1526 3238 revocando-
1624 3219 1625 3250 2

330 3297 400 3341 rum
424 3278 613 3360 liberalique
638 3278 817 3341 eruditione
840 3277 1120 3360 temperandorum
1143 3279 1376 3340 necessitatem.

415 3383 450 3444 ln
473 3385 520 3445 eis
543 3401 618 3446 vero
640 3381 817 3463 disciplinis
840 3380 958 3462 quihus
980 3382 1115 3444 iuvenes
1137 3379 1177 3443 ad
1200 3380 1425 3463 praestandam
1450 3383 1525 3446 olim

330 3484 518 3548 muneribus
542 3495 573 3548 et
595 3483 708 3548 olliciis
730 3494 785 3547 aut
808 3486 854 3546 rei
878 3484 1025 3566 publicae
1048 3485 1216 3552 utilitatem
1239 3495 1294 3548 aut
1315 3484 1448 3548 divinae
1473 3507 1527 3549 re-

329 3589 456 3668 ligionis
478 3589 671 3670 pietatisque
694 3589 934 3650 sanctimoniam
958 3589 1170 3651 instituuntur
1198 3588 1324 3652 liberali
1348 3589 1526 3652 eruditioni
1624 3601 1625 3606 ’

329 3691 370 3754 ab
391 3691 454 3754 alia
480 3703 572 3773 parte
603 3694 699 3754 etiam
729 3692 830 3754 maius
858 3710 953 3773 quam
981 3691 1023 3754 ab
1050 3701 1142 3754 aucta
1172 3695 1313 3774 ipsarum
1342 3693 1526 3758 litterarum
1624 3675 1625 3678 Ἴ

329 3795 482 3858 varietate
507 3805 539 3857 ct
553 3794 763 3877 amplitudine
785 3795 964 3876 periculum
980 3794 1109 3858 videtur
1131 3797 1309 3860 imminere.
1353 3816 1429 3860 nam
1454 3817 1527 3861 cum

329 3899 404 3960 olim
428 3901 460 3961 in
484 3898 534 3960 his
557 3917 683 3980 quoque
706 3897 887 3981 disciplinis
908 3917 1021 3979 magna
1044 3908 1128 3961 esset
1151 3909 1183 3960 et
1204 3900 1301 3964 nuhis
1323 3919 1428 3981 paene
1453 3903 1528 3964 vin-

330 4002 410 4064 culis
425 4003 553 4064 astricta
576 4002 765 4064 iuvenilium
787 4001 966 4065 studiorum
988 4001 1130 4081 libertas,
1155 4003 1189 4064 iu
1208 4021 1271 4083 qua
1293 4001 1445 4067 libertate
1468 4005 1528 4068 ob-

271 4095 279 4106 ’
330 4105 427 4168 tineri
457 4123 520 4168 non
550 4107 651 4186 potuit
682 4115 716 4168 ut
746 4124 798 4168 res
827 4107 1007 4167 necessario
1036 4104 1252 4168 addiscendae
1280 4117 1335 4169 aut
1364 4117 1455 4172 recte
1486 4109 1528 4172 ab

330 4206 479 4270 omnibus
508 4219 561 4271 aut
590 4229 646 4270 suo
677 4217 819 4290 tempore
849 4217 1079 4286 tractarentur,
1115 4220 1224 4291 postea
1257 4229 1321 4272 non
1351 4211 1527 4276 mediocris

330 4313 435 4374 extitit
458 4310 591 4374 lormido
620 4330 662 4374 no
684 4311 813 4392 publica
835 4311 955 4374 utilitas
983 4331 1095 4396 magna
1125 4311 1201 4376 inde
1230 4314 1390 4395 acciperet
1421 4315 1526 4381 detri-

330 4425 446 4478 menta.
494 4415 601 4496 itaquo
633 4416 665 4477 in
694 4414 853 4478 libertatis
876 4415 977 4478 locum
1000 4416 1164 4497 paullatim
1180 4417 1413 4483 ‘successerunt
1438 4422 1526 4503 leges

330 4527 361 4580 et
392 4527 559 4600 praecepto
589 4528 621 4580 et
650 4537 713 4598 quo
738 4519 860 4580 acriore
890 4537 999 4581 norma
1032 4517 1179 4582 discendi
1213 4521 1291 4583 ratio
1325 4521 1526 4604 dlrigeretur
